3567 5625
455 1047 463 1065 x
794 1006 857 1084 ιο.
884 1005 1092 1082 nuruum

559 1170 867 1286 lllltllcls
904 1170 1056 1285 llllllll
1091 1165 1239 1281 llllllll
1273 1166 1318 1279 v.

266 1394 317 1464 lle
344 1392 523 1464 harmonia
551 1393 803 1482 perfectissima
832 1400 986 1465 motuum
1014 1390 1216 1466 coelestium
1244 1397 1394 1482 ortuque
1423 1410 1468 1463 ex
1496 1390 1625 1462 iisdem

292 1525 591 1596 eccentricitatum
619 1524 1026 1615 semidiametrorumque
1053 1529 1089 1594 et
1117 1529 1309 1611 temporum
1327 1523 1597 1612 periodicorum.

266 1691 312 1751 Ad
342 1655 472 1752 normam
503 1690 652 1753 doctrinae
678 1695 890 1754 astronomicae
918 1691 1076 1752 hodiernae
1106 1690 1359 1752 emendatissimae
1380 1690 1629 1771 hypothesesque

266 1780 437 1857 Ceperuici,
472 1779 524 1841 s'ed
554 1789 583 1840 et
612 1780 761 1857 Tychonis
792 1781 916 1856 Brahei,
955 1798 1077 1857 quarum
1107 1779 1264 1839 alterutrae
1294 1778 1396 1855 hodie,
1430 1781 1630 1843 Ptolemaicia

549 1869 724 1945 antiquatis,
756 1878 788 1928 ut
810 1871 980 1929 verissimae
1002 1868 1119 1946 publice
1141 1868 1329 1944 recipiuntur.

662 2020 814 2083 Galenus
832 2022 866 2078 de
884 2037 936 2076 usn
954 2019 1072 2091 partium
1088 1981 1158 2074 libro
1175 2018 1224 2074 ΠΙ.

150 2157 156 2184 ι
261 2128 350 2209 ‘lepor
382 2130 512 2212 loyore'
498 2156 563 2211 aym,
597 2154 651 2192 sou
683 2127 983 2211 ὄημιουργησαπος
970 2156 1043 2209 nunc
1074 2125 1163 2204 ὕμνοι
1196 2125 1337 2205 ἀληθιιοι
1369 2133 1633 2206 mansuefiunt

268 2216 381 2294 ιομιζω,
404 2216 479 2281 τουτ’
505 2218 576 2280 εἶναι
597 2242 649 2297 την
672 2217 832 2297 εὖσιβιιαν,
865 2217 930 2299 οὐχι
953 2219 977 2281 εἰ
999 2241 1114 2296 rucuma
1143 2213 1304 2292 ἑκατομβας
1331 2213 1414 2293 uoto>
1441 2218 1634 2290 παμπολλας

267 2311 477 2382 καταθυσαιμι,
508 2331 556 2369 και
577 2329 615 2366 τα
638 2302 719 2369 ἄλλα
740 2331 829 2385 nuncu
854 2331 978 2386 μυρα
968 2313 1139 2381 luminemus
1167 2327 1215 2365 και
1238 2324 1354 2374 umorue·
1385 2300 1451 2366 ἀλλ’
1477 2303 1502 2366 εἰ
1529 2328 1637 2384 poena

266 2417 319 2470 μιν
341 2391 446 2465 αὐτος,
476 2392 576 2456 ἒπειτα
606 2399 639 2453 oc
668 2421 715 2457 και
736 2419 796 2464 τοις
818 2392 921 2464 ἀλλοις
951 2392 1150 2473 ἐξηγησαιμην,
1181 2388 1242 2461 οἶος
1271 2405 1337 2465 μιν·
1353 2388 1412 2452 s'on
1433 2415 1485 2468 την
1510 2414 1634 2469 nomam

267 2478 358 2550 οἱοςιι
380 2503 432 2559 ans
453 2487 583 2555 lovanio
611 2476 713 2552 ὃποιος
735 2489 767 2545 δι
787 2505 839 2560 την
860 2504 1054 2562 χρηστοτηια,
1082 2502 1116 2540 ιο
1138 2501 1192 2557 γαρ
1224 2500 1336 2553 somiein
1365 2474 1517 2538 ἑθιλειι
1499 2502 1633 2543 einana

265 2592 316 2632 ror
338 2566 522 2648 ἐνδιχομενον
544 2591 663 2645 sooner,
686 2593 732 2632 και
753 2576 851 2649 ancien
874 2575 997 2644 maiorem
1018 2589 1076 2628 rom
1097 2563 1234 2645 ἀγαθῶν,
1266 2588 1318 2642 της
1340 2567 1523 2644 seleucenum
1545 2592 1633 2647 χρη-

266 2677 403 2758 ornentur
424 2654 477 2734 ἐγω
493 2662 593 2736 διιγμα
609 2662 744 2732 simunt:
778 2682 825 2718 και
847 2679 939 2737 ταυτῃ
952 2678 1004 2730 μιν
1025 2678 1066 2723 ως
1080 2648 1229 2732 ἀγαθιις
1215 2649 1457 2732 nutrimentis),
1479 2677 1512 2715 το
1536 2653 1610 2716 δ”
1585 2682 1634 2728 ως

267 2740 304 2806 ἀν
325 2745 452 2820 namura
474 2749 638 2824 κοσμηθειη,
661 2767 719 2806 uun
741 2741 917 2823 ι’ξιυριιν,
899 2765 993 2821 ακρας
1014 2764 1129 2825 nominc
1152 2763 1186 2801 το
1202 2746 1233 2802 os
1249 2765 1295 2802 και
1319 2746 1425 2821 conone
1447 2739 1584 2804 ιιαιθΗ
1565 2767 1635 2806 ocra

688 2837 858 2914 nuceriano,
882 2840 1027 2906 ὄνταμιιιις
1049 2828 1203 2909 nocturno.

895 2954 926 3003 111
943 2960 991 3005 est:

268 3044 381 3103 Sacrum
404 3066 567 3117 sermonem,
592 3053 722 3123 hymnum
743 3053 803 3107 Deo
830 3051 970 3109 conditori
991 3052 1160 3109 verissimum
1181 3051 1285 3119 ordior,
1307 3052 1437 3122 pietatem
1460 3051 1532 3108 hanc
1561 3070 1637 3112 esse

266 3132 357 3194 ratus,
387 3144 442 3183 non
474 3137 505 3184 ut
538 3130 713 3187 hecatomben
744 3129 783 3185 illl
815 3137 956 3186 taurorum
985 3132 1115 3201 plurimas
1145 3131 1294 3200 immolem,
1332 3130 1469 3185 odores'
1461 3147 1637 3190 innumeros

268 3203 392 3259 adoleam
410 3209 570 3279 oleariam,
589 3211 637 3265 sed
655 3211 818 3279 ntprimum
836 3211 896 3280 ipse
915 3210 1029 3276 discam,
1053 3214 1161 3278 postet
1179 3210 1427 3277 eeterosdueeam‚
1454 3216 1636 3276 sequantur

268 3279 315 3335 ille
333 3282 368 3338 sit
386 3286 527 3356 sapientia,
547 3296 666 3357 quantus
684 3288 814 3357 potentia,
834 3299 862 3345 et
880 3288 970 3358 qualis
982 3288 1112 3344 bonitate
1138 3289 1216 3343 Velle
1228 3289 1298 3341 enim
1311 3288 1400 3341 omnia
1411 3294 1512 3355 quanto
1525 3300 1640 3354 posset

270 3369 368 3416 omutu
386 3362 524 3435 decorare,
542 3383 593 3422 nec
611 3367 660 3423 ulli
677 3368 750 3433 bona
769 3383 819 3421 sua
836 3366 964 3429 invidere,
982 3367 1010 3422 iu
1029 3383 1080 3437 ego
1092 3366 1221 3423 bonitatis
1241 3364 1518 3419 consummatissimae
1538 3364 1637 3422 doen.

182 3464 191 3473 ·
268 3450 388 3495 mentum
406 3451 514 3513 statuo,
540 3445 728 3514 hactenusque
752 3452 783 3500 ut
800 3445 900 3501 bonnm
918 3446 1040 3514 celebro;
1068 3445 1158 3500 omnia
1182 3460 1246 3497 nero
1264 3442 1395 3510 invenire,
1419 3441 1637 3513 quibusquam

269 3519 385 3575 maxime
403 3531 611 3594 exornarentur,
635 3525 862 3581 eminentissimae
880 3527 1043 3595 sapientiae,
1067 3525 1157 3579 omnia
1174 3522 1302 3592 (lemnae,
1324 3536 1395 3590 quae
1413 3528 1569 3593 statuerat,
1602 3527 1638 3584 in

631 3620 700 3673 opus
718 3607 879 3672 producere,
897 3606 1036 3676 potentiae
1054 3602 1253 3693 insuperabilis.

549 3755 635 3826 Cum
663 3756 709 3837 S„
726 3758 762 3828 C.
790 3757 831 3828 ll.
860 3757 1044 3845 Privilcgio
1071 3754 1117 3825 ad
1144 3772 1251 3824 annos
1277 3752 1344 3824 XV.

443 3936 545 3988 ernon
563 3940 734 3991 susumus.
771 3942 918 3993 Excndsbat
933 3941 1062 3991 Jolranncs
1078 3939 1199 4003 Plancus,
1217 3935 1442 3988 amolinum.

777 4270 1099 4356 l‘lltllllllllllll.

356 4443 443 4521 Quod
466 4457 534 4508 ante
556 4447 630 4510 duos
652 4459 683 4512 et
704 4453 806 4527 viginti
830 4469 938 4525 annos,
969 4454 1093 4529 primum
1115 4458 1203 4529 atque
1225 4450 1333 4527 figuras
1356 4450 1484 4525 quinque
1506 4448 1639 4515 solidas

270 4534 345 4591 inter
368 4535 453 4594 orbes
476 4535 618 4597 coelestes
640 4541 743 4615 reperi,
767 4557 830 4598 snm
845 4547 1016 4616 auguratus,
1042 4541 1120 4617 qnod
1143 4539 1261 4599 firmiter
1276 4538 1373 4596 animo
1394 4537 1527 4613 persuasi
1545 4555 1638 4617 meo,

268 4622 439 4697 priusquam
461 4623 623 4684 Ptolemaei
644 4625 824 4685 Harmonice
846 4626 996 4701 vidissem,
1020 4627 1099 4703 quod
1117 4626 1203 4687 titulo
1225 4626 1292 4686 libri
1314 4623 1401 4699 hujus
1424 4623 1519 4700 quinti
1542 4641 1639 4685 nun.

270 4715 386 4783 cupato,
410 4712 579 4789 priusquam
602 4712 638 4772 de
660 4731 691 4773 re
713 4716 778 4790 ipsa
801 4722 896 4774 certus
919 4731 1027 4788 essem,
1050 4715 1199 4793 pollicitus
1221 4732 1287 4773 snm
1308 4713 1419 4785 amieis,
1446 4708 1527 4786 quod
1554 4724 1639 4777 ante

173 4824 176 4833 ·
270 4794 396 4856 sedecim
420 4815 513 4858 annos
535 4797 653 4877 publico
675 4805 784 4879 scripto
807 4800 1005 4877 quaerendum
1028 4803 1190 4875 inculcavi,
1219 4800 1303 4877 cujus
1326 4816 1416 4858 causa
1446 4801 1526 4857 vitae
1552 4817 1640 4876 par.

269 4889 328 4943 tem
360 4882 499 4961 optimam
533 4890 735 4948 astronomicis
768 4889 1064 4966 contemplationibus
1093 4888 1238 4967 impendi,
1272 4885 1442 4965 Tyohonem
1470 4884 1640 4953 Braheum
