3567 5625
552 405 557 416 ¹
677 384 760 442 Liber
779 386 809 439 V.
829 386 920 457 Caput
938 388 972 443 X.
1441 397 1502 456 327

155 584 238 645 quem
250 565 399 628 attrahant
410 566 559 640 viventis3
582 566 674 642 quiin
690 567 766 626 airis
781 567 950 627 vastitatem
965 569 1069 645 pennis
1079 566 1214 627 suffultas
1227 568 1347 629 immisit
1355 555 1505 646 volucres3

155 658 203 733 qui
223 657 337 715 nivosis
360 655 566 732 septentrionis
588 651 683 729 pingis
706 670 790 714 ursos
813 652 913 726 albos,
944 654 1028 715 albas
1051 653 1154 732 vulpes
1178 653 1273 728 dedit,
1303 656 1504 734 pabulumque

154 742 219 816 illis,
243 744 357 801 marina
379 750 452 814 cete,
474 741 521 800 his
543 742 644 800 avium
667 756 738 810 ora;
767 743 819 816 qui
841 741 1049 802 solitudinibus
1071 745 1234 803 aestuantis
1258 742 1371 822 Libyae
1393 743 1504 819 leones,
1575 746 1582 768 '

154 834 202 908 qui
225 830 420 889 diffusissimis
442 828 545 907 Syriae
566 827 746 906 planitiebus
767 827 905 904 camelos,
926 830 1071 908 famisque
1094 828 1163 910 illis,
1186 829 1266 891 bisce
1287 834 1352 890 sitis
1375 831 1504 893 toleran-

153 920 239 978 tiam:
274 918 388 977 hiccine
415 932 530 978 emnem
559 916 589 973 iu
619 914 709 992 globo
732 915 859 976 Telluris
887 920 1080 996 consumserit
1107 927 1215 991 artem,
1247 926 1363 978 utnon
1393 927 1503 996 posset,

153 1023 268 1066 omnem
291 1006 461 1077 bonitatem,
484 1012 518 1064 ut
540 1019 600 1064 uon
622 1001 710 1063 vellet
733 1011 845 1063 ceteros
866 1008 955 1064 etiam
970 1005 1076 1081 globos
1092 1006 1342 1065 'convenientibus
1365 1023 1504 1067 exemere

153 1095 307 1165 creaturis,
336 1090 479 1167 quesnel
503 1089 718 1151 revolutionum
740 1090 924 1167 prolixitates
948 1094 1180 1169 brevitatesque,
1212 1091 1260 1153 rel
1282 1092 1361 1154 Solis
1384 1096 1505 1171 propin-

153 1182 251 1257 qrrites
272 1186 303 1239 et
325 1183 455 1251 remotio,
480 1178 528 1238 vel
551 1180 798 1238 eccentrieitatum
820 1182 958 1250 varietas,
982 1178 1031 1240 vel
1047 1196 1199 1255 corporum
1222 1181 1299 1240 nitor
1321 1189 1373 1239 sut
1395 1182 1504 1241 obscu-

152 1273 238 1342 ritas,
268 1266 316 1327 rel
338 1265 511 1342 figurarum,
544 1266 650 1342 quibus
673 1265 822 1343 quaelibet
843 1269 926 1343 regio
948 1266 1081 1341 inicitur,
1104 1270 1296 1344 proprietates
1318 1267 1504 1329 suadebant?

152 1358 228 1416 Ecce
251 1373 280 1413 n.
303 1363 335 1413 ut
358 1358 537 1414 animantum
567 1352 646 1412 secla
669 1355 697 1411 in
720 1353 777 1412 boc
799 1352 1039 1430 Tellurisglobo
1063 1355 1184 1414 masculi
1208 1354 1335 1431 effigiem
1357 1357 1387 1413 in
1410 1355 1504 1416 dode-

153 1443 268 1516 caddro,
292 1442 417 1503 seminas
440 1444 469 1500 iu
492 1439 636 1502 icosiiidro
658 1438 793 1520 (quorum
816 1439 889 1499 iilud
913 1445 1040 1501 exterius
1063 1440 1189 1502 Telluris
1213 1444 1311 1501 orbem
1333 1440 1426 1518 fulcit,
1448 1443 1506 1503 bec

153 1527 291 1613 interius)
324 1530 520 1605 generationis
547 1527 673 1604 denique
704 1527 831 1604 effigiem
862 1530 893 1586 iu
922 1527 1003 1589 illius
1033 1530 1162 1606 conjugii
1194 1526 1296 1589 dirius
1318 1534 1505 1608 proportione

154 1620 277 1695 ejusque
300 1619 501 1678 ineffabilitate
523 1615 666 1676 babeant:
690 1615 761 1691 quid
784 1623 898 1679 ceteros
919 1613 1026 1696 globos
1040 1616 1149 1678 babere
1172 1617 1340 1694 putabimus
1363 1634 1382 1677 a
1403 1617 1504 1694 figuris

155 1704 285 1767 ceteris?
329 1705 393 1765 Cui-
408 1708 484 1765 bono
507 1702 616 1764 Jorem
638 1712 765 1779 quatuor
788 1701 905 1776 Lunae,
938 1702 1098 1764 Saturnum
1121 1704 1196 1764 duae
1221 1705 1353 1765 cursibus
1377 1707 1504 1779 cingunt,

154 1803 185 1855 ut
205 1801 339 1854 nostrum
363 1791 540 1852 domicilium
564 1791 637 1852 baec
660 1801 759 1849 nostra
781 1789 866 1851 Luna
887 1790 1002 1862 unica?
1048 1792 1094 1852 Ad
1128 1791 1253 1854 eundem
1283 1808 1353 1852 raro
1385 1792 1505 1852 modum

154 1884 242 1942 etiem
267 1880 305 1940 de
327 1881 416 1957 globo
440 1878 517 1942 Solia
540 1878 779 1944 ratiocinabimur
811 1867 1054 1956 oonjsmquue
1083 1881 1122 1954 ri
1153 1880 1311 1942 harmoniis
1343 1882 1505 1955 ceterisque

154 1970 312 2043 desumtas,
336 1986 388 2046 per¹
409 1985 442 2027 se
464 1965 583 2043 quidem
604 1964 881 2043 ponderosissimes,
906 1965 1081 2043 conjecturis
1103 1967 1179 2039 aliis,
1203 1968 1298 2043 magis
1320 1966 1358 2027 ad
1382 1983 1505 2043 corpora

153 2057 358 2133 vergentibus,
389 2056 484 2130 magis
512 2053 549 2112 ed
581 2052 663 2128 vulgi
698 2058 815 2129 captum
848 2053 1091 2127 accommodatis,
1128 2056 1210 2114 reiut
1244 2055 1503 2132 incorporabimus.

153 2142 373 2220 Illeue'globus
397 2158 523 2215 vacuus,
547 2142 634 2201 ceteri
657 2139 736 2220 pleni
758 2147 840 2214 sunt,
862 2142 888 2199 ai
912 2141 1010 2216 omnia
1034 2141 1094 2203 alia
1114 2140 1293 2219 respondent
1314 2141 1456 2219 propius?
1479 2145 1503 2202 si

153 2242 185 2291 ut
205 2231 299 2292 Terra
321 2231 428 2303 nubes,
462 2231 504 2288 sic
526 2226 578 2287 Sol
601 2237 680 2287 atras
702 2225 839 2296 iulipines
861 2227 1013 2305 exspirat?
1029 2231 1067 2287 'ri
1092 2238 1124 2289 ut
1145 2228 1197 2288 illa
1220 2225 1360 2289 imbribus
1383 2228 1505 2290 humec-

128 2328 229 2403 ‚utor
252 2329 283 2382 et
306 2319 431 2390 virescit,
453 2319 497 2382 tie
518 2314 570 2378 soi
592 2313 716 2386 noenia
736 2313 865 2380 illissult
882 2319 994 2382 munia
1017 2314 1149 2392 lucescit,
1174 2315 1376 2390 ernicpntibus,
1398 2318 1505 2393 inipso

153 2423 282 2483 corpore,
307 2413 370 2465 tcto
393 2408 489 2481 igneo,
512 2401 669 2463 flammulis
691 2399 886 2462 clarioribus?
922 2402 978 2474 Cui
999 2405 1064 2470 usui
1088 2404 1138 2476 bic
1158 2411 1327 2481 apparatus,
1349 2405 1376 2461 si
1396 2403 1505 2481 globus

154 2493 289 2554 racuusi
313 2496 360 2552 rin
383 2508 440 2552 uon
464 2490 512 2556 rei
533 2507 637 2554 sensus
660 2490 716 2567 ipsi
739 2488 913 2562 exclamant,
936 2492 1023 2567 ignea
1046 2490 1094 2551 bic
1108 2491 1241 2551 babitare
1265 2507 1396 2568 corpora,
1419 2509 1505 2550 men·

154 2584 227 2641 tium
249 2579 428 2659 simplicium
450 2580 588 2658 tapecia,
609 2592 737 2653 raeque
757 2575 857 2646 Soluto
875 2571 946 2646 'esse
967 2600 1059 2656 sum
1080 2602 1185 2656 respon
1205 2581 1233 2638 si
1254 2594 1313 2638 non
1335 2593 1450 2655 regem,
1473 2588 1505 2639 at

153 2669 256 2736 saltem
277 2667 420 2745 resumi.

238 2754 391 2832 Abrumpe
414 2752 547 2819 murdro
570 2758 600 2819 et
621 2767 755 2823 sonuum
779 2759 810 2812 et
830 2750 1061 2832 speculationem
1084 2754 1301 2828 vastissimae.
1328 2759 1442 2823 unum
1465 2752 1504 2821 il-

152 2843 203 2907 lud
225 2842 395 2909 exclamans
417 2861 483 2903 cum
505 2836 605 2905 Pistre
627 2857 717 2917 repe:

237 2929 669 3009 Mupanominurnoelsr
698 2936 726 2991 ei
754 2929 1327 3003 mumaeiraaeiaretsuptentioe
1355 2928 1506 3001 maon

151 3028 193 3091 est
213 3036 378 3083 meran
400 3017 524 3085 taedae
545 3034 615 3083 eum
637 3016 725 3088 mcii,
748 3014 873 3083 ioum
894 3032 965 3081 curn
988 3015 1050 3089 sol,
1073 3014 1168 3081 Luna
1190 3023 1218 3079 et
1240 3015 1404 3088 Pisuetae,
1426 3034 1504 3091 quo-

152 3125 271 3183 eunque
291 3124 382 3173 rann
402 3106 445 3165 cd
462 3103 703 3180 percipiendum,
725 3119 909 3179 memque
931 3102 1040 3178 linprru
1054 3102 1097 3165 od
1110 3102 1312 3178 siccamen
1331 3100 1503 3169 Ortaim

152 3203 286 3255 oenum
306 3196 448 3257 murini.
489 3190 628 3251 Mosae
648 3208 718 3253 sum
743 3190 935 3255 Harmoniae
954 3190 1095 3262 cuderim
1117 3190 1243 3257 laudate
1264 3207 1334 3251 eura
1356 3206 1408 3251 vor
1429 3190 1505 3253 bor-
1553 3192 1558 3205 ’

151 3285 330 3347 mentatum
351 3282 536 3347 musarum
567 3279 677 3347 arbitri
710 3283 817 3352 (Tuque
833 3288 898 3339 ente
916 3295 1020 3349 omues,
1036 3280 1183 3339 Moastliue
1201 3280 1274 3339 retici
1291 3288 1411 3349 senecta,
1430 3297 1503 3339 uem-

152 3390 204 3444 que
221 3381 252 3429 tn
271 3371 379 3431 solebas
396 3372 447 3431 ber
464 3369 544 3431 dictis
556 3370 675 3429 animare
688 3386 790 3440 speque
803 3373 904 3433 cureat:
918 3362 1015 3429 &stulu
1036 3372 1065 3422 ot
1077 3371 1112 3429 tri
1126 3368 1234 3427 anina
1247 3382 1316 3425 mec
1332 3363 1504 3429 Durrinuru

153 3461 327 3519 Creatorem
350 3463 447 3529 tuum,
472 3453 623 3531 quamdiu
641 3454 751 3531 turo:
777 3468 913 3528 namque
934 3468 971 3511 eo
993 3453 1059 3525 ipro
1080 3459 1108 3509 at
1128 3470 1185 3526 per
1208 3455 1309 3526 ipsam
1330 3458 1359 3509 et
1380 3455 1415 3517 in
1438 3455 1504 3529 ipro

149 3553 221 3605 curet
241 3546 364 3617 ostenta,
388 3567 434 3607 nnc
456 3566 494 3603 ru
515 3540 643 3616 αἱσθητιι
666 3564 714 3609 urs
734 3562 772 3605 ru
794 3561 900 3616 'rosum
923 3546 988 3603 iam
1010 3557 1046 3599 stt
1067 3557 1147 3613 querc
1168 3541 1349 3614 ipnuramttt
1367 3541 1499 3611 pensitat.

151 3650 246 3709 pawn
268 3650 305 3690 ea
327 3648 406 3706 quac
426 3633 549 3705 teimau,
582 3632 713 3689 minimo
739 3628 864 3691 illorum
888 3643 979 3700 parer
1010 3628 1085 3702 qaia
1113 3625 1213 3693 curn
1239 3626 1312 3701 plue
1329 3626 1428 3687 ,ultra
1449 3633 1501 3693 est.

152 3720 217 3796 lpei
238 3720 318 3791 lune,
340 3717 437 3779 bonor
459 3724 487 3777 et
507 3718 606 3794 pluria
628 3719 662 3785 in
683 3716 784 3783 sucin
806 3714 987 3779 tauream.
1032 3715 1139 3775 amera
1366 3732 1371 3737 ·

729 3872 929 3953 sture.

239 4066 393 4117 Absolutum
410 4070 447 4113 snt
465 4064 511 4110 lroo
529 4078 591 4127 apua
619 4062 659 4110 rlis
680 4059 719 4114 17.
737 4058 779 4113 27.
798 4061 876 4127 Mau,
904 4074 969 4113 annu
987 4060 1158 4123 ubcxv1113
1185 4060 1281 4115 revisus
1308 4075 1364 4113 reru
1391 4060 1455 4111 liber
1473 4060 1503 4117 V.

148 4137 262 4193 (iuterim
281 4137 342 4187 dum
361 4137 387 4183 ln
407 4149 436 4182 eo
455 4135 508 4197 typi
529 4130 727 4195 progrediuntur)
746 4128 769 4184 9.
791 4130 830 4185 iu.
850 4131 979 4181 Februarii
999 4145 1065 4180 anuo
1084 4129 1225 4182 Mbcxrx.

472 4240 577 4305 Linet‘i
600 4238 759 4314 Metropoli
781 4242 926 4305 senense
949 4238 1192 4314 Suprosisuoae.
