3567 5625
741 497 777 555 de
792 499 941 557 Harmonia
1100 511 1105 522 ·
1477 507 1516 569 51

159 673 338 736 seientibese
367 693 426 738 non
455 681 541 754 sunt,
571 685 674 758 petunt
701 682 779 742 enirn
807 682 992 760 principium.
1036 681 1143 759 Itaque
1172 685 1239 741 eum
1269 684 1330 741 tam
1352 680 1518 743 mniti'sint
1569 669 1576 684 '

159 777 260 837 meus,
291 782 417 841 quorum
439 762 536 827 lineae
557 768 623 828 sciri
645 784 704 829 non
727 777 865 846 possunt,
894 770 951 830 hoc
974 776 1019 829 est
1041 768 1154 830 definiri
1176 775 1294 844 exacte,
1324 771 1380 829 nisi
1403 777 1518 831 tautum

159 868 213 928 per
232 855 382 928 proximas
404 852 539 928 scibiles,
567 853 629 915 fieri
658 854 744 917 aliter
772 872 832 917 non
863 864 977 934 potest,
1010 859 1080 934 quin
1110 872 1223 918 eanerm
1251 859 1369 917 sinuum
1392 866 1518 935 utamur,

160 942 308 1014 etiamque
331 938 371 1000 ad
392 938 510 1001 scibiles
533 941 725 1020 indagandas,
749 959 816 1004 cnm
838 945 897 1005 sint
917 945 1107 1023 longissimae
1129 943 1295 1021 indaginis,
1317 963 1376 1006 non
1400 946 1519 1025 expedit

160 1023 244 1088 aliter
265 1027 337 1087 fieri.
383 1019 503 1088 Exstitit
517 1027 623 1091 Scotus
638 1031 727 1107 Baro,
751 1032 837 1109 cnjus
858 1049 964 1095 nomen
986 1032 1059 1091 mihi
1083 1031 1191 1096 excidit
1209 1040 1329 1104 (neporus
1353 1041 1433 1090 corun
1452 1039 1517 1104 ,ca
1606 1101 1610 1111 ,

159 1135 248 1171 nonem
268 1121 420 1172 liiritieum‘
448 1136 512 1172 anno
533 1121 615 1188 itit,
641 1128 695 1177 siue
719 1127 988 1192 demonstrationibus,
1017 1142 1081 1177 anno
1106 1125 1175 1182 1620
1201 1130 1267 1178 tilius
1285 1129 1377 1191 Neperi
1394 1129 1517 1179 liebertus

161 1200 279 1261 ,Eminet
297 1199 407 1251 Ganuuis
424 1200 654 1254 Constrnetlousm“
684 1220 715 1256 ex
732 1208 812 1271 petris
829 1209 1016 1272 manuscriptis.
1053 1207 1123 1256 Tunc
1149 1207 1249 1258 demum
1267 1207 1390 1270 liepierus
1413 1208 1518 1269 propius

158 1288 191 1337 au
208 1303 261 1337 rem
286 1290 415 1355 accesit),
438 1284 488 1358 qul
510 1282 652 1360 praeclari
674 1285 745 1362 qnid
767 1290 921 1363 praestitit,
944 1289 1119 1349 necessitate
1140 1293 1219 1348 omni
1241 1287 1518 1366 multiplicationum

159 1375 188 1428 et
218 1355 399 1429 divisionum
428 1371 458 1428 in
479 1386 576 1431 meras
604 1370 770 1435 additiones
801 1382 831 1437 et
860 1376 1075 1437 subtractiones
1099 1384 1292 1452 commutata,
1325 1392 1380 1436 nee
1402 1377 1517 1435 sinibus

159 1457 267 1515 utitur:
297 1463 330 1515 at
352 1463 449 1518 tamen
472 1474 546 1535 opus
569 1459 692 1538 est‘ipei
714 1464 897 1540 tangentium
920 1482 1049 1540 eanone;
1077 1470 1107 1525 et
1130 1466 1269 1538 varietas,
1297 1464 1437 1525 crebritas
1460 1462 1518 1522 dii·

158 1542 335 1620 bonitasque
363 1543 548 1606 additionum
578 1548 868 1628 subtraetionnmque
899 1550 1007 1612 alicubi
1028 1543 1159 1613 laborem
1180 1550 1395 1629 multiplicandi
1418 1557 1448 1611 et
1470 1549 1518 1609 di-

159 1630 279 1692 videndi
300 1639 429 1708 superat.
475 1632 621 1695 Breviter:
645 1637 760 1697 scibilia
782 1639 866 1700 finita
886 1646 963 1713 sunt,
987 1641 1134 1700 inesibilia
1155 1640 1269 1699 infinita
1290 1647 1319 1700 et
1340 1637 1517 1713 inordinata,

158 1720 320 1795 inquibus
346 1720 500 1780 scientiam
527 1723 634 1783 iruetre
660 1741 803 1801 quaeras:
835 1743 911 1808 quae
939 1729 1080 1787 interest
1111 1732 1203 1789 sectio
1226 1727 1369 1805 sphaerici
1397 1727 1518 1786 fortuita

159 1808 393 1884 circulorumque
423 1809 452 1865 in
481 1826 526 1872 eo.
571 1809 722 1872 Imitemur
750 1814 839 1891 igitur
868 1809 1020 1890 DEUM,
1051 1816 1102 1891 qui
1131 1832 1198 1875 curn
1228 1822 1257 1875 et
1287 1813 1459 1875 infinitatem
1487 1816 1518 1872 in

158 1896 301 1956 immensa
323 1895 376 1956 illa
396 1895 521 1956 fixarum
548 1897 674 1973 sphaera
696 1899 787 1962 vellet
814 1919 998 1980 expressam,
1029 1901 1191 1963 finitionem
1214 1917 1283 1963 vero
1315 1903 1345 1960 in
1367 1904 1518 1979 angustis·
1569 1923 1575 1932 ·

157 1984 232 2043 sima
253 1984 375 2060 regione
396 1983 564 2060 mobilium,
592 1986 645 2046 llia
666 1989 730 2048 sine
753 2005 836 2062 eura,
864 1992 928 2049 sinc
952 1989 1053 2050 ordine
1076 1991 1210 2067 reliquit,
1239 1992 1298 2050 ista
1318 1991 1517 2068 proportioni·

157 2070 213 2130 bns
235 2071 415 2131 harmonicis
437 2073 573 2133 instruxit
594 2075 819 2152 sapientissime.
863 2076 903 2136 Et
925 2094 979 2137 nos
1001 2078 1089 2155 igitur
1110 2077 1272 2139 doctrinam
1295 2076 1515 2154 triangulorum,

158 2176 218 2235 qna
240 2175 317 2236 opus
339 2158 483 2221 habemns
505 2160 544 2221 ad
566 2161 740 2224 infinitatem
754 2164 867 2225 numeri
890 2171 920 2224 et
941 2163 1140 2243 dispositionis
1161 2164 1286 2225 fixarum
1306 2167 1518 2242 separationis·

159 2263 218 2322 que
241 2245 431 2309 omnimodae
453 2243 637 2326 planeta‘rum
660 2269 679 2311 a
700 2249 794 2312 stellis
816 2259 1003 2330 permotum
1025 2247 1091 2333 (qui
1110 2261 1147 2312 ut
1160 2253 1292 2313 iuiormie
1307 2253 1408 2330 aliqua
1422 2269 1518 2329 quan·

160 2335 230 2393 titas
254 2333 408 2395 infinitmie
430 2343 476 2395 eet
497 2333 671 2420 particeps),
695 2344 853 2399 tractemus
874 2356 928 2417 per
950 2355 1092 2401 canonem
1116 2342 1241 2413 sinuum,
1266 2340 1316 2417 qui
1344 2339 1518 2400 infinitatem

161 2422 392 2497 quantitativum
421 2431 630 2500 repraesentat.
676 2426 717 2486 st
743 2426 851 2505 figuras
878 2426 1119 2489 demonstrabiles
1135 2426 1278 2505 >indeque
1306 2425 1519 2504 dependentem

160 2507 324 2571 doctrinam
341 2509 545 2583 ¹harmonicam
567 2519 598 2573 et
618 2512 727 2574 similia
749 2513 868 2576 definita
901 2524 932 2577 et
953 2522 1033 2576 certa
1059 2532 1231 2576 revocemus
1254 2514 1292 2575 ad
1314 2512 1431 2591 regulas
1453 2530 1517 2573 me·
1577 2533 1580 2538 ¹

160 2599 271 2657 moriae
293 2597 487 2674 msndabiles,
511 2600 617 2676 cuique
638 2618 726 2661 suum
747 2603 916 2663 tribuentes.
961 2601 1009 2662 Ita
1030 2602 1097 2677 fiet,
1124 2612 1157 2663 nt
1179 2610 1209 2664 et
1229 2601 1268 2662 ad
1290 2601 1422 2663 laborem
1445 2599 1518 2662 doc·

160 2685 255 2748 trinae
278 2685 498 2762 triangulorum,
522 2682 806 2763 qnantum'ueeesse
829 2697 883 2765 eet,
906 2689 1094 2764 eniiiciamns,
1117 2697 1147 2750 et
1169 2689 1318 2767 veluptate
1333 2688 1518 2749 divinissima

160 2787 195 2832 ex
218 2772 468 2851 contemplatione
490 2775 646 2847 ¹iorrnarnm
675 2783 705 2839 ct
726 2777 951 2858 archetyporum
981 2794 1041 2840 non
1064 2776 1277 2840 defraudemur.
1322 2776 1407 2838 Vale.
1452 2777 1518 2838 Da·

160 2866 219 2920 tum
245 2860 420 2923 inhianti
446 2864 537 2924 1618.
829 2870 835 2879 “
1166 2866 1203 2926 V.
1225 2866 1264 2926 D.
1287 2865 1322 2926 Τ.
1349 2864 1471 2944 Amicus
1532 2932 1535 2937 ,

1225 2953 1259 3013 J.
1283 2952 1406 3030 Kepler.

245 3105 287 3154 Ad
303 3104 367 3156 haec
382 3105 612 3157 Sabisltsrdusr
629 3108 766 3157 Plurimum
783 3109 891 3158 sulutem
909 3113 934 3157 et
950 3108 1122 3171 promtissimt
1138 3122 1193 3157 mea
1211 3108 1327 3161 oidciola.

243 3175 420 3225 Pmestantise
433 3176 503 3226 Tuae
516 3175 611 3244 literas,
631 3178 788 3228 celeberrime
800 3180 854 3241 Vir,
872 3179 981 3228 Domine
994 3178 1088 3227 Fautor
1099 3177 1235 3240 plurimum
1247 3178 1358 3241 colende,
1379 3178 1417 3231 ii.
1430 3178 1516 3229 Martii

159 3244 240 3295 Lincil
258 3253 394 3312 exaratas,
417 3249 464 3295 sub
487 3249 628 3296 hesternam
647 3262 776 3311 vesperam
800 3251 866 3298 inter
882 3247 1005 3311 plurimas
1023 3246 1207 3296 ecclesiasticas
1225 3252 1401 3311 occupationes
1420 3252 1515 3316 accepi,

158 3316 224 3365 vass
242 3316 393 3365 aridissime
410 3316 456 3365 sed
472 3318 565 3379 raptim
582 3321 704 3383 percurri,
729 3325 753 3366 et
775 3318 850 3367 hodie
874 3324 932 3382 post
956 3319 1041 3366 linitas
1059 3322 1098 3367 tot
1116 3321 1248 3366 conciones
1266 3319 1413 3379 diligentins
1430 3318 1515 3382 relegi,

158 3386 190 3434 td
208 3401 275 3452 quas
292 3399 361 3435 nune
377 3388 486 3435 breviter
501 3389 652 3450 respondeo.
687 3386 790 3437 Mallem
808 3388 911 3453 quidem
928 3387 1066 3454 prolixius,
1085 3387 1129 3436 sed
1147 3402 1192 3436 nec
1210 3392 1309 3449 tempus
1327 3391 1450 3454 suppetit,
1468 3404 1516 3439 nec

157 3458 217 3527 seio,
234 3463 321 3506 utrum
338 3455 486 3517 tabellarine
497 3458 636 3518 Argentins
646 3472 760 3507 reversus
772 3458 930 3507 Heumadsm
943 3472 1028 3507 rursus
1045 3459 1174 3507 transierit
1192 3459 1279 3522 sicque
1297 3459 1423 3507 scribendi
1441 3473 1516 3508 ocea-

157 3527 194 3575 sio
209 3530 266 3588 iarn
283 3526 372 3590 elapsa
388 3529 422 3575 eit
439 3542 484 3577 nec
501 3531 550 3575 nel
580 3528 706 3589 Respondi
725 3529 827 3593 quidem
846 3529 941 3578 dudum
965 3529 1046 3577 insius
1071 3534 1097 3577 et
1121 3526 1207 3577 literas
1231 3543 1284 3577 una
1308 3542 1364 3577 cum
1383 3527 1516 3579 dalinsatls

157 3593 191 3649 37
207 3598 306 3646 truncis
323 3595 413 3657 ligneis
426 3599 574 3658 Augustam·
587 3598 621 3646 ad
639 3598 773 3659 Gruterum
791 3600 857 3648 misi.
895 3601 945 3648 Sed
962 3602 1025 3664 quia
1037 3599 1149 3647 nondum
1167 3600 1215 3647 tibi
1234 3600 1301 3648 visas
1321 3614 1374 3647 esse
1392 3612 1444 3646 non
1461 3601 1515 3648 sine

156 3667 325 3716 admiratione
343 3670 461 3726 cognovi,
481 3669 548 3716 ecles
567 3668 656 3733 denuo,
674 3683 713 3716 ms
732 3682 763 3717 ex
779 3672 935 3732 praescripto
954 3675 997 3717 tuo
1016 3683 1101 3717 omnes
1121 3670 1212 3728 ligures
1231 3683 1309 3733 quam
1327 3669 1451 3731 potuerim
1464 3683 1515 3717 ‘ao-

156 3739 314 3787 euratissims
331 3736 400 3797 ligno
418 3738 573 3800 inscripsisse
592 3742 616 3786 et
639 3740 774 3801 inscriptas
796 3740 926 3804 probeque
950 3744 1094 3800 compactus
1119 3738 1149 3787 de
1172 3740 1298 3787 communi
1322 3744 1406 3786 vestra
1423 3736 1516 3786 velun·

157 3814 207 3857 tete
225 3809 369 3868 Augustam
387 3807 420 3856 sd
438 3808 579 3870 praedatum
596 3807 731 3868 (irugerum
756 3814 796 3857 set
819 3810 869 3857 cito
887 3811 1000 3872 misisse,
1026 3822 1115 3869 nempe
1139 3810 1263 3870 superiori
1280 3809 1412 3857 Decembri
1430 3821 1515 3857 mense

156 3886 212 3928 aute
230 3875 367 3927 natalitias
383 3876 467 3928 terias.
503 3877 593 3927 Doluit
609 3880 727 3943 quidam,
744 3879 837 3945 fateor,
856 3878 922 3929 illud
940 3877 1068 3939 nonnihil,
1092 3879 1160 3942 quod
1185 3878 1317 3940 sculpendi
1341 3877 1415 3926 labor
1432 3893 1449 3926 a
1466 3893 1513 3944 me,

157 3951 195 3997 cui
213 3948 328 3998 omnium
346 3948 427 4009 primo
445 3949 600 3998 concreditus
619 3954 680 4009 erat,
698 3951 725 3998 iu
744 3947 837 4014 aliurn,
856 3950 940 3997 nescio
959 3963 1048 4012 quem,
1072 3945 1209 3997 translatus
1227 3949 1289 3997 init:
1308 3949 1470 4011 suspicabar,
1491 3954 1515 3997 te

156 4017 239 4067 iorsan
259 4017 290 4066 de
312 4030 444 4079 operarum
457 4031 573 4083 ‚mearum
591 4019 639 4067 tide
658 4024 683 4067 et
700 4017 826 4067 industrie
844 4020 1012 4069 subdubitans
1031 4019 1150 4079 coepisse,
1170 4020 1222 4066 sive
1243 4019 1311 4083 qnod
1323 4021 1451 4081 prototypi
1469 4019 1513 4067 de-

157 4089 282 4137 iormitate
300 4089 397 4135 interea
414 4086 491 4136 fueris
509 4089 631 4153 odansue,
650 4102 693 4153 sen
712 4088 780 4152 qnod
798 4104 812 4137 a
831 4088 939 4148 Grugero
958 4087 1037 4137 aliter
1058 4102 1190 4151 persuasus
1209 4091 1255 4151 sis,
1281 4091 1326 4154 qui
1345 4102 1375 4136 ex
1394 4086 1439 4135 illo
1457 4088 1514 4138 rudi

157 4160 289 4220 specimine
307 4171 347 4205 rue
366 4157 478 4205 nondum
495 4158 604 4220 penitius
622 4160 749 4227 cpgnitum
771 4173 937 4220 praepropere
964 4159 1106 4206 aestimarit
1132 4166 1158 4206 et
1184 4159 1214 4206 de
1237 4173 1290 4222 ms,
1317 4160 1343 4206 in
1367 4160 1513 4207 monasticis

156 4227 253 4276 cellulis
271 4242 322 4275 nen
340 4225 495 4290 sculptorum
512 4229 619 4277 cilicinis
637 4229 753 4290 educato,
772 4230 854 4279 minus
873 4231 936 4277 hene
951 4230 1077 4276 ominatos
1096 4228 1179 4277 iurarit.
1210 4229 1258 4277 Sed
1277 4242 1329 4276 rem
1347 4229 1438 4275 rectius
1458 4242 1513 4288 per-

156 4298 274 4359 pendenti
291 4301 317 4345 et
333 4294 420 4346 literas
438 4303 531 4346 vestras
556 4296 632 4347 altine
658 4300 779 4361 repetenti
798 4299 897 4347 demum
916 4299 1021 4347 oecrrrrit
1041 4300 1121 4345 serior
1137 4300 1262 4359 propositi
1279 4298 1357 4345 'vestri
1376 4304 1401 4345 st
1421 4298 1513 4344 mutati

157 4367 254 4417 consilii
273 4381 358 4432 eausa,
377 4366 473 4416 scilicet
491 4369 571 4430 operis
590 4370 733 4433 maturatio,
752 4383 829 4433 quarn
847 4371 934 4433 unies,
954 4369 1097 4432 etquidem
1116 4370 1213 4433 merito,
1232 4367 1384 4416 affectabas:
1411 4372 1512 4427 propte·

155 4450 197 4486 rea
213 4436 305 4486 lubens
323 4438 433 4486 statione
451 4451 507 4486 mea
525 4439 597 4489 cessi.
634 4438 684 4488 Sed
699 4441 753 4500 jam
770 4437 896 4498 longiores
915 4452 996 4487 moras
1016 4439 1094 4485 nectit
1111 4436 1241 4501 Crngerus,
1261 4450 1338 4500 quam
1356 4449 1401 4496 ego
1420 4437 1513 4484 traxis-

156 4520 220 4563 κω.
239 4505 295 4571 vel,
322 4512 351 4555 ut
369 4521 425 4555 sum
442 4509 496 4569 ipse
513 4508 596 4569 aperis
614 4521 740 4557 morarum
758 4510 1005 4572 impatientissimus,
1032 4507 1128 4555 trahere
1146 4521 1223 4555 ausus
1241 4506 1352 4554 inissem.
1389 4505 1513 4555 Nimirum

157 4575 271 4627 mentesa
290 4577 450 4637 tardigradae
468 4576 574 4641 diffisus,
593 4592 645 4627 rem
663 4592 752 4627 cunero
771 4580 926 4642 commisisti,
945 4579 1055 4641 quinon
1074 4581 1172 4625 tantum
1190 4590 1270 4639 aeque
1282 4574 1353 4623 tarde
1365 4576 1511 4638 progredie-

157 4655 206 4711 tur,
230 4646 288 4711 sed,
315 4647 383 4709 quod
401 4649 505 4711 metuis,
530 4649 608 4695 stiam
634 4662 735 4710 prorsus
761 4648 908 4699 retrocedat.
945 4646 1025 4696 Doleo
1044 4648 1091 4694 hac
1116 4647 1142 4694 in
1158 4652 1228 4707 parte
1247 4648 1325 4694 vicem
1343 4660 1393 4694 non
1412 4652 1511 4697 tantum

157 4722 235 4779 tuam,
253 4717 299 4781 qui
317 4716 471 4765 mechanicis
489 4718 630 4765 autumnus
648 4717 754 4783 idoneis,
772 4721 866 4783 quibus
884 4718 924 4765 vel
937 4718 1046 4766 maxime
1057 4716 1190 4777 indigeres,
1208 4716 1359 4781 destitueris,
1378 4718 1511 4764 sedetiam

157 4788 230 4836 totius
246 4786 391 4842 matheseos
410 4791 435 4833 st
451 4792 489 4833 tot
506 4784 721 4835 nobilissimarum
746 4788 826 4836 divini
844 4789 939 4848 ingenii
956 4789 995 4835 tui
1012 4788 1185 4835 inventionum
1203 4792 1293 4833 sortem
1312 4787 1423 4850 miseror,
1443 4801 1510 4851 quse

157 4856 221 4906 hisee
239 4861 414 4905 eumtatorum
432 4856 702 4918 procrastinationibus
718 4859 748 4906 in
766 4857 884 4906 editionis
903 4872 976 4906 cursu
993 4856 1161 4909 retardentur.
1198 4854 1274 4903 Modo
1291 4866 1344 4903 non
1363 4858 1509 4919 committes,

159 4932 184 4974 nt
201 4942 303 4989 prorsus
322 4928 460 4992 irttereant,
492 4926 560 4991 qnod
577 4926 685 4982 Urania,
702 4931 747 4975 eut
765 4929 845 4989 magis
864 4926 1008 4977 Christiane
1025 4924 1152 4991 loquendo
1175 4920 1304 4989 οὖρανιων
1322 4927 1441 4981 conditor¹
1452 4926 1510 4973 uni·

157 5000 218 5045 uersi
234 4998 439 5061 sapientissimus
457 5000 562 5047 auertat.
600 4995 715 5046 Getarum
738 4997 806 5062 qued
828 4998 856 5046 in
883 5010 983 5047 summe
1008 4993 1246 5059 contemplationum
1266 5004 1364 5047 tatarum
1382 4994 1527 5057 voluptate,

1304 5085 1353 5144 4}
