3567 5625
226 447 229 452 ¹
261 429 324 500 '146
794 432 836 488 De
853 431 1078 503 Propertionibttl
1190 517 1194 526 ¹

260 613 390 672 lontibus
413 613 482 671 erui.
528 609 624 686 Legat
646 612 777 670 curiosus
799 609 904 684 lector,
934 629 1010 688 quae
1032 611 1069 671 de
1090 609 1339 671 hissectionibus
1362 619 1431 671 aute
1453 626 1547 671 annos
1570 612 1610 668 22

259 702 362 776 scripsi
385 702 413 756 in
435 699 577 775 Mysterio
601 696 847 775 Cosmographico
880 701 976 774 capite
997 697 1070 758 XlL
1094 708 1124 758 et
1145 698 1315 774 perpendat,
1338 697 1485 775 quomodo
1509 696 1612 756 luerim

248 786 311 850 tllo
332 785 399 845 loco
422 785 617 844 hallucinatus
639 802 727 862 super
748 789 845 845 causis
866 788 1029 846 sectionum
1052 794 1081 844 et
1102 786 1332 860 harmoniarum,
1354 802 1507 863 perperam
1529 784 1612 843 nisus

264 890 364 933 earum
387 889 537 932 numerum
559 881 587 931 et
609 875 736 932 rationes
759 872 903 933 deducere
925 891 962 932 ex
984 891 1104 933 numero
1120 875 1248 950 quinque
1268 890 1420 952 corporum
1435 870 1612 948 regularium

245 960 437 1034 'solidorum3
462 977 527 1019 curu
549 955 652 1019 verum
675 964 714 1018 sit
736 959 792 1019 hoc
813 962 921 1038 potius,
945 969 1005 1020 tam
1020 965 1149 1037 quinque
1163 960 1273 1037 figuras
1286 960 1407 1033 solidas,
1432 976 1520 1036 quam
1543 958 1611 1017 har-

263 1051 376 1106 monias
399 1050 525 1106 musicas
555 1055 584 1105 et
612 1046 737 1106 chordae
760 1050 905 1107 sectiones
932 1064 1115 1107 communem
1144 1048 1252 1109 habere
1276 1051 1418 1124 originem
1447 1065 1483 1105 ex
1501 1045 1611 1122 liguria

248 1134 569 1214 ¹regularibus-planis.
613 1134 650 1191 Et
675 1133 836 1193 Ptolemaei
860 1134 978 1210 quidem
1008 1139 1120 1195 rrtusica
1148 1153 1214 1195 cum
1240 1138 1423 1212 expositione
1446 1134 1610 1211 Porphyrii,

261 1238 384 1299 quorum
416 1222 481 1281 loco
512 1220 640 1294 allegato
671 1225 847 1282 mentionem
876 1224 946 1295 teci,
979 1223 1120 1282 hactenus
1142 1226 1341 1300 manuscripta
1363 1233 1466 1282 nactus
1482 1239 1553 1279 sum
1576 1239 1612 1280 ex

259 1309 434 1369 liberalitate
463 1307 513 1369 Jo.
547 1306 666 1384 Georgii
698 1308 852 1369 Herwardi
883 1310 1056 1369 Cancellarii
1080 1311 1215 1370 Bavarlci
1235 1315 1260 1382 (v
1277 1314 1389 1382 antid,
1423 1327 1458 1369 ex
1489 1326 1611 1384 quorum

262 1396 337 1457 libro
362 1399 447 1456 tertio
469 1407 581 1472 partem
603 1399 748 1472 potiorem
770 1399 798 1454 in
823 1397 1015 1473 appendicem
1037 1398 1075 1457 ad
1098 1399 1189 1458 libros
1212 1398 1264 1456 lV.
1289 1406 1319 1457 et
1340 1397 1377 1456 V.
1403 1396 1491 1472 hujus
1514 1398 1610 1472 operis

216 1524 218 1527 ι
260 1483 414 1563 transtuli3
444 1500 548 1542 causas
572 1501 641 1542 sero
673 1483 888 1543 harmoniarum
912 1488 1055 1560 genuinas
1085 1488 1173 1544 iniis
1200 1503 1259 1544 non
1287 1487 1385 1543 inveni
1418 1485 1551 1559 adeoque
1573 1500 1610 1541 ne
1686 1489 1692 1498 '

262 1575 425 1631 sectionum
448 1569 565 1647 quidem
587 1569 690 1630 harum
713 1561 882 1648 numerique
906 1590 1006 1646 aarum
1028 1576 1184 1648 septenarii
1208 1572 1271 1631 ulla
1293 1571 1326 1630 tit
1347 1574 1468 1648 mentio.

212 1734 214 1740 γ
347 1658 409 1716 Etsi
432 1674 502 1718 vero
525 1664 636 1718 mature
659 1661 731 1718 satis
755 1659 962 1731 animadverti,
989 1677 1093 1718 causas
1116 1680 1135 1720 a
1155 1659 1256 1735 liguris
1278 1659 1375 1735 plania
1397 1657 1553 1740 petendas,
1575 1665 1609 1714 ut

260 1746 346 1828 cujus
366 1748 407 1804 rei
429 1747 543 1805 nemina
559 1746 623 1820 jam
644 1748 674 1803 in
697 1745 826 1823 allegato
848 1749 944 1821 capite
966 1745 1039 1805 Xll.
1063 1746 1196 1823 Mysterii
1224 1763 1327 1823 sparsa
1348 1745 1448 1820 vides,
1480 1752 1610 1805 attamen

261 1832 311 1891 diu
339 1830 497 1891 admodum
525 1849 571 1891 me
600 1840 760 1906 torserunt,
790 1836 961 1909 priusquam
992 1835 1126 1893 omnibus
1155 1836 1244 1893 animi
1273 1836 1331 1892 mei
1352 1832 1498 1910 scrupulis
1519 1833 1610 1890 satis-

246 1919 353 1978 'lleret
398 1919 527 1980 Primum
550 1921 626 1979 enim
649 1920 760 1997 figurae
775 1919 1018 1980 demonstrabiles
1041 1938 1140 1980 anon
1162 1920 1437 1981 demonstrabilibus
1459 1926 1541 1980 erant
1562 1935 1611 1978 se·

246 2006 549 2090 ‘parandaqpostea
571 2023 661 2066 causa
682 2007 877 2082 invenienda,
901 2025 965 2080 cur,
988 2025 1054 2067 cum
1076 2012 1221 2068 seedoues
1242 2009 1300 2068 hae
1323 2015 1420 2067 essent
1443 2024 1479 2066 ex
1499 2006 1610 2082 liguris,

261 2095 405 2153 sectiones
428 2094 545 2169 quidem
567 2096 643 2152 intra
664 2099 858 2171 septenarium
882 2096 1089 2170 consisterent,
1120 2096 1230 2172 figurae
1252 2098 1282 2153 in
1306 2095 1449 2153 infinitum
1472 2110 1609 2153 excurre-

261 2181 333 2241 rent
378 2180 478 2240 Tertio
501 2179 654 2241 discrimen
677 2184 754 2242 inter
767 2182 1094 2259 pentelaedecagonurn
1114 2192 1144 2243 et
1159 2182 1408 2246 demonstrabiles
1417 2189 1528 2252 ceteras
1551 2186 1614 2239 arat

260 2266 457 2338 statuendum,
480 2270 550 2343 quia
573 2268 644 2341 vidi,
667 2267 790 2345 liguram
812 2269 895 2327 illam
918 2268 1067 2329 exclusam
1090 2288 1154 2330 esse
1177 2272 1215 2330 ab
1238 2270 1454 2330 harmoniamm
1474 2284 1612 2345 procrea-

261 2357 349 2426 tione,
379 2361 453 2430 teste
481 2355 594 2414 auditu.
638 2355 677 2414 Et
706 2356 854 2417 habebant
885 2356 1002 2433 singula
1021 2351 1130 2434 'capita
1159 2375 1228 2417 suas
1251 2360 1401 2417 cautiones
1424 2358 1609 2429 concisiores,

261 2457 383 2517 quarum
405 2459 464 2500 una
487 2442 636 2518 quaelibet
657 2461 704 2502 me
726 2443 776 2503 diu
800 2446 895 2503 tenuit
917 2454 1101 2520 occupatum.
1148 2445 1288 2523 Exemplo
1314 2444 1353 2505 'sit
1366 2460 1448 2522 prop.
1467 2443 1499 2517 5,
1523 2459 1613 2518 quam

263 2529 366 2587 ultimo
389 2531 532 2605 omnium,
566 2546 632 2589 eum
650 2531 714 2605 jam
737 2531 930 2591 describerem
952 2548 1041 2608 opus,
1073 2531 1135 2590 ridi
1158 2531 1338 2611 addendam,
1368 2529 1447 2610 quod
1469 2530 1613 2589 hactenus

240 2613 472 2693 ignoraveram.
516 2616 581 2675 Nisi
611 2618 689 2676 enim
712 2625 741 2676 et
767 2617 819 2676 illa
841 2620 915 2678 iuter
945 2621 1089 2696 principia
1111 2627 1204 2694 esset,
1238 2627 1267 2680 at
1289 2622 1315 2678 si
1338 2620 1419 2680 verbi
1442 2633 1532 2678 causa
1555 2613 1612 2701 ’βω

261 2712 417 2779 propterea
444 2714 542 2764 essent
571 2711 658 2780 aptae
688 2704 727 2762 ad
748 2701 936 2765 statuendam
964 2705 1160 2781 harmoniam,
1191 2710 1261 2784 quia
1283 2714 1351 2766 sunt
1373 2724 1425 2783 per
1445 2701 1504 2788 ism
1526 2699 1610 2786 (cum

244 2787 371 2867 ‚quibus
393 2790 607 2861 semicirculum
630 2788 756 2873 iaciunt)
778 2792 1042 2868 demonstrabiles,
1069 2801 1139 2856 tunc
1166 2802 1195 2854 et
1219 2790 1271 2877 ⁷s„
1293 2804 1322 2856 et
1345 2790 1384 2877 ⁵l7
1408 2809 1501 2870 eoque
1523 2800 1553 2852 et
1576 2788 1613 2873 Ἴ,

262 2885 292 2938 et
319 2874 356 2959 Ἰ,
379 2876 545 2937 harmonias
567 2878 662 2939 faeere
685 2883 935 2955 convincerentur,
959 2881 1039 2957 quod
1054 2883 1190 2941 omnibus
1205 2882 1300 2943 modis
1315 2883 1470 2960 repudiant
1484 2887 1514 2940 et
1528 2895 1614 2939 aures

263 2971 293 3024 et
314 2966 465 3024 axiomata
486 2973 594 3025 nostra.

348 3051 443 3128 Igitur
465 3052 513 3110 vel
535 3053 600 3113 solo
622 3052 751 3129 allegato
773 3054 840 3114 libri
862 3056 919 3113 mei
933 3054 1067 3133 Mysterii
1089 3056 1329 3133 Cosmographlci
1353 3054 1520 3116 testimonio
1541 3055 1614 3113 ratis

266 3146 311 3197 est
332 3141 460 3197 munitus
483 3139 603 3198 auditus
626 3148 727 3199 contra
750 3141 948 3218 sophistamm
971 3144 1207 3218 obtrectationes,
1229 3143 1316 3203 tidem
1331 3144 1452 3203 auribus
1475 3141 1614 3217 derogare

265 3242 388 3284 ausuros
411 3227 489 3286 circa
510 3225 670 3286 divisiones
692 3227 766 3288 adeo
789 3231 917 3289 minutas
940 3237 970 3289 et
991 3229 1231 3306 dijudicationem
1247 3230 1518 3290 concordantiarum
1540 3228 1615 3288 suh·

266 3312 446 3388 tilissimam3
470 3317 578 3400 quippe
601 3332 666 3374 cum
689 3314 788 3375 videat
809 3316 916 3391 lector,
940 3335 985 3377 me
1007 3316 1095 3378 iidem
1118 3321 1231 3377 aurium
1254 3318 1305 3378 illo
1327 3326 1459 3394 tempore
1480 3325 1614 3376 secutum

200 3452 203 3457 .
266 3417 331 3459 esse
354 3402 382 3457 in
407 3400 611 3462 constituendo
634 3406 794 3462 sectionum
818 3422 946 3479 numero,
971 3422 1036 3463 cum
1059 3405 1155 3465 adhuc
1178 3405 1214 3465 de
1237 3407 1333 3465 causis
1356 3403 1535 3477 laborarem,
1558 3420 1614 3462 nee

264 3486 340 3547 idem
362 3487 549 3563 interscissa,
578 3489 658 3566 quod
680 3490 773 3549 iecere
804 3501 936 3571 veteres,
966 3495 1016 3568 qui
1044 3494 1156 3552 aurium
1181 3491 1293 3569 judicio
1321 3492 1467 3570 progressi
1496 3491 1614 3567 aliqua-

200 3622 206 3633 ,
263 3582 355 3647 tenus,
378 3591 447 3634 mox
469 3580 621 3637 contemtis
644 3577 766 3637 ducibus
788 3578 932 3656 reliquum
956 3581 1075 3654 itineris,
1098 3582 1241 3640 rationem
1256 3597 1404 3640 erroneam
1420 3581 1521 3653 secuti,
1544 3596 1614 3655 per-

263 3662 393 3722 fecerunt
414 3665 534 3723 auribus
557 3666 587 3722 vi
610 3667 696 3741 quasi
717 3670 869 3741 pertractis
899 3673 929 3725 et
949 3667 1037 3743 plane
1069 3666 1276 3729 obsurdescere
1302 3669 1403 3743 jussis.
1448 3666 1494 3726 Ex
1516 3666 1613 3726 abun·

263 3747 345 3807 danti
366 3765 437 3807 vero
460 3751 534 3810 iutra
556 3769 620 3827 cap.
647 3752 788 3837 83hujus
811 3750 877 3812 libri
900 3762 1018 3830 operam
1041 3753 1123 3829 dedi,
1147 3763 1180 3814 ut
1202 3755 1323 3815 cuilibet
1345 3763 1422 3815 essct
1444 3757 1472 3812 in
1495 3761 1611 3830 promtu

263 3835 386 3917 facultas
408 3844 513 3913 suopte
536 3837 631 3897 Marte
654 3839 823 3899 consulendi
847 3840 978 3899 auditum
1007 3858 1095 3917 super
1116 3841 1162 3900 his
1190 3843 1314 3919 aliisque
1338 3842 1463 3903 chordae
1486 3840 1611 3901 divisio·

66 3950 69 3957 ,
183 3928 186 3933 ’
263 3922 349 3980 nibus
371 3938 529 3999 earumque
550 3927 748 3984 testimonium
771 3926 982 4002 pensiculandi,
1006 3936 1038 3987 ut
1061 3939 1156 3989 certus
1178 3933 1225 4003 sit,
1249 3948 1293 4003 ea,
1318 3930 1359 4004 de
1375 3945 1498 4007 quorum
1514 3932 1612 3988 causis

263 4007 439 4082 laboramus,
463 4028 600 4070 sensuum
623 4015 803 4088 experientia
826 4017 986 4074 certissime
1006 4017 1076 4091 niti,
1098 4035 1154 4077 nec
1176 4027 1280 4094 sponte
1302 4035 1368 4076 mea
1391 4013 1491 4099 (cujus
1514 4019 1612 4077 crimi-
1713 4066 1719 4079 „

263 4097 308 4155 nis
331 4095 529 4174 Pythagoraei
554 4100 584 4157 in
606 4108 690 4176 parte
713 4103 754 4160 rei
775 4098 860 4182 sunt)
884 4120 949 4163 esse
972 4102 1096 4163 conficta
1117 4121 1229 4181 proque
1251 4108 1328 4165 veris
1353 4106 1480 4165 obtrusa.

829 4334 972 4406 CAPUT
998 4335 1049 4407 lll.

300 4474 615 4531 Demadietatibns
633 4474 841 4532 harmonicis
864 4484 897 4533 et
915 4477 1075 4534 trinitate
1097 4482 1381 4538 concordantium
1404 4499 1577 4539 sonorum.

633 4622 719 4682 Vana
741 4629 785 4683 est
808 4621 938 4683 definitio
959 4627 1154 4700 proportionis
1171 4618 1371 4699 harmonicae,
1390 4626 1468 4702 quod
1491 4629 1529 4685 sit
1549 4626 1611 4703 illa,

260 4708 523 4830 ἓξὲξ*
546 4708 598 4766 ubl
621 4710 713 4769 tribus
735 4712 862 4770 numeris
886 4709 987 4769 ordine
1009 4712 1134 4770 naturali
1155 4710 1268 4786 locatis,
1292 4715 1424 4773 hinorum
1448 4715 1611 4773 vicinorum

261 4774 524 4890 ,ῖς-ξς
547 4810 683 4855 excessus
699 4799 809 4856 suntin
824 4800 1011 4874 proportione
1027 4807 1227 4874 euhemerum,
1246 4808 1279 4859 ut
1294 4802 1463 4860 innumeris
1481 4796 1509 4874 3,
1527 4804 1555 4874 4,
1581 4802 1609 4876 6,

451 4932 455 4937 ,
547 4884 691 4945 maximus
715 4886 734 4943 6
760 4893 806 4945 est
833 4884 939 4962 duplus
961 4888 1074 4946 minimi
1094 4889 1113 4945 3
1137 4894 1166 4946 et
1188 4889 1232 4947 sie
1250 4890 1338 4949 etlam
1354 4887 1515 4950 differentia
1535 4891 1612 4950 inter
