3567 5625
689 387 773 444 Liber
790 387 835 445 lv.
854 388 943 458 capnt
960 387 1020 443 vn.
1193 414 1195 417 v
1395 392 1399 401 ·
1469 396 1531 454 253

181 586 257 645 quaa
281 568 506 629 Mirandulauus
528 568 698 644 aspectibus
719 567 906 644 opponebat,
933 569 1041 643 opponi
1071 583 1158 643 posse
1182 565 1321 626 videbam
1348 575 1378 627 et
1400 577 1532 627 contem-

181 658 325 733 peratioui
348 657 470 716 duarum
495 673 609 716 vocum.
654 655 734 714 Nihil
756 672 828 714 sana
850 653 940 712 elficit
962 672 998 714 ne
1021 670 1159 714 sonorum
1175 654 1293 730 quidem
1306 655 1430 713 duorum
1446 657 1533 732 tripla

180 747 331 822 proportio
354 744 402 803 vel
425 744 627 821 sesquialtera,
651 761 742 802 causa
764 744 925 814 acuminis,
949 749 979 801 et
1002 749 1098 801 tumen
1122 745 1203 817 grati
1220 752 1288 801 sunt
1310 745 1393 815 soni,
1416 745 1442 802 si
1465 752 1533 802 sunt

182 835 211 888 in
234 832 322 909 tripla
345 832 391 890 vel
414 830 625 907 sesquialtera,
655 839 756 889 eontra
779 828 954 902 abhorrent,
980 832 1006 887 si
1029 838 1097 888 suut
1126 831 1154 885 in
1178 830 1313 906 septupla
1342 830 1392 890 vel
1415 833 1534 907 sesqui·

183 928 274 981 serta.
320 918 395 978 Cum
423 923 513 996 igitur
541 920 715 978 rationalem
745 923 879 994 oporteat
910 934 1072 990 asserem,
1102 932 1178 993 qnae
1209 919 1325 995 triplam
1355 918 1534 995 aseptupla

185 1006 334 1083 diiudicat,
358 1010 484 1083 animam
500 1024 541 1071 sc.
563 1005 675 1065 auditui
699 1006 890 1082 praelectam,
925 1007 1072 1081 oportebit
1094 1013 1124 1062 et
1145 1007 1175 1061 in
1198 1005 1392 1064 radiationnm
1414 1009 1534 1082 negotio

185 1095 357 1154 rationalem
380 1112 445 1154 esse
468 1104 643 1166 creaturam,
674 1110 750 1168 quae
774 1092 912 1151 discernit
934 1095 1009 1150 inter
1032 1094 1073 1151 60
1096 1092 1238 1167 graduum
1265 1096 1397 1169 interque
1422 1096 1462 1152 59
1487 1094 1533 1154 vel

187 1180 225 1242 61
249 1184 415 1256 subtensas,
440 1186 502 1242 sive
525 1182 577 1240 illa
596 1181 730 1239 discursu
751 1180 789 1237 ad
804 1180 861 1238 lroc
873 1187 980 1252 utatur,
1004 1188 1036 1238 ut
1051 1179 1140 1237 bomo
1155 1180 1321 1255 intelligens
1335 1184 1534 1257 geometriam,

186 1288 237 1329 sen
260 1289 279 1330 a
300 1270 365 1329 solo
389 1272 527 1329 instinctu
550 1276 704 1328 concreato
726 1266 757 1325 id
778 1267 905 1337 habeat,
936 1276 968 1324 ut
990 1268 1100 1326 formae
1122 1269 1302 1341 plantarum,
1331 1286 1407 1345 qnae
1430 1286 1534 1328 numo·

186 1376 248 1417 rum
270 1366 382 1417 certum
403 1357 540 1417 loliorum
569 1357 638 1416 inde
660 1375 678 1416 a
701 1371 796 1414 rerum
820 1358 887 1412 ortu
911 1357 967 1413 sibi
998 1355 1139 1414 creditum
1168 1356 1336 1416 custodiunt
1364 1374 1536 1433 semperque

187 1445 421 1505 architectantur.
465 1444 555 1504 Nulla
583 1445 631 1504 bic
653 1447 699 1502 vis
721 1448 765 1501 est
786 1443 951 1514 mixtionis,
982 1442 1124 1503 velutad
1147 1461 1297 1504 mensuras
1329 1444 1457 1505 medicas
1481 1462 1533 1502 ex·
1636 1432 1644 1441 ’

187 1541 283 1606 actae,
317 1533 399 1592 nulla
431 1535 559 1610 corporis
590 1535 864 1603 instrumentorum
898 1546 952 1613 nco
983 1530 1130 1589 delectant
1163 1535 1229 1591 soni
1257 1534 1425 1591 animantve
1450 1531 1534 1605 radii,

95 1650 99 1657 ·
189 1623 257 1697 quia
278 1623 323 1680 sic
345 1628 414 1679 sunt
436 1620 661 1694 contemperati,
693 1625 725 1675 ut
748 1634 814 1675 cum
836 1616 951 1677 calidae
980 1617 1085 1691 irigida
1108 1620 1260 1693 miscetur,
1293 1619 1391 1695 quoad
1414 1620 1536 1678 resultet

188 1707 323 1784 qualitas,
347 1711 460 1783 corpori
482 1708 579 1767 loturo
601 1705 794 1781 respondens,
825 1722 894 1763 nam
917 1709 945 1761 in
971 1705 1079 1763 talibus
1102 1708 1236 1765 mixturis
1259 1708 1368 1783 optima
1391 1715 1536 1783 tempera·

187 1804 252 1854 tura
274 1813 338 1855 esse
361 1795 438 1856 solet
461 1797 561 1868 unica,
584 1803 697 1853 ceturae
720 1792 764 1850 illi
787 1809 887 1851 omnes
910 1793 1070 1858 secundum
1093 1796 1187 1870 magis
1210 1802 1239 1854 ot
1258 1797 1354 1853 minus
1376 1797 1536 1872 appropin-

188 1892 286 1958 quant.
324 1884 366 1941 ut
388 1885 462 1942 inter
477 1882 720 1957 configurationes
743 1883 874 1955 interque
889 1897 1027 1939 sonorum
1043 1880 1198 1939 intervalia
1218 1881 1317 1958 plures
1346 1892 1414 1941 sunt
1430 1892 1534 1956 metae,
1623 1926 1626 1931 -

189 1981 217 2031 et
240 1973 269 2027 in
293 1970 365 2028 solis
388 1970 433 2028 bis
455 1972 542 2029 metis
565 1978 610 2028 est
630 1971 705 2027 ratio
736 1967 805 2025 hine
827 1970 1098 2040 consonantiarum,
1128 1968 1194 2027 inde
1221 1978 1409 2045 aspectuum3
1440 1972 1478 2029 ab
1502 1973 1537 2029 iis

189 2061 273 2117 melis
296 2060 321 2115 si
347 2058 393 2117 vel
414 2075 517 2132 parum
540 2055 727 2131 digrediaris,
759 2054 820 2131 jam
841 2058 940 2115 statim
962 2059 1049 2132 periit
1071 2059 1147 2115 ratio
1178 2060 1207 2114 in
1229 2057 1367 2115 solidum.
1413 2056 1452 2117 Ut
1474 2062 1536 2135 pri-

189 2162 266 2204 mum
290 2147 367 2203 enim
391 2145 452 2218 Sol,
477 2145 559 2203 verbi
581 2162 679 2217 eausa,
703 2143 821 2202 Saturni
844 2144 1020 2219 quadratum
1042 2144 1201 2219 superavit,
1222 2145 1284 2220 jam
1304 2148 1399 2203 omnis
1415 2154 1537 2205 naturae

189 2231 387 2292 exstimulatio
411 2231 556 2291 deferbuit
576 2241 729 2305 cessatque
752 2247 803 2305 per
824 2233 944 2306 triginta
968 2230 1029 2289 dies
1045 2242 1125 2291 totos
1148 2226 1263 2314 (quoad
1279 2232 1395 2292 Saturni
1420 2233 1537 2308 quidem

188 2327 217 2380 et
238 2319 317 2379 Solis
339 2315 453 2401 radios)
476 2336 606 2394 cousque
629 2319 698 2377 dum
720 2317 771 2377 Sol
795 2316 832 2376 ad
855 2321 961 2376 trinum
977 2318 1094 2377 Saturni
1118 2322 1245 2393 venerit,
1269 2328 1339 2379 tunc
1361 2323 1465 2378 iterum
1488 2324 1535 2377 in·

192 2410 318 2467 citantur
340 2414 527 2484 tempestates
550 2412 635 2465 unico
660 2405 706 2463 die
730 2415 904 2480 cessantque
925 2408 1045 2479 'iterom,
1068 2408 1119 2465 llio
1143 2409 1322 2468 transmisso.
1368 2407 1457 2467 Tales
1478 2425 1537 2466 non
1577 2416 1581 2427 ·

192 2504 259 2554 suot
280 2495 471 2555 alterationes
493 2511 661 2569 corporum,
693 2502 822 2567 atquae
850 2502 966 2570 tempas
989 2508 1074 2553 omno
1105 2495 1143 2561 ab
1166 2496 1250 2553 initio
1279 2494 1426 2555 adfinem
1450 2513 1538 2554 occu·

192 2590 271 2660 pant,
295 2600 444 2658 nunquam
467 2585 700 2652 intermittentes,
724 2580 777 2638 sed
799 2596 866 2638 uum
882 2588 1041 2656 augmento
1056 2596 1163 2641 causae
1176 2596 1300 2657 cumque
1315 2590 1444 2659 tempore
1460 2600 1539 2641 cres-

194 2679 302 2743 centes,
327 2674 489 2747 iterumque
513 2669 657 2728 diminuta
678 2667 729 2726 illa
751 2670 939 2727 remittentes.
985 2666 1050 2727 Uno
1072 2670 1171 2741 verbo,
1195 2673 1325 2729 sicutne
1349 2671 1439 2729 babet
1461 2669 1539 2728 linea
1617 2738 1621 2751 ,

194 2758 230 2818 ad
255 2775 417 2832 numerum,
441 2759 484 2817 sic
504 2756 595 2835 vulgo
618 2763 706 2815 notae
729 2771 886 2831 corporeae
909 2757 1119 2818 commotiones
1144 2773 1176 2816 se
1199 2756 1308 2817 habent
1330 2759 1368 2817 ad
1391 2758 1445 2817 ltos
1468 2775 1540 2817 con-

191 2845 399 2921 figurationem
421 2845 564 2905 stimulos.
610 2844 693 2918 Quae
715 2847 739 2900 si
762 2846 827 2918 quis
850 2843 1005 2920 diligenter
1027 2845 1194 2921 perpendit,
1217 2846 1298 2903 nulla
1321 2849 1345 2904 is
1368 2846 1539 2906 diiiicnltatc

191 2951 289 2992 aecum
313 2934 486 2993 concludere
508 2935 624 3009 poterit,
649 2940 681 2990 ut
704 2948 869 3001 nnmerum,
892 2935 935 2990 sic
958 2933 1011 2991 bas
1035 2949 1153 3007 quoque
1176 2936 1384 2992 commotiones
1407 2951 1539 2991 momen·

193 3029 304 3094 uncas,
328 3021 367 3080 ab
390 3029 519 3097 aspectu,
542 3020 670 3080 rationis»
687 3026 761 3091 ente,
779 3019 939 3093 proiectas,
964 3036 1022 3077 non
1046 3023 1175 3098 corporis
1198 3038 1270 3092 esse,
1293 3022 1345 3080 sed
1370 3022 1540 3080 animalium

192 3107 375 3182 facultatum,
399 3111 526 3166 animam
548 3110 649 3183 itaque
672 3122 736 3164 esse
760 3113 902 3181 oportere,
931 3123 1007 3182 quae
1029 3109 1068 3165 ab
1091 3117 1212 3184 aspectu
1236 3109 1386 3168 admonita
1408 3117 1437 3167 et
1460 3109 1540 3168 velut

192 3199 319 3256 excitata
343 3199 418 3255 oleat
440 3203 570 3254 meteora
593 3202 623 3253 et
644 3200 839 3270 tempestates.
1084 3201 1086 3206 ’

279 3282 364 3357 Quae
389 3299 458 3342 vero
480 3290 532 3342 ant
555 3281 719 3358 cujusmodi
741 3281 814 3339 baec
837 3288 915 3339 esset
937 3282 1044 3352 anima,
1067 3283 1251 3356 potissimum
1273 3283 1310 3340 ab
1334 3284 1397 3359 ejus
1420 3284 1489 3342 sede
1513 3287 1540 3340 in

193 3370 300 3430 mundo
325 3369 463 3446 colligere
485 3371 579 3446 potui.
625 3368 698 3426 Gom
720 3370 798 3426 enim
820 3374 972 3443 aspectus,
1001 3368 1039 3425 ad
1062 3385 1136 3442 quos
1165 3378 1318 3429 moventur
1342 3378 1540 3447 tempestates,

194 3462 251 3517 sint
272 3458 375 3533 anguli
397 3459 518 3517 duorum
540 3456 699 3529 radiorum,
723 3458 838 3526 nonii,
862 3457 913 3530 qni
935 3458 965 3513 in
988 3471 1046 3514 uuo
1070 3454 1117 3513 vel
1140 3456 1232 3515 altaro
1261 3472 1292 3514 se
1314 3466 1414 3516 mutuo
1438 3458 1540 3535 adspi-

194 3550 331 3605 cientium
353 3545 545 3622 pIauetarum,
569 3560 626 3601 nou
649 3546 698 3619 qui
722 3545 750 3599 in
774 3541 851 3614 Sole,
875 3545 1048 3618 quantitatis
1063 3541 1232 3617 longissime
1248 3543 1390 3616 diversae,
1413 3545 1464 3603 sed
1489 3549 1540 3623 qui

194 3634 239 3692 bic
261 3637 290 3691 in
315 3633 600 3706 Terraiormantur,
624 3647 719 3706 noque
741 3630 878 3705 planetae
894 3633 951 3704 ipsi
966 3630 1096 3689 habeant
1112 3633 1244 3689 notitiam
1260 3633 1441 3707 angulorum.
1466 3650 1540 3708 qrros

195 3720 309 3781 illorum
333 3720 407 3779 radii
438 3721 485 3779 hic
514 3722 545 3777 irt
566 3717 656 3777 Terra
678 3720 814 3788 formant,
845 3720 901 3776 nisi
925 3718 991 3775 illos
1013 3725 1196 3776 astronomos
1225 3719 1380 3778 iaciamus:
1410 3723 1541 3794 sequitur

196 3811 298 3885 igitur,
325 3816 357 3866 ut
379 3811 491 3880 anima,
515 3825 591 3882 quae
614 3805 652 3865 ad
674 3808 885 3882 praescriptum
907 3813 1078 3880 aspectuum
1101 3809 1157 3865 ciet
1179 3810 1289 3881 alitem,
1323 3810 1371 3867 hic
1392 3810 1421 3864 in
1445 3806 1541 3866 Terris

194 3898 239 3955 sit.
287 3896 421 3971 Cumque
444 3897 489 3953 vis
513 3894 573 3966 illa,
597 3894 738 3952 comitans
762 3902 914 3968 aspectus,
941 3909 993 3968 per
1015 3900 1108 3951 totum
1131 3895 1229 3952 orbem
1253 3894 1406 3955 Terrarum
1429 3896 1540 3954 sentia-

193 3991 252 4056 tur,
275 3984 377 4042 anima
399 3981 451 4040 illa
473 3999 568 4057 aeque
598 3982 657 4039 late
679 3979 745 4038 lusa
767 3981 835 4053 erit3
867 3989 896 4038 et
928 3997 994 4039 cum
1015 3983 1139 4040 materia
1167 3981 1343 4057 pluviarum,
1377 3992 1538 4057 ventorum,

192 4070 382 4140 nebularum,
414 4071 590 4141 tonitruum,
625 4067 823 4139 chasmatnm,
855 4084 931 4143 quae
955 4078 1085 4145 temporo
1107 4080 1278 4143 aspectuum
1303 4071 1471 4144 eliciuntur,
1503 4074 1542 4131 sit

193 4175 288 4234 vapor
310 4157 447 4216 humidus
472 4156 517 4216 vol
542 4158 669 4232 spiritus,
693 4155 770 4213 alius
792 4156 886 4214 siccus
909 4161 939 4214 et
961 4158 1073 4229 igneus,
1107 4174 1142 4214 ex
1157 4156 1247 4215 Tana
1270 4158 1413 4218 ebulliens
1436 4167 1465 4217 et
1488 4177 1541 4217 ex·

191 4241 298 4303 balans
322 4249 401 4316 (nam
424 4261 476 4303 cur
496 4244 544 4302 hio
566 4243 661 4302 solum
685 4242 873 4301 Aristotelem
903 4241 1005 4306 audiat
1026 4242 1234 4319 philosophus,
1265 4253 1361 4323 spreto
1385 4245 1541 4321 Rodolpho

193 4331 341 4405 Agricola,
365 4335 423 4392 imo
446 4330 739 4406 agricolisomnibus
762 4332 882 4407 suisque
906 4330 980 4390 adeo
1003 4332 1128 4406 propriis
1143 4332 1301 4392 sensibus?
1324 4351 1389 4392 cum
1412 4332 1542 4410 quotidie

192 4421 304 4492 videat,
328 4420 530 4495 ingruentibus
552 4417 661 4494 pluviis
684 4420 825 4476 montium
848 4421 1000 4477 cacumina
1022 4416 1193 4476 nebularum
1224 4423 1282 4478 vim
1306 4438 1442 4496 maguam
1469 4436 1543 4479 evo·

190 4509 298 4584 mere),
323 4510 377 4566 erit
398 4509 487 4583 igitur
509 4508 607 4564 anima
628 4508 686 4564 ista
707 4522 766 4564 non
788 4508 818 4562 in
841 4505 994 4581 superficie
1014 4505 1216 4568 tautummodo
1230 4507 1365 4582 Telluris,
1388 4506 1439 4566 sed
1464 4509 1541 4566 intus

190 4596 284 4655 ctiam
308 4597 335 4651 io
359 4597 491 4654 cavernis
514 4595 723 4666 subterraneis,
747 4595 777 4649 in
799 4594 944 4652 meatibus
966 4592 1125 4664 montium3
1157 4592 1282 4669 denique
1305 4595 1413 4655 Terrae
1435 4594 1550 4670 globus

187 4681 254 4743 tais
276 4699 380 4759 corpas
404 4684 467 4754 erit,
490 4682 578 4757 qualo
601 4695 646 4740 est
667 4679 792 4753 alicujus
815 4680 960 4752 animalis,
984 4678 1122 4756 quodque
1146 4681 1265 4739 animali
1289 4692 1333 4742 est
1354 4700 1409 4740 soa
1431 4684 1538 4755 anima,
1569 4667 1572 4682 ’

188 4772 254 4830 hoc
275 4771 329 4830 erit
351 4769 462 4829 Telluri
483 4768 567 4844 baec,
590 4785 680 4845 quam
702 4771 883 4843 quaerimus,
906 4775 1012 4828 natura
1033 4767 1216 4846 sublunaris,
1238 4786 1314 4846 quae
1337 4770 1374 4829 ad
1396 4787 1540 4846 praesen·

189 4860 269 4920 tiam
291 4865 463 4936 aspectuum
484 4863 584 4918 movet
605 4861 805 4933 tempestates.
