3567 5625
294 419 356 482 378
437 479 439 484 ,
803 417 951 484 Ριιιιιιιιι
968 415 1124 478 Hermoni&

293 590 347 646 hoc
364 592 450 661 magis
472 591 537 650 illac
554 600 610 650 ιιιιι
628 591 750 661 singulse
773 593 829 649 suis
847 593 958 656 muniis,
984 609 1065 662 quam
1084 592 1226 652 uniuersae
1246 593 1349 662 junctis
1374 593 1467 666 spuis
1487 601 1640 664 congruunt

293 679 322 726 et
339 671 495 740 conspirent
512 671 548 728 ad
564 679 669 728 certum
687 687 766 742 opus.
802 672 877 726 llaec
896 677 938 726 est
960 685 1043 726 cansa
1059 671 1191 728 naturalis
1208 675 1237 727 ιι
1254 671 1401 742 generalis,
1423 672 1548 741 suspenor
1566 681 1639 729 usa-

294 764 453 819 quercuum
477 751 522 805 hic
539 759 770 821 comparaturum,
794 750 858 819 quia
877 748 1006 805 informat
1023 765 1077 804 nnn
1094 757 1200 806 tantum
1222 748 1381 806 inunitatem
1399 749 1509 805 auditus
1534 750 1569 805 sd
1587 751 1639 808 dis

292 828 444 884 cernendos
461 846 545 885 sonos
569 838 598 885 et
615 830 828 898 dignoscendum
847 845 995 898 congruum
1017 827 1051 882 ab
1069 828 1231 898 incongruo,
1257 827 1347 898 adque
1373 827 1580 885 delectationem
1598 845 1641 885 ca·

292 907 419 977 piendam
437 923 471 962 ex
491 908 632 978 congruis,
657 907 777 963 dolorem
800 923 834 962 ex
852 907 1022 998 incongruis,
1047 906 1096 962 sed
1113 907 1241 962 informat
1257 908 1340 966 etiam
1361 915 1418 964 tam
1435 916 1561 964 usturam
1578 908 1640 965 suh

293 992 422 1056 lunarem,
441 1003 512 1056 quse
530 996 573 1043 est
590 989 680 1044 anima
698 987 808 1056 Terrae,
827 1002 909 1056 quam
926 985 1029 1041 animas
1048 997 1207 1042 cunctorum
1225 988 1380 1052 viventium,
1398 986 1433 1042 ad
1446 987 1641 1046 discernendos

295 1077 344 1117 sen
362 1030 479 1133 mg’ulos
496 1068 632 1126 radiorum
651 1068 801 1124 binorum
794 1085 822 1122 ιι
836 1067 922 1122 Terra
938 1065 1078 1133 formatos,
1097 1080 1146 1122 seu
1159 1082 1300 1122 mensurus
1316 1082 1419 1134 eorum,
1435 1083 1516 1124 ιιιιιι
1529 1067 1641 1140 zodiaci

291 1139 436 1198 distinctos
454 1161 471 1199 a
488 1153 547 1202 toto
567 1163 616 1215 per
634 1133 769 1214 dbjectnm
788 1147 903 1202 duorum
921 1159 1065 1215 corporum
1083 1145 1309 1214 planetariorum,
1335 1153 1363 1199 et
1379 1146 1579 1214 compmmdos
1595 1161 1643 1202 ecs

295 1238 357 1276 cum
375 1222 489 1280 ιοιιιιιο
506 1232 580 1294 toto,
599 1234 630 1280 ut
648 1224 799 1293 siquando
817 1224 1020 1294 proportionem
1038 1223 1220 1280 harmonicam
1244 1219 1449 1294 deprehendant
1471 1226 1544 1280 inter
1560 1225 1642 1282 ιιιιιι

293 1306 399 1370 partem
417 1309 445 1356 st
462 1310 558 1371 totum,
577 1319 592 1357 e
610 1303 724 1373 vestigio
741 1304 797 1358 sint
814 1315 955 1372 operosus,
973 1300 1020 1356 illa
1031 1302 1172 1372 quidem
1164 1321 1192 1358 ιιι
1204 1304 1343 1360 eliciendis
1355 1302 1439 1360 tumn
1448 1312 1475 1358 et
1486 1303 1641 1373 saporibus,

291 1394 327 1434 ex
351 1379 449 1447 quihus
472 1389 594 1438 meteors
611 1383 693 1449 finnt,
718 1382 788 1436 istae
810 1397 873 1438 sero
891 1381 920 1436 in
937 1377 1055 1434 mochus
1073 1379 1129 1435 suis
1146 1379 1378 1440 conuenientibus
1414 1380 1512 1450 Itaque
1534 1380 1643 1449 quoties

292 1456 364 1512 duae
382 1458 502 1516 chordae
519 1460 671 1529 acqualiter
689 1468 784 1516 tensae
801 1459 874 1514 inter
892 1475 922 1514 se
940 1466 1106 1526 consonant,
1129 1458 1212 1515 toties
1229 1458 1347 1516 facultas
1364 1459 1473 1514 auditus
1489 1459 1643 1516 radcnslis·

292 1535 361 1592 sima
378 1552 413 1592 ex
431 1536 566 1608 longiore,
590 1539 632 1593 rel
651 1538 673 1593 ιι
691 1539 760 1594 haec
777 1538 865 1593 minor
884 1536 967 1607 duplo
986 1535 1121 1627 reliquae,
1146 1546 1211 1593 tunc
1235 1553 1271 1593 ex
1288 1538 1446 1594 alterutrius
1472 1534 1558 1608 duplo
1577 1554 1641 1607 qua·

290 1611 422 1684 droplnse
449 1615 517 1673 iacit
539 1617 682 1687 cuculum,
710 1623 738 1672 et
759 1632 815 1685 qua
837 1616 926 1684 figura
950 1614 1102 1685 regulari'
1095 1633 1123 1671 ιιι
1155 1617 1207 1672 hoc
1225 1615 1327 1672 circulo
1351 1615 1509 1685 designetur
1525 1615 1643 1686 reliqua,

294 1698 424 1760 tanquam
441 1710 506 1766 pars
524 1696 552 1751 in
570 1696 652 1764 hujus
669 1693 764 1751 circuli
782 1695 909 1763 semisse,
934 1692 1094 1749 considerat
1130 1694 1201 1748 Ει
1193 1710 1221 1748 ιιι
1238 1694 1350 1751 ιοιιιιιιο
1368 1695 1473 1752 nullum
1492 1694 1525 1750 fit
1541 1702 1643 1750 statum

292 1769 413 1838 initium,
441 1789 493 1829 nec
509 1774 580 1830 ratio
597 1773 714 1830 hahetur
735 1765 766 1828 i2
784 1771 937 1844 aequalium
955 1773 1123 1841 portionum,
1139 1787 1210 1843 quae
1227 1772 1305 1843 ιιιιιι
1323 1774 1463 1842 donnus,
1487 1774 1538 1829 sed
1555 1772 1644 1842 requi·

293 1856 390 1905 runtur
411 1850 464 1906 duo
482 1850 610 1924 planetae
635 1851 697 1907 ιιι
704 1867 751 1920 eo,
775 1849 810 1906 ad
828 1849 1021 1906 formandum
1016 1860 1175 1940 aspectum,
1206 1851 1393 1922 ubicunque
1381 1868 1438 1922 pam
1460 1853 1532 1908 alter
1550 1868 1644 1907 corum

293 1926 425 1997 consistit,
442 1929 507 1986 inde
524 1938 635 2001 putatur
652 1927 746 1984 circuli
763 1927 875 1985 minum.
912 1929 987 1984 ilaec
1005 1929 1087 1997 igitur
1110 1940 1153 1986 est
1171 1931 1250 1986 unica
1269 1947 1332 1986 vera
1353 1938 1382 1988 et
1398 1930 1529 1986 naturalis
1548 1945 1641 1998 causa,

293 2020 342 2059 cur
362 2007 459 2062 meritc
484 2016 676 2079 comparentur
701 2013 828 2076 aspectus
851 2005 951 2077 singuli
974 2023 1034 2063 cunr
1061 2007 1172 2076 singulis
1199 2011 1383 2084 consonantiis
1409 2025 1463 2065 non
1489 2008 1641 2065 minorihus

293 2101 374 2153 quam
393 2084 537 2156 diapason,
562 2088 665 2158 quippe
683 2095 827 2155 utrumque
849 2085 963 2142 effectus
981 2094 1023 2142 est
1041 2089 1121 2143 unius
1142 2097 1172 2142 et
1188 2088 1311 2157 ejusdem
1334 2104 1434 2145 causac
1452 2087 1643 2157 archetypicac

292 2163 320 2222 iu
344 2162 435 2222 enimc
457 2165 601 2229 residentis
628 2167 796 2234 eandemque
821 2181 973 2220 mensuram
997 2165 1201 2234 quantitativum
1224 2167 1315 2223 habet.
1353 2166 1553 2224 consonantiae
1569 2181 1645 2230 sero,

293 2257 365 2310 quse
382 2250 448 2300 sunt
463 2245 581 2301 minores
599 2262 680 2315 quarn
699 2244 839 2314 diapason,
857 2243 960 2299 habent
974 2244 1031 2311 jmn
1052 2244 1280 2313 comparationem
1297 2261 1359 2301 curn
1374 2244 1531 2315 aspectibus
1550 2259 1646 2300 secun·

292 2319 403 2390 dariam,
421 2329 556 2391 quatenus
574 2324 678 2380 scilicet
699 2322 761 2376 illae
780 2339 828 2391 per
845 2322 1011 2379 additionem
1030 2320 1123 2390 unius,
1149 2321 1263 2378 duorum
1290 2322 1332 2378 sel
1354 2324 1438 2379 trium
1460 2324 1592 2394 diapason
1612 2339 1646 2377 ex

290 2397 440 2456 minoribus
463 2399 533 2456 fiunt
559 2400 689 2470 mqiores,
713 2404 888 2471 nasciturque
911 2399 980 2457 haec
1003 2401 1120 2472 augendi
1144 2400 1254 2460 licentis
1280 2402 1445 2474 exlegibus
1472 2400 1646 2457 rectitudinis

293 2475 457 2538 chordarum
475 2478 587 2536 seorsim
606 2486 684 2534 extra
701 2479 840 2535 circulum
877 2482 916 2533 At
932 2477 989 2535 toni
1007 2478 1222 2548 repraesentatio
1239 2481 1268 2533 iu
1287 2479 1388 2536 circuio
1405 2479 1480 2536 nulia
1497 2487 1557 2549 cst,
1574 2494 1646 2554 quae

293 2555 402 2626 quidem
420 2557 455 2612 ad
472 2558 587 2614 eandem
604 2574 726 2614 normam
743 2558 873 2629 quadret;
890 2557 982 2613 nullus
999 2559 1071 2616 enirn
1088 2566 1217 2628 aspectus
1236 2567 1291 2628 est,
1312 2559 1391 2629 crpus
1408 2573 1488 2614 arcus
1505 2572 1569 2611 cum
1586 2564 1646 2612 toto

293 2633 394 2689 circuio
413 2644 585 2705 comparatus
605 2636 728 2706 designet
744 2635 947 2706 proportionem
965 2638 1189 2710 sesquioctavam
1227 2640 1348 2706 Cumque
1369 2638 1397 2692 in
1416 2634 1589 2704 harmonice,
1617 2643 1646 2691 ut

294 2730 364 2782 quae
386 2713 472 2770 multo
495 2714 624 2783 majorem
648 2716 806 2772 varietatem
830 2715 1019 2784 complectitur
1040 2733 1122 2788 quarn
1145 2715 1215 2770 ratio
1237 2724 1408 2786 aspectuum,
1436 2729 1503 2770 usus
1526 2712 1587 2768 toni
1610 2713 1646 2768 sit

226 2812 233 2823 ·
294 2791 436 2862 multiplex
464 2793 498 2849 ad
523 2793 658 2850 sectiones
682 2793 953 2851 consonantiarum¹
945 2814 973 2852 ιι
995 2805 1088 2867 partes
1110 2796 1272 2861 concinnas,
1298 2795 1326 2852 in
1352 2794 1502 2884 astrologia
1525 2793 1647 2850 vicissim

295 2871 371 2928 nulla
393 2888 443 2927 nos
465 2880 545 2942 urget
567 2873 730 2941 necessitas,
756 2881 787 2929 nt
812 2882 938 2942 aspectus
959 2874 1143 2932 dividamus
1135 2892 1164 2930 ιι
1189 2883 1282 2947 partes
1308 2862 1446 2945 analogas.
1487 2872 1549 2931 ιιιιι
1576 2875 1647 2928 enim

296 2950 397 3022 grudm
415 2960 591 3023 quaeruntur,
610 2969 659 3022 per
678 2968 747 3022 quos
766 2960 863 3006 canutus
881 2958 1010 3021 transeut,
1029 2952 1074 3009 hic
1091 2953 1192 3022 gradus
1211 2952 1276 3010 nulii
1289 2953 1398 3044 dantur,
1416 2954 1516 3024 quibus
1535 2953 1648 3041 planeta

294 3046 311 3083 a
329 3030 440 3101 planetu
457 3040 599 3102 separetur
617 3032 700 3089 ueluti
718 3048 767 3102 per
785 3031 880 3095 saltus,
899 3046 959 3087 curn
979 3032 1107 3087 continua
1126 3032 1162 3087 sit
1179 3033 1294 3088 ducrum
1313 3032 1479 3089 abinvicem
1498 3030 1648 3099 separatio.

293 3108 466 3179 Supervacua
490 3109 573 3179 igitur
596 3118 639 3166 est
661 3111 827 3181 comparatio
850 3109 906 3163 toni
931 3125 993 3164 cum
1019 3110 1199 3180 astrologicis.
1236 3111 1312 3169 llaec
1338 3113 1405 3168 satis
1432 3128 1483 3183 pro
1507 3108 1649 3195 praesenti

293 3187 420 3257 materia;
438 3196 529 3245 cetera
546 3197 674 3258 petantur
693 3205 727 3243 ex
744 3206 805 3245 meo
823 3187 892 3243 iibro
911 3194 1015 3257 quarto

859 3463 1001 3535 CAPUT
1029 3461 1069 3536 X.
1174 3493 1178 3503 ·

230 3656 233 3665 ι
294 3624 391 3692 Quod
416 3627 524 3683 motui
549 3633 721 3684 astrorum
743 3627 928 3685 secundnm
951 3628 1198 3696 longitudinem
1216 3610 1445 3700 ¹comparetur
1467 3631 1653 3687 successio

880 3730 1054 3772 sonorum.

383 3844 570 3955 Cum‘igit'ur
591 3887 649 3939 tres
671 3881 730 3939 sint
752 3883 866 3956 species
887 3886 1020 3938 motuum
1033 3876 1075 3955 Ι),
1101 3898 1161 3940 una
1182 3897 1315 3957 prorsum
1336 3889 1573 3960 retrorsumque,
1600 3902 1654 3945 sen
1761 3920 1762 3925 κ

295 3967 324 4022 in
348 3965 552 4026 antecedentia
580 3975 609 4027 et
631 3971 842 4045 consequentia
869 3975 899 4027 ct
924 3967 1087 4026 secundum
1116 3968 1343 4044 longitudinem,
1375 3969 1536 4031 secundnm
1559 3991 1655 4049 qnam

295 4052 368 4111 fiunt
396 4053 524 4113 siderum
556 4050 761 4115 mansiaticnes
790 4057 827 4116 ah
858 4062 921 4114 ortu
944 4056 973 4111 in
997 4071 1133 4114 occasum
1160 4054 1378 4133 ettennon),
1408 4058 1499 4118 altera
1531 4078 1654 4120 sursum
1761 4098 1762 4101 =

297 4140 543 4217 deorsumque'ct
565 4141 725 4202 secundnm
748 4141 946 4225 altitudinem,
972 4142 1131 4202 secundum
1154 4161 1228 4220 quas
1253 4146 1300 4205 vel
1322 4146 1491 4222 longissime
1515 4166 1535 4205 a
1557 4147 1657 4209 Terra

294 4237 464 4305 moventur,
498 4229 544 4289 vel
568 4232 698 4306 proxime
724 4229 819 4304 iilam,
851 4232 938 4292 tertia
958 4228 997 4287 ad
1019 4229 1113 4290 latera
1136 4242 1166 4290 et
1188 4232 1348 4293 secundnm
1370 4234 1572 4309 latitudinem,
1605 4254 1657 4301 se-

299 4316 426 4376 cundum
449 4334 537 4419 quam
561 4320 712 4397 contingit,
737 4329 769 4377 ut
791 4321 973 4380 accessiones
995 4318 1082 4377 nohis
1104 4318 1376 4382 fiantthorealiorcs
1398 4323 1446 4383 sel
1467 4323 1658 4387 meridiona-

272 4403 400 4463 .iiores:
431 4406 568 4481 primam,
598 4422 674 4480 quae
698 4414 742 4467 est
763 4406 922 4467 secundum
944 4404 1166 4481 longitudinem,
1199 4409 1279 4470 hona
1301 4427 1366 4470 cnm
1388 4412 1502 4479 ratione
1526 4429 1656 4472 accom-

298 4490 484 4551 modabimus
518 4495 654 4553 transitui
687 4512 787 4555 versus
818 4496 963 4555 scutimus
995 4493 1167 4569 simpliciter
1200 4506 1253 4556 aut
1283 4500 1433 4574 gravimes
1461 4496 1657 4582 scnitns¹¹¹)

296 4579 402 4639 Nam
395 4596 423 4637 un
447 4588 573 4656 unaque
596 4584 726 4642 motione
748 4584 851 4642 similis
874 4590 919 4641 est
941 4583 1088 4641 successio
1116 4584 1146 4639 in
1170 4588 1390 4661 consequentia.
1435 4585 1557 4647 Similes
1583 4606 1658 4649 vcro

296 4669 385 4726 ctiam
416 4681 485 4726 sunt
507 4669 665 4729 orientales
689 4670 942 4744 occidentalesque
968 4676 1067 4743 partos
1090 4672 1272 4731 tensionibus
1300 4676 1497 4749 gravissimis,
1532 4675 1658 4736 coelum

296 4770 366 4813 vern
407 4754 573 4815 mediantes
603 4758 785 4816 acodssimis.
839 4758 914 4816 Nam
944 4768 973 4815 et
1004 4763 1086 4815 ortus
1119 4775 1299 4836 cccasmqne
1332 4763 1508 4838 principium
1537 4762 1658 4823 hahent

250 4885 253 4889 -
298 4842 444 4919 finemque
474 4844 726 4921 apparentiarnm3
756 4846 829 4904 iilud
859 4845 976 4923 quidem
1004 4853 1144 4932 tanquam
1176 4864 1212 4907 cx
1234 4850 1439 4935 inconspicuo,
1468 4848 1551 4910 hunc
1582 4870 1658 4914 vern
1761 4846 1762 4849 ’
