3567 5625
288 407 352 466 tte
753 391 923 469 'Appendicis
939 395 1163 456 Harmonicornm

287 596 418 640 consona
440 597 459 639 a
481 578 630 639 concinnis
652 577 786 638 dissonis.
831 576 897 637 Nou
919 578 1063 654 gignitur,
1092 577 1235 653 Roboris,
1265 582 1438 641 concinnum
1460 591 1549 641 mum
1574 581 1635 641 dis·

287 685 391 727 sonum
415 685 434 726 a
455 665 570 725 duobus
593 669 746 744 consonis,
779 673 810 724 ut
837 682 909 740 puer
939 673 1120 750 arnareet
1147 667 1269 739 femina,
1302 667 1431 728 humana
1452 673 1565 746 species
1596 671 1633 728 ab

286 755 432 814 hnmanae
456 757 562 830 speciei
587 756 773 831 parentibus,
805 751 927 811 sedeat
954 752 1026 811 haee
1047 757 1182 829 genitura
1209 754 1283 813 nihil
1305 755 1401 829 aliud,
1434 774 1523 833 qnam
1543 760 1635 816 sectio

287 844 466 918 geometrica
488 844 607 900 consoni
629 841 749 916 majoris
772 856 823 915 per
846 838 1031 914 epbarrnosin
1047 845 1169 900 consoni
1186 844 1315 902 minoris.
1360 843 1550 919 prarmosis
1565 863 1634 905 vero
1730 849 1741 868 ⁸

287 931 320 989 lit
343 932 371 988 in
387 930 645 1007 proportionibus,
669 929 829 988 constituto
852 925 945 984 altero
969 930 1091 988 termino
1114 932 1249 1005 uninque
1272 929 1391 1009 eodem,
1419 935 1553 1008 utrinqne
1576 935 1635 990 sci-

286 1018 355 1077 licet
376 1018 487 1093 maJore
513 1017 559 1076 tel
583 1018 717 1091 utrinqne
740 1016 859 1073 minore.
905 1012 983 1071 Nilril
1007 1023 1107 1074 autem
1128 1020 1198 1075 novi
1221 1028 1266 1076 est
1287 1019 1316 1074 iu
1338 1022 1526 1094 geometria,¹
1548 1022 1635 1080 sectis

286 1106 419 1181 figuratis
442 1121 492 1181 per
515 1102 740 1181 applicationem
762 1101 878 1177 figurati
900 1103 1015 1176 generis
1037 1102 1160 1162 alterins
1188 1104 1296 1164 lemma
1316 1108 1455 1166 consotm
1477 1123 1535 1165 non
1558 1106 1635 1182 fign-

285 1202 395 1264 ratnm‚
428 1191 480 1250 sed
510 1191 672 1251 nobilitatis
702 1190 824 1248 vilioris.
870 1188 919 1274 Sic
939 1186 1026 1250 ,latus
1048 1190 1200 1266 sexanguli
1230 1201 1276 1251 est
1304 1192 1420 1252 effabile
1442 1193 1635 1270 longitndine,

286 1278 363 1338 latus
386 1279 524 1354 trianguli
547 1277 663 1339 effabile
685 1279 830 1353 potentia,
861 1284 891 1336 et
913 1284 1009 1334 tamen
1032 1279 1058 1336 si
1079 1278 1194 1337 auferas
1223 1279 1302 1338 latus
1325 1278 1478 1356 sexangnli
1502 1300 1521 1341 a
1543 1280 1634 1341 latere

286 1366 437 1442 trianguli,
466 1365 637 1442 relinquitur
659 1362 806 1423 ineffabile
830 1364 995 1439 quippiam,
1025 1364 1105 1440 quod
1127 1373 1283 1443 apotomen
1306 1366 1466 1445 appellant
1512 1369 1550 1428 Et
1572 1367 1632 1427 dini

285 1457 315 1511 in
339 1453 533 1524 Harmonieis,
555 1454 757 1529 proportiones
780 1451 965 1510 harmonicas
988 1450 1026 1510 ab
1048 1451 1218 1527 hujusmodi
1239 1454 1463 1530 figurationibus
1485 1454 1547 1515 ficri
1565 1455 1636 1514 lrar-

285 1544 433 1614 monicas,
457 1557 515 1600 non
537 1558 557 1599 a
578 1543 741 1616 quantitate
763 1537 858 1606 nuda,
883 1547 916 1595 nt
937 1554 1014 1613 qnae
1037 1543 1176 1599 materiae
1200 1541 1279 1600 rudis
1301 1541 1398 1602 ideam
1422 1560 1548 1618 praese
1571 1545 1634 1602 lert

248 1686 251 1692 ,
373 1629 508 1704 Denique
531 1635 610 1687 totns
632 1629 661 1686 in
684 1626 839 1703 physicum
862 1625 935 1698 abis,
959 1624 1029 1683 dum
1050 1626 1219 1687 harmonica
1251 1628 1409 1706 iliauoplus,
1441 1649 1462 1690 o
1485 1630 1636 1690 andoure

286 1719 468 1787 maturitas,
497 1715 536 1773 ab
558 1715 782 1792 imperfectione
801 1714 958 1789 perfectio,
981 1711 1093 1773 scilicet
1116 1713 1173 1773 boc
1196 1717 1258 1789 vis,
1286 1734 1305 1774 a
1326 1720 1476 1776 concinnis
1499 1718 1537 1787 ad
1560 1736 1633 1778 eon·

155 1797 163 1808 '
285 1820 359 1864 sona
384 1806 462 1861 viam
485 1801 745 1861 molirinaturam.
789 1798 886 1859 Velim
903 1802 992 1876 scire,
1025 1818 1084 1876 qna
1107 1803 1135 1858 in
1157 1804 1274 1864 lernaea
1295 1803 1347 1863 fiat
1370 1807 1427 1864 ista
1448 1809 1581 1865 excoctio
1605 1817 1634 1864 et

224 1889 230 1898 ⁴
286 1907 344 1967 qno
369 1890 456 1967 ignei
500 1889 629 1967 Physica
650 1889 737 1961 finnt,
761 1887 969 1947 mathematica
991 1897 1067 1946 sunt
1113 1887 1215 1950 Omnis
1229 1894 1381 1951 maturitas
1403 1896 1554 1970 praeviam
1577 1893 1635 1953 ha·

285 1979 336 2037 bet
357 1980 521 2037 necessario
545 1976 726 2047 cruditatem,
750 1983 781 2033 et
803 1971 996 2034 consonantia
1018 1975 1168 2050 quaelibet
1190 1987 1307 2056 propter
1326 1982 1467 2057 seipsam
1490 1991 1537 2040 est
1559 1997 1633 2040 con-

285 2066 433 2142 ¹sonantia,
467 2081 525 2122 non
553 2072 669 2141 propter
695 2062 788 2122 aliam
817 2079 916 2122 secum
946 2072 1153 2138 comparatam.
1197 2064 1302 2142 ltaque
1332 2070 1523 2128 consonantia
1546 2070 1635 2127 unica

284 2170 343 2212 non
365 2153 529 2211 necessario
551 2152 762 2229 praesupponit
784 2152 956 2209 correinnum
981 2148 1147 2225 dissonnm3
1170 2169 1323 2228 possemus
1339 2157 1417 2213 enim
1439 2171 1542 2214 canere
1566 2173 1634 2231 per·

286 2248 384 2316 petuo,
407 2245 452 2313 at,
474 2239 527 2312 sol,
551 2247 588 2298 at
607 2238 660 2312 ool
683 2253 736 2299 nec
759 2255 833 2313 opus
856 2247 934 2296 essm
955 2237 1115 2296 intervallis
1138 2240 1331 2314 intermediis,
1362 2250 1412 2316 nt,
1435 2260 1481 2316 re,
1503 2245 1564 2317 mi,
1586 2244 1634 2319 fa,

282 2327 341 2400 eol,
366 2327 471 2384 sinon
493 2332 677 2402 praeterret,
707 2324 751 2384 sol
772 2333 877 2383 natura
898 2322 1015 2383 doceret
1039 2326 1128 2385 etiam
1149 2333 1198 2400 at,
1229 2329 1266 2403 fo
1288 2336 1317 2387 et
1338 2336 1388 2402 nt,
1418 2333 1479 2402 mi,
1504 2328 1632 2406 denique

285 2417 310 2476 si
333 2430 390 2471 non
413 2412 601 2473 intervallum
622 2420 672 2487 ut,
693 2414 730 2489 fa
752 2420 829 2471 esset
851 2411 976 2486 aequale
999 2411 1153 2471 intervallo
1176 2431 1224 2485 re,
1246 2415 1299 2474 eol.

371 2500 462 2560 Porro
486 2502 603 2561 notabis
626 2500 683 2558 boc
705 2499 785 2571 milri,
809 2498 950 2570 Roberte,
981 2500 1085 2578 itqrum
1107 2508 1153 2574 te,
1186 2500 1255 2559 dum
1284 2519 1385 2562 omnes
1414 2505 1542 2563 rationes
1564 2522 1636 2580 pro-

278 2589 355 2661 tere,
377 2585 420 2647 vut
441 2596 528 2648 tonos
559 2597 590 2649 et
620 2588 776 2647 semitonia
799 2588 896 2662 priora
917 2593 1022 2643 natura
1043 2586 1135 2648 iacias
1158 2592 1372 2663 consonantiis,
1398 2591 1511 2650 interim
1534 2590 1634 2651 firma·

283 2685 413 2735 mentum
435 2675 492 2735 boc
514 2678 656 2736 intactam
679 2673 841 2750 reliquisse,
865 2672 1169 2733 incommensurabilia
1191 2693 1255 2735 esse
1277 2675 1351 2736 haec
1373 2676 1431 2734 illis
1459 2687 1488 2736 et
1511 2688 1635 2756 utraque

285 2765 341 2823 sibi
366 2764 453 2840 ipsis,
477 2765 577 2839 itaque
600 2762 662 2822 fieri
684 2778 743 2822 non
766 2778 871 2837 posse,
895 2769 928 2819 nt
949 2759 987 2820 ab
1010 2761 1114 2821 borum
1136 2764 1255 2824 minimo
1277 2773 1480 2841 comparentur
1502 2765 1634 2843 reliqna3

285 2868 344 2910 non
368 2868 434 2911 esse
459 2853 547 2926 igitur
578 2868 667 2909 unum
689 2851 841 2908 minimam
863 2858 969 2906 natura
995 2851 1074 2925 prius
1096 2850 1265 2926 majoribus.
1310 2852 1385 2912 Item
1414 2869 1544 2912 consona
1566 2857 1635 2913 oriri

283 2957 303 2998 a
323 2938 424 3013 figuris
447 2937 722 2998 demonstrationem
746 2936 980 3009 admittentibus,
1013 2935 1165 3011 quodlibet
1188 2941 1274 3013 igitur
1297 2957 1329 2999 se
1352 2942 1415 3017 ipso
1439 2944 1580 3017 seorsim3
1604 2951 1636 3000 at

286 3028 430 3085 corrcinna
453 3024 586 3097 dissona,
617 3027 642 3084 si
664 3024 764 3100 figuris
786 3023 969 3100 applicentur
991 3023 1029 3081 ad
1051 3024 1215 3101 exemplum
1238 3042 1447 3100 consonarum,
1478 3028 1636 3089 indemon-

283 3104 464 3171 strabilibus
482 3112 661 3190 applicatum
692 3112 744 3183 iri,
776 3117 877 3171 tonarn
900 3110 1013 3171 seilicet
1043 3121 1197 3187 utrumque
1229 3114 1414 3191 nonangulo,
1445 3118 1635 3176 semitonium

286 3198 531 3275 quindecengolo‚
555 3199 801 3258 demonstratione
824 3199 942 3273 propria
963 3197 1121 3270 destituto,
1145 3200 1237 3260 diesin
1261 3203 1509 3278 icosipentagono.
1557 3204 1633 3263 Cum

286 3290 375 3362 igitur
397 3287 499 3345 harum
522 3286 678 3363 figurarum
710 3285 791 3344 nuilla
813 3289 851 3343 sit
874 3286 1064 3355 subsistentia
1085 3286 1237 3359 mentalis,
1267 3289 1339 3346 nihil
1369 3293 1454 3367 igitur
1485 3308 1523 3348 ex
1546 3294 1583 3349 iis
1606 3295 1635 3348 in

285 3384 383 3435 mente
406 3377 530 3446 orietur,
562 3377 712 3450 quianon
737 3375 811 3431 entis
839 3370 912 3429 nulli
938 3382 1007 3430 sunt
1028 3373 1157 3431 effectus.
1201 3374 1267 3433 Non
1292 3379 1422 3435 oriuntur
1450 3379 1539 3454 igitur
1562 3397 1636 3438 con-

285 3464 371 3531 cinna
402 3461 521 3521 dissona
544 3480 579 3521 en
601 3462 715 3537 figuris,
745 3468 777 3518 ut
800 3477 943 3531 consona,
974 3467 1096 3518 atvero
1126 3473 1248 3537 apparet
1279 3461 1452 3537 clarissime,
1484 3465 1536 3524 illa
1569 3484 1636 3525 esse

285 3566 426 3609 excessus*
445 3549 588 3624 majorum
611 3545 804 3607 consonarum
827 3565 917 3623 supra
939 3549 1059 3605 minora.
1106 3547 1264 3607 Conficitur
1280 3552 1376 3625 igitur,
1400 3562 1431 3610 ut
1448 3571 1538 3612 unum
1562 3572 1636 3613 eon-

285 3639 403 3696 cinnum
426 3635 577 3695 dissonum
607 3639 716 3695 oriatur
739 3653 775 3692 ex
798 3636 1015 3712 comparatione
1038 3633 1161 3694 duorum
1189 3653 1383 3697 consotiorum
1409 3641 1474 3715 jam
1495 3650 1636 3701 ortorum.

282 3723 358 3783 Sunt
380 3740 449 3799 ergo
472 3726 534 3781 toni
557 3730 587 3782 et
608 3724 763 3782 semitonia
783 3731 888 3782 natura
911 3724 1073 3797 posteriora
1096 3725 1301 3783 enrrsonantiis.

369 3811 427 3870 Ad
450 3809 631 3889 Analyein
654 3808 740 3868 XIV.
783 3808 854 3873 Jam
877 3810 988 3868 dudum
1010 3809 1063 3868 abs
1087 3819 1129 3882 te,
1154 3810 1298 3885 lieberto,
1322 3815 1412 3888 petii,
1443 3815 1486 3873 uti
1508 3833 1557 3875 sne
1580 3834 1638 3875 ex·

283 3905 415 3957 cusatum
444 3897 555 3958 babeas
579 3898 616 3957 de
638 3899 756 3957 crimine
786 3897 1006 3956 obtrectationis
1035 3906 1087 3954 aut
1113 3898 1347 3961 malevolentiae.
1392 3900 1514 3960 Nullum
1537 3921 1638 3979 neque

231 4023 234 4037 .
283 3984 453 4062 tibiaeque
476 3984 647 4045 Ptolemaeo
671 3984 799 4046 dedecus
821 3984 956 4056 ontmdo,
980 3984 1059 4060 quod
1082 3985 1279 4061 symbolismis
1298 3989 1412 4046 utimini
1434 3990 1508 4047 nihil
1526 3991 1638 4050 directe

284 4070 559 4133 demonstrantibus.
605 4071 681 4147 Quin
705 4075 803 4148 potius
825 4089 969 4147 agnosco,
1000 4066 1132 4131 naiuram
1164 4076 1258 4149 ipsam
1284 4093 1381 4134 rerum
1413 4093 1480 4136 sese
1511 4079 1639 4155 prodere

281 4162 455 4236 gestientem
477 4162 577 4238 primis
599 4160 657 4218 illis
681 4161 844 4234 conatibus,
867 4158 907 4218 ad
932 4176 1029 4219 verum
1054 4160 1172 4235 quidem
1192 4161 1510 4234 alludentibus,.viam
1536 4179 1637 4225 tamen

283 4249 376 4324 ipsam
400 4249 472 4307 meri
495 4249 556 4307 veri
579 4246 707 4306 nondum
730 4249 880 4307 assecutis.
926 4247 1063 4307 Invenies
1085 4246 1194 4307 alicubi
1209 4249 1428 4310 similitudinem
1450 4270 1532 4312 ame
1548 4271 1640 4312 usur·

282 4342 381 4411 palam
405 4335 531 4394 fluminis
564 4352 630 4394 cnm
653 4344 790 4411 asperata
817 4333 971 4411 superficie
994 4334 1154 4409 undarum,
1186 4335 1264 4396 Solis
1291 4338 1390 4396 radios
1420 4338 1581 4399 clarissimo
1608 4352 1640 4401 et

280 4421 426 4482 latissimo
457 4430 551 4483 tractu
583 4425 816 4498 repercutientis,
839 4424 975 4497 nuspiam
999 4430 1095 4480 tamen
1120 4441 1220 4499 puram
1245 4424 1322 4484 Solis
1339 4428 1496 4500 imaginem
1512 4446 1640 4505 reprae-

282 4512 434 4582 sentantis,
457 4519 491 4569 ut
513 4508 588 4570 alias
611 4509 643 4569 fit
665 4512 694 4568 in
720 4528 799 4586 aqna
822 4511 921 4586 quieta
944 4516 973 4567 et
995 4518 1159 4583 stagnante.
1204 4510 1307 4587 Neque
1321 4512 1391 4587 dixi,
1416 4530 1470 4572 vos
1492 4534 1512 4574 a
1535 4516 1640 4592 pbilo-

280 4597 440 4673 sopbomm
460 4597 560 4657 limine
581 4598 750 4675 aberrasse,
779 4596 831 4657 sed
853 4598 952 4674 potins
975 4591 1021 4677 (id
1044 4604 1090 4656 est
1111 4593 1247 4679 propius)
1270 4598 1307 4658 ad
1331 4603 1435 4676 politas
1459 4602 1507 4660 vel
1532 4612 1639 4662 orato·

280 4702 344 4743 rum
367 4683 505 4749 flosculos
520 4685 682 4745 delectere.
728 4684 824 4744 Multa
840 4683 975 4759 equidem
997 4700 1045 4742 me
1059 4681 1161 4758 latent
1184 4703 1238 4745 nee
1258 4689 1334 4746 enim
1358 4705 1476 4765 operam
1491 4694 1580 4765 posui
1604 4695 1637 4749 in

266 4771 417 4831 ⁴eruendis
440 4773 586 4850 mysteriis
617 4782 739 4832 naturae
770 4791 807 4832 es
834 4775 988 4848 petitarum
1017 4771 1143 4846 fabulis,
1175 4775 1244 4848 qnia
1272 4791 1337 4833 cnm
1360 4775 1638 4837 mathematicarum

281 4856 562 4923 demonstrationum
584 4859 756 4921 certitudine
779 4868 891 4921 tantum
914 4867 960 4918 est
980 4859 1052 4918 mihi
1073 4861 1198 4936 negotii,
1221 4868 1254 4920 ut
1275 4860 1314 4920 ad
1336 4861 1388 4922 illa
1409 4862 1483 4922 nibil
1505 4869 1638 4944 supersit
