3567 5625
577 360 660 417 Liber
675 358 725 415 ni
743 356 881 429 ernado
897 357 1014 428 Wlffict-
1409 368 1472 427 tol

131 542 205 601 dea
228 545 428 612 nrmtmeutnr,
451 537 642 614 geometrica,
664 537 690 596 rl
712 533 908 612 ponderentur
929 552 982 596 sca
1005 538 1365 614 manumittendum
1386 540 1473 599 boni·
1568 542 1572 556 ‘

132 635 182 689 tale
213 635 470 706 argumentorum
498 624 667 685 harmonica
687 622 806 703 (Bodini
836 621 935 702 sensu)
964 625 1089 684 mixtura
1121 626 1176 684 init
1204 622 1283 703 apud
1312 626 1472 701 Romanos,

133 733 249 793 quornm
272 714 441 775 consulares
459 716 637 772 sententiam
658 714 790 771 oratione
813 711 1003 786 explicarunt,
1027 713 1114 771 ceteri
1129 713 1253 790 pedibus
1267 716 1298 773 in
1313 731 1377 775 eam
1393 715 1475 774 ibant

132 804 317 875 smlentiam,
347 817 445 879 qaam.
458 801 632 878 probabant
676 798 750 857 Mihi
781 796 860 874 qnod
881 801 1064 858 necessitatis
1086 798 1152 876 lege
1181 801 1289 861 faulum
1318 800 1387 883 (non
1411 803 1475 862 sul-

132 890 244 951 leoisset
265 893 343 951 enim
366 897 480 966 tempus
501 886 656 948 audendis
679 882 826 964 omuibus)
848 884 878 943 id
901 885 1086 947 harmonicae
1106 892 1287 965 proportioni
1308 907 1368 951 non
1391 889 1475 949 ride·

133 986 171 1037 tur
193 976 434 1053 campmandnm

209 1063 303 1124 XXL
326 1063 361 1122 Iu
384 1062 593 1123 commntatlra
613 1061 728 1138 jmtitia
749 1060 917 1135 requirebat
932 1059 1105 1120 Aristoteles
1127 1061 1337 1124 arithmeticam
1360 1079 1474 1140 aeque·

132 1151 247 1213 litatem.
294 1151 427 1211 Bodinns
453 1166 506 1210 nec
528 1149 576 1208 hic
598 1148 764 1223 analogiam
794 1147 913 1207 exulare
936 1146 1007 1206 dicit
1028 1151 1243 1224 geometricam.
1288 1151 1349 1210 Etsi
1373 1168 1474 1210 exem·

134 1239 176 1315 pla
190 1239 315 1300 mulera
329 1238 486 1299 ridentum.
499 1232 533 1318 i)
556 1243 589 1294 ut
610 1237 717 1311 siquis
740 1233 856 1312 publice
870 1234 1011 1294 scandalo
1027 1235 1095 1295 dato
1111 1238 1199 1297 wem
1213 1240 1359 1317 puratum
1381 1237 1476 1312 laesit,

132 1328 242 1403 privato
265 1325 385 1403 quidem
407 1325 529 1385 seorsim
551 1322 711 1387 saldaniet
732 1320 912 1397 aequalitate
934 1323 1132 1398 arithmetica,
1156 1342 1210 1384 uec
1231 1325 1298 1402 plus
1321 1329 1347 1386 ci
1369 1342 1422 1403 pro
1444 1342 1475 1386 re
1565 1321 1568 1325 ’

132 1431 180 1473 saa
201 1417 373 1488 restituetur
395 1414 433 1473 ab
456 1412 573 1471 bomine
595 1410 705 1487 nobili,
735 1425 824 1484 quam
851 1409 889 1468 ab
916 1410 1066 1485 agricola,
1095 1412 1261 1490 exemplem
1283 1430 1351 1473 vero
1379 1415 1475 1491 pessi·
1555 1436 1557 1442 ·
1649 1467 1655 1485 ,

133 1518 206 1560 mum
229 1500 316 1561 aliter
337 1499 399 1559 luet
421 1497 480 1572 ille,
503 1499 586 1558 aliter
608 1499 672 1570 iste,
696 1498 883 1574 proportione
906 1506 1022 1557 serrata
1044 1506 1173 1558 statuum
1188 1503 1372 1576 geometrica.
1410 1499 1477 1576 Quo

132 1588 189 1648 loeo
219 1588 393 1648 conciliatur
417 1586 588 1646 Aristoteles
611 1584 734 1645 Bodino.
781 1579 813 1663 0)
835 1580 921 1660 Quod
951 1602 1020 1644 vero
1048 1586 1126 1646 bona
1153 1587 1231 1663 ejus,
1264 1591 1314 1664 qui
1344 1603 1402 1646 nort
1432 1595 1478 1647 est

133 1675 280 1747 solvendo,
308 1692 361 1754 pro
383 1673 485 1739 crediti
507 1672 648 1749 cujusque
673 1669 874 1748 magnitudine
902 1670 1115 1732 distribuuntur
1141 1678 1204 1735 sine
1227 1675 1399 1735 creditorum
1429 1692 1477 1734 re-

56 1777 59 1781 ’
134 1771 248 1840 spectu,
274 1760 432 1823 dummodo
455 1768 585 1837 tempore
607 1759 801 1836 etqualitate
823 1756 925 1818 crediti
948 1776 1033 1838 pares
1054 1761 1175 1837 lnerbrt,
1200 1763 1228 1820 id
1251 1762 1386 1839 equidem
1408 1779 1479 1839 pro·

134 1855 263 1927 portione
286 1850 320 1909 dt
340 1867 419 1910 mere
441 1849 634 1925 geometrica3
663 1845 742 1923 qaod
770 1854 803 1905 ut
824 1863 882 1904 non
912 1850 1033 1923 negarit
1057 1848 1244 1924 Aristoteles,
1276 1854 1318 1910 ite
1338 1853 1479 1910 omissum

136 1939 168 1997 ab
194 1937 250 1999 illo
278 1955 331 2015 per
360 1939 581 2013 incogitantiam
611 1933 727 1993 videtur
760 1940 896 2010 recteque
927 1951 946 1992 a
979 1936 1096 1995 Bodino
1125 1937 1307 2013 suppletum,
1341 1941 1395 1998 etsi
1424 1938 1481 1998 boc

138 2024 269 2085 laudatur
298 2024 477 2100 aequalitate
507 2023 688 2083 arithmetica
716 2019 805 2081 amnti
835 2027 864 2080 et
887 2020 1003 2096 aediti,
1035 2025 1059 2083 sl
1088 2024 1166 2085 bona
1199 2025 1371 2086 sufficerent.
1418 2025 1479 2086 Nec

138 2120 228 2173 buren
252 2120 369 2172 vetatur
390 2113 507 2189 penitus
529 2111 660 2187 superior
682 2110 869 2184 magistratus
899 2109 1067 2173 harmonica
1093 2115 1358 2191 contemperatione
1385 2115 1480 2172 utici

139 2200 292 2261 creditores
315 2201 417 2278 inopen
439 2197 624 2274 aliquatenus
647 2204 677 2256 et
689 2212 744 2273 pro
756 2212 788 2255 re
801 2204 874 2255 nuta
897 2198 1042 2273 praelerre
1056 2197 1305 2276 locupletioribus.
1350 2198 1381 2278 ll)
1402 2199 1481 2259 illud

140 2290 222 2347 edum
245 2286 447 2346 harmonicam
469 2287 620 2362 quippiam
642 2279 747 2365 (sensu
769 2279 894 2365 Bodini)
917 2287 1007 2362 repit,
1040 2285 1119 2361 qnod
1147 2290 1277 2362 gentlnm
1300 2286 1480 2364 quarundam

139 2392 211 2435 more
233 2391 282 2435 res
305 2374 382 2432 lurto
402 2372 520 2432 ablatam
542 2389 602 2433 uon
623 2371 730 2448 simplo
752 2376 924 2448 pensantur,
947 2372 999 2432 sed
1020 2373 1200 2451 quadruplo,
1230 2392 1275 2435 res
1297 2375 1373 2435 aliae
1394 2376 1482 2451 qnin-

138 2462 231 2541 tuplo;
265 2460 428 2538 aequaliter
458 2460 576 2535 quidem
605 2459 644 2519 ab
673 2459 823 2541 omnibns,
855 2459 1048 2535 inaequaliter
1077 2468 1174 2521 tamen
1197 2461 1335 2522 *diversae
1358 2478 1419 2533 res,
1452 2464 1481 2520 in

138 2551 239 2626 quibua
270 2550 443 2608 aestimatur
472 2548 649 2622 geometrica
676 2548 789 2606 ratione
819 2545 942 2622 injuriae
973 2546 1089 2608 diversa
1119 2549 1307 2629 magnitudo,
1336 2565 1395 2608 non
1423 2565 1482 2607 nn-

139 2635 203 2696 dnm
236 2637 281 2695 rei
314 2637 448 2712 pretium.
493 2632 523 2713 4)
546 2633 716 2695 Evidentior
744 2640 789 2693 est
816 2632 985 2694 bananica
1006 2637 1081 2696 ratio
1103 2637 1133 2693 ln
1161 2638 1331 2714 portentione
1360 2635 1483 2696 damno·

141 2741 199 2783 rum
222 2740 283 2782 non
308 2722 376 2783 dolo
398 2719 477 2782 malo
499 2721 662 2782 illatornmr
684 2720 735 2779 nbi
758 2719 913 2797 pannum
935 2723 1022 2781 situm
1044 2725 1072 2780 in
1090 2723 1321 2784 contrabentium
1334 2727 1484 2800 uniusque
1585 2776 1589 2789 ,

141 2811 281 2873 batorum
312 2813 549 2884 circumstantiis,
581 2825 657 2886 quae
687 2806 846 2884 aliquando
879 2807 926 2869 rel
954 2798 1070 2886 legibus
1099 2811 1147 2871 vel
1174 2817 1345 2889 magistratu
1363 2813 1485 2889 jubente
1607 2851 1609 2860 κ

141 2898 294 2976 aequalffl
324 2906 354 2959 et
374 2897 586 2959 arithmeticam
608 2897 889 2974 compensationem,
916 2896 1076 2973 aliquando
1098 2898 1224 2975 nullam,
1255 2909 1300 2959 est
1322 2900 1370 2959 ubi
1398 2911 1426 2959 et
1449 2917 1484 2958 ex

141 3004 234 3063 aequo
263 2993 296 3047 et
322 2987 400 3046 bono
423 2983 602 3046 moderatam
628 2985 785 3060 requirunt
828 2982 928 3060 Hujus
956 2983 1071 3060 generis
1093 2985 1209 3046 ridetur
1230 2983 1267 3068 [et
1287 2987 1376 3061 illud,
1407 2985 1485 3063 quod

142 3076 273 3152 ruperim
303 3075 491 3149 magistratus
518 3090 576 3133 non
606 3089 641 3131 ex
664 3086 759 3145 aequo
779 3072 925 3130 ‚omnibns
957 3074 1031 3134 inter
1053 3090 1085 3133 se
1108 3076 1175 3151 jare
1204 3077 1325 3151 experiri
1354 3074 1487 3134 concedit

143 3179 193 3221 nee
216 3164 247 3219 in
272 3161 371 3220 causis
393 3161 536 3233 omuibus,
560 3158 612 3218 sed
634 3165 720 3234 prout
742 3159 977 3219 circumstantiae
997 3160 1104 3219 luerint
1124 3162 1249 3221 arbitros
1273 3161 1319 3220 rel
1341 3165 1404 3238 ipse
1427 3161 1486 3235 det,

145 3249 186 3307 rel
209 3265 314 3310 eorum
337 3246 507 3308 electionem
537 3246 719 3322 litigantibus
744 3247 901 3322 permittit,
931 3253 964 3305 nt
994 3245 1041 3306 rel
1073 3250 1223 3326 uniusque
1249 3249 1408 3309 commodis
1438 3248 1487 3309 rel

146 3340 213 3413 reip.
237 3334 419 3395 consulatur.
464 3333 495 3414 5)
516 3334 613 3392 Etiam
643 3349 749 3392 usurae
780 3332 818 3391 ad
842 3333 1080 3394 commatatirem
1106 3336 1239 3412 justitiae
1266 3344 1377 3412 partem
1399 3353 1487 3413 spec·

147 3431 221 3498 taut,
252 3440 350 3498 neque
372 3433 469 3482 muron
491 3420 630 3497 aequales
653 3422 732 3479 omni
754 3418 903 3479 hominnm
925 3424 1024 3496 generi
1053 3424 1091 3481 ab
1115 3425 1249 3483 omnibns
1271 3422 1487 3500 legislatoribus

148 3512 357 3585 permittuntur,
380 3509 432 3569 sed
453 3511 631 3585 geometrica
651 3509 777 3567 mixtura
799 3507 969 3584 inaequales
992 3508 1171 3570 diversorum
1193 3510 1325 3571 ordinum
1346 3514 1487 3588 personis,

145 3596 279 3674 aequales
302 3597 426 3673 singulis
449 3596 598 3669 ordinum,
620 3612 696 3672 quae
718 3596 891 3670 compositio
915 3594 1030 3655 Bodlno
1052 3596 1220 3659 harmonica
1241 3607 1295 3659 est.
1341 3595 1371 3676 6)
1395 3598 1488 3676 Egre-

147 3688 220 3759 gium
242 3687 447 3761 exceptionem
467 3685 507 3743 ab
530 3683 711 3742 arithmetica
734 3684 971 3743 commutationis
992 3685 1171 3762 aequalitate
1194 3688 1291 3745 verbis
1307 3685 1412 3745 Bodini
1435 3702 1488 3746 ex·

146 3774 276 3833 scribam.
328 3770 462 3831 Medicus
491 3769 535 3830 ud
564 3771 715 3830 eoladius
743 3768 831 3828 diviti
852 3769 1070 3831 &trohadam
1098 3791 1209 3834 career
1235 3791 1323 3849 saepe
1344 3775 1407 3833 500
1436 3791 1488 3833 oc-

150 3861 217 3934 cipit
238 3855 315 3941 (imo
337 3854 462 3940 exigit),
484 3858 525 3918 ob
544 3864 644 3935 egents
665 3873 736 3916 asro
759 3857 797 3916 10
818 3861 909 3916 matii
931 3853 1006 3938 (imo
1028 3859 1108 3932 nibil,
1131 3877 1168 3920 cx
1190 3861 1314 3921 lormnla
1332 3863 1489 3937 juramenti

146 3942 362 4027 Hippocratis);
385 3964 422 4005 oc
443 3949 469 4005 ar'
491 3944 612 4022 quidem
634 3945 856 4005 antunnacum
879 3952 936 4003 uret
955 3951 1166 4022 pmmctricom
1191 3949 1389 4025 undiqueque
1406 3967 1488 4008 arto-

147 4032 254 4108 lopicm
273 4041 534 4107 mantelorum
565 4034 642 4093 aiter
662 4032 782 4108 quidem
806 4033 939 4107 nudatio,
962 4034 1039 4092 atta
1058 4034 1143 4111 fame
1164 4038 1313 4110 interiret,
1344 4036 1396 4094 aed
1415 4037 1490 4093 bur-

151 4125 264 4180 mnnicu
285 4122 497 4182 rationalitate
518 4119 640 4196 quidem
662 4137 742 4196 oper,
763 4120 846 4178 aulaea
867 4120 913 4180 illl
934 4114 1009 4200 (non
1033 4121 1167 4196 equidem
1184 4122 1289 4183 eadem
1301 4118 1491 4203 certitudine)

150 4216 370 4284 mmpuruqtuq.
414 4211 447 4282 l)
469 4206 566 4282 Quam
586 4206 704 4283 quidem
726 4206 764 4264 ad
780 4208 921 4266 rationem
943 4215 973 4266 et
991 4208 1106 4284 judiees
1121 4226 1204 4268 snam
1219 4225 1336 4286 operam
1351 4218 1381 4270 et
1395 4211 1491 4269 bono·

151 4298 248 4354 urium
261 4298 292 4354 in
301 4298 399 4355 causis
411 4295 608 4372 disceptandis
619 4296 733 4369 exigere
748 4302 970 4353 consueverunt
1007 4295 1116 4354 Litium
1131 4313 1159 4355 n.
1176 4314 1264 4374 saepe
1278 4297 1491 4358 levissimarum

156 4379 301 4444 difficultas
323 4384 417 4459 maia
439 4389 492 4455 eet,
516 4399 605 4459 quam
627 4383 655 4441 si
675 4379 712 4440 de
733 4382 821 4440 rebus
843 4383 1025 4456 gravissimis
1040 4390 1203 4458 quaeratur,
1223 4383 1371 4460 judicibus
1394 4390 1492 4443 umen

156 4469 336 4533 inbnctuosa.
380 4472 518 4546 Aequum
540 4471 629 4546 igitur
651 4475 713 4541 ost,
727 4475 761 4526 ut
782 4486 820 4528 ex
841 4484 936 4527 reram
955 4470 1199 4546 amplissimarum
1222 4472 1356 4532 vindiciis
1378 4470 1492 4546 adjudi-
1537 4467 1541 4473 ’

156 4559 220 4618 talia
240 4557 405 4636 plusculum
427 4559 561 4633 exigatur
587 4554 741 4627 mercedis,
773 4563 842 4615 tnnc
871 4554 997 4630 scilicet,
1028 4558 1053 4615 si
1082 4557 1199 4632 judices
1223 4574 1281 4617 non
1303 4558 1491 4618 suffimensa

155 4659 207 4720 rep.
234 4646 374 4705 salarium
404 4648 537 4722 capiunt,
568 4642 621 4703 sed
643 4640 765 4701 consilio
786 4642 1008 4703 minuendarum
1037 4643 1131 4702 litium
1163 4661 1199 4704 ex
1221 4649 1347 4722 partium
1369 4647 1492 4722 litigan-

155 4732 220 4790 tium
239 4735 356 4794 tributis
386 4749 493 4809 operae
522 4733 638 4793 locatae
660 4733 926 4805 compensationem
953 4747 1095 4807 quaerere
1118 4733 1268 4808 iubentur.
1314 4731 1489 4810 Qnaqunam
