3567 5625
595 467 775 527 Harmonicis.
809 469 951 526 Libcrlll
970 469 1117 541 caputiv.
1465 477 1526 539 tie

186 666 248 711 mus
269 657 299 711 st
319 650 490 729 longissime
512 650 628 711 diversa
649 651 689 710 sit
710 666 800 712 cansa
820 651 960 713 scientias
981 648 1078 712 solida
1092 648 1242 727 quantitas
1264 648 1394 729 aplane,
1418 650 1527 730 qulppa

185 738 235 798 iila
257 737 372 799 duabus
394 738 497 799 mediis
520 739 786 817 proportionalibus
807 742 912 813 utitur,
942 756 1015 817 quas
1037 741 1105 800 sciri
1132 739 1296 815 prorniscue
1323 746 1368 798 est
1389 740 1528 816 impossi-

185 825 252 899 bile,
273 842 369 903 neque
392 829 504 887 numeri
526 824 588 886 nlla
609 827 668 910 vis*
682 843 747 886 essa
770 834 881 905 potest,
913 837 1057 904 quatenus
1087 831 1119 886 ut
1140 840 1294 891 numerans
1321 824 1527 901 considerator,

185 930 280 989 neque
301 914 389 974 etiam
412 916 494 990 origo
516 912 603 990 hujus
626 915 763 974 trinitatis
785 913 953 975 immediate
975 923 1018 974 est
1045 914 1083 973 ab
1106 916 1233 973 essentia
1256 910 1356 971 diviua
1382 930 1434 989 per
1456 930 1529 972 eau-

185 1003 327 1061 sationem
349 1002 558 1081 exemplarem,
591 1017 656 1061 cnm
679 1004 846 1079 apparuerit
866 1021 970 1081 supra,
1000 1001 1135 1078 componi
1158 1016 1277 1061 eausam
1298 1001 1339 1058 rei
1362 1016 1398 1060 ex
1419 1002 1529 1077 princi·

184 1090 242 1165 piis
264 1088 432 1168 explicatis,
466 1106 543 1166 quae
564 1105 750 1166 nequaquam
778 1088 932 1151 intendunt
953 1106 1103 1149 nnmerum
1134 1087 1262 1165 aliquem
1284 1103 1389 1145 vocum
1416 1105 1467 1166 per
1488 1105 1529 1161 se,

185 1175 237 1236 scd
255 1193 337 1253 quae
359 1192 449 1236 voces
469 1179 550 1254 ipsas
578 1178 652 1236 iuter
679 1194 711 1237 se
740 1176 872 1252 singulas
903 1178 1026 1254 singulis
1053 1178 1221 1252 coaptantis
1241 1174 1409 1234 harmonice
1437 1178 1531 1235 etsie

186 1265 273 1339 quasi
295 1261 376 1324 alind
398 1266 517 1340 agentia
543 1281 595 1341 per
616 1263 752 1325 accidens
779 1264 908 1324 efficiunt
929 1264 1040 1342 aliquid
1062 1262 1157 1322 simile
1180 1262 1287 1323 divinis
1316 1269 1433 1339 propter
1455 1279 1530 1322 eun-

186 1348 252 1410 dem
274 1367 441 1426 numerum;
469 1350 549 1427 quod
571 1351 647 1410 idem
669 1352 757 1411 etiarn
785 1353 814 1409 in
836 1351 969 1429 plurimis
991 1351 1079 1411 robus
1100 1348 1165 1411 attis
1192 1352 1358 1425 frequenter
1379 1351 1529 1426 contingit

272 1437 414 1510 Breviter,
435 1455 572 1498 numerus
593 1438 641 1498 hie
663 1440 805 1500 ternarius
827 1457 885 1500 non
909 1448 954 1501 est
975 1438 1102 1501 alliciens
1124 1453 1214 1499 causa
1232 1435 1455 1510 harmoniarum,
1478 1436 1532 1497 sed

187 1524 308 1585 allectus
330 1528 431 1603 ipsius,
452 1543 506 1587 sen
529 1526 649 1586 eductae
670 1524 839 1587 harmoniae
855 1544 967 1602 comes;
990 1544 1048 1584 noa
1067 1527 1200 1585 informat
1215 1523 1391 1597 harmonias,
1413 1524 1465 1584 sed
1487 1533 1533 1585 est

187 1612 297 1673 lormas
319 1612 599 1689 resplendesceotia3
621 1629 679 1672 non
695 1623 743 1674 est
764 1617 885 1674 materia
899 1631 1004 1674 vocum
1020 1613 1260 1684 harmonicorum,
1283 1611 1337 1671 sed
1352 1617 1397 1672 est
1414 1611 1532 1672 soboles

187 1707 340 1775 procreata
361 1717 398 1760 ex
419 1699 563 1760 materiali
584 1701 775 1775 necessitate3
804 1718 862 1761 non
886 1711 930 1761 ιιι
951 1701 1017 1760 finis
1040 1690 1077 1762 οὗ
1099 1697 1194 1774 ἕνεκα,
1224 1698 1277 1758 sed
1300 1706 1345 1758 est
1366 1700 1533 1759 extremitas

187 1789 299 1863 operis3
323 1785 448 1864 deniqne
470 1785 541 1845 nihil
564 1793 610 1847 cst
631 1785 667 1846 de
688 1804 719 1847 re
742 1788 806 1865 ipsa
827 1788 1005 1862 harmonica,
1027 1788 1148 1849 sed'est
1169 1804 1220 1847 eris
1242 1787 1365 1845 rationis
1386 1786 1533 1846 secunda·

185 1875 260 1932 riam
282 1881 313 1934 et
333 1877 438 1935 mentis
460 1884 626 1951 conceptus,
649 1874 796 1937 secundae
818 1877 995 1938 intentionis.
1039 1874 1137 1934 Nihilo
1152 1873 1246 1951 magis
1269 1873 1347 1934 enim
1370 1881 1416 1932 est
1438 1890 1531 1950 quae-

187 1960 317 2034 rendum,
340 1978 392 2021 cur
413 1978 502 2021 voces
524 1960 620 2021 solnm
641 1971 740 2022 ternas
763 1972 924 2022 consonent
945 1962 1124 2033 harmonico,
1147 1967 1252 2038 quarta
1274 1967 1304 2020 et
1326 1976 1427 2020 omnes
1450 1960 1528 2020 aliae

188 2065 237 2124 per
260 2047 367 2126 duplae
389 2050 584 2126 proportionis
606 2051 826 2109 consonantiam
848 2049 969 2111 redeant
983 2048 1198 2127 quodammodo
1218 2050 1247 2106 in
1262 2048 1348 2120 idem,
1372 2064 1460 2124 quam
1483 2063 1534 2107 cur

188 2151 237 2194 sex
269 2143 382 2196 tautum
411 2135 499 2212 bigae
529 2138 640 2195 sintin
671 2136 802 2212 qualibet
830 2146 950 2211 nemus,
981 2154 1069 2197 senae
1099 2137 1353 2196 consonantiarum
1377 2133 1534 2212 triplicium

189 2223 307 2294 termae.
354 2220 394 2282 Ut
415 2225 492 2283 euim
514 2224 723 2284 senariusiste
745 2241 803 2283 noa
826 2231 872 2284 est
896 2243 915 2284 a
936 2242 988 2286 sex
1003 2223 1105 2284 diebus
1120 2223 1285 2296 creationis,
1306 2221 1351 2281 sic
1368 2238 1462 2298 neque
1486 2221 1534 2282 ille

189 2312 332 2371 temarins
354 2317 400 2371 est
422 2317 538 2389 propter
559 2310 731 2370 Trinitatem
759 2328 948 2389 personarum
973 2314 1004 2370 in
1027 2311 1154 2372 Deitste.
1198 2308 1255 2370 sed
1284 2325 1348 2368 cum
1372 2311 1410 2369 sit
1436 2317 1535 2370 terna·

192 2401 256 2458 rins
279 2400 440 2459 eommunis
461 2398 549 2458 rebus
571 2395 679 2456 divinis
701 2407 731 2459 et
752 2398 915 2473 mundanis,
938 2401 1104 2477 ubicunque
1125 2399 1150 2458 is
1173 2397 1536 2475 parantemparantem

193 2502 275 2547 meas
296 2486 442 2560 humana,
465 2502 619 2546 musarum
640 2487 759 2564 ignara,
781 2489 1026 2567 conspirationem
1047 2486 1124 2547 banc
1145 2486 1273 2546 miratur.

751 2718 894 2791 CAPUT
920 2718 972 2791 ttt.

243 2864 292 2920 De
310 2869 389 2920 ortu
405 2848 936 2935 conclusorumintervallorum,
965 2879 1051 2935 quse
1068 2864 1230 2922 consonis
1248 2864 1380 2922 minora
1397 2868 1482 2921 ιιιιι

276 3024 350 3085 cnm
379 3041 482 3086 sensns
508 3034 644 3101 testetur,
673 3044 709 3087 ax
738 3023 854 3087 chordis
882 3025 1044 3104 aequaliter
1074 3029 1165 3089 tonsis
1192 3026 1307 3087 illarum
1334 3027 1449 3087 sonitus
1471 3041 1536 3086 essa

191 3113 353 3190 graviores,
374 3129 451 3189 quae
472 3123 541 3173 sunt
561 3114 723 3192 longiores,
746 3115 860 3174 illarum
884 3118 1047 3188 acutiores,
1070 3132 1146 3192 quae
1168 3115 1333 3183 breviores,
1357 3113 1425 3174 hinc
1448 3129 1535 3173 voces

193 3203 264 3261 istae
283 3201 412 3277 moetus,
435 3208 560 3261 uentum
582 3211 611 3262 et
632 3219 740 3279 mooe,
771 3200 949 3261 differentias
971 3209 1040 3262 sunt
1068 3202 1251 3262 harmonicen
1272 3204 1417 3281 propriae.
1461 3199 1535 3261 Nam

192 3287 323 3365 singulae
345 3286 462 3365 quidem
483 3290 604 3349 seorsim
625 3289 750 3348 aliarum
771 3289 951 3364 singularum
979 3298 1048 3348 sunt
1067 3292 1268 3362 scientiarum,
1301 3291 1332 3347 in
1355 3286 1462 3366 quibas
1484 3303 1535 3348 co·

191 3373 327 3453 putantur
357 3392 422 3434 coru
450 3378 593 3452 oppositis
622 3376 703 3451 aliis,
733 3383 851 3435 acutum
880 3393 947 3436 enm
973 3377 1080 3436 obtuso
1108 3380 1137 3436 in
1159 3377 1332 3452 geometria,
1356 3393 1446 3453 grase
1470 3391 1537 3436 cum

190 3462 249 3523 leri
270 3465 300 3521 ia
323 3463 454 3540 physica
475 3463 537 3522 -Et
555 3463 658 3542 aliter,
685 3472 804 3524 acutum
825 3465 855 3522 ia
878 3463 1055 3525 mechanicis
1077 3472 1163 3524 sonat
1184 3464 1293 3524 subtile
1319 3470 1349 3523 et
1370 3472 1535 3542 penctrans,

191 3568 282 3625 grave
303 3552 333 3609 in
355 3549 542 3610 sensualibus
564 3553 687 3611 snmlmr
709 3550 745 3612 de
768 3549 922 3624 odoribus,
945 3552 1010 3628 qui,
1033 3558 1067 3609 ut
1087 3553 1190 3627 grania
1212 3550 1351 3628 pondera,
1378 3552 1417 3610 ob
1440 3567 1537 3627 quan·

193 3637 258 3698 dam
281 3636 510 3713 magnitudinem
533 3646 602 3698 sunt
622 3640 719 3698 nilons
740 3637 918 3699 tolerabiles.
964 3639 1004 3697 At
1028 3637 1149 3714 junctae
1171 3645 1291 3698 aenium
1324 3643 1353 3697 ct
1374 3654 1469 3713 praue
1489 3639 1536 3694 in·

192 3734 293 3802 terque
314 3742 347 3785 so
370 3726 524 3800 oppositae
556 3727 672 3785 nonnisi
701 3723 737 3787 de
761 3726 883 3785 vocibus
910 3726 1101 3801 accipiuntur.
1145 3724 1284 3785 Retlocat
1306 3732 1403 3784 tamsn
1426 3723 1538 3801 aliquid

192 3813 228 3873 de
247 3813 372 3889 pristino
394 3811 569 3888 significatu.
612 3812 688 3874 Nam
715 3820 748 3873 nt
777 3815 806 3870 ln
828 3816 988 3888 geometria
1015 3819 1131 3872 sentum
1153 3820 1198 3874 est
1226 3815 1322 3872 rninus
1344 3812 1463 3885 obtuso,
1494 3814 1537 3873 sic

192 3903 280 3960 etiam
302 3901 332 3956 in
354 3897 522 3961 harmonice
545 3916 603 3960 rex
625 3908 712 3961 acuta
733 3904 819 3959 sonat
833 3917 954 3977 parram
973 3916 1066 3976 eoque
1080 3905 1280 3978 penetrantem
1295 3902 1436 3973 etaltam,
1460 3897 1537 3958 idio·

192 3989 278 4047 tismo
301 3988 463 4059 teutonico,
486 3995 516 4048 et
538 3987 710 4048 volitantem
740 3986 823 4065 quasi
846 3988 875 4045 in
898 3986 1027 4060 sublimi,
1056 3996 1173 4065 proptor
1200 3987 1347 4065 quandam
1376 3986 1536 4048 leuitatem.

191 4074 227 4134 Et
248 4083 284 4133 ut
306 4076 336 4132 in
357 4073 480 4151 physica
503 4078 606 4153 grauia
627 4076 736 4137 hahent
758 4091 896 4151 maguum
918 4074 1043 4152 pondus,
1067 4076 1145 4136 leuia
1161 4093 1292 4151 paruum,
1315 4077 1466 4134 nicetium
1490 4073 1537 4134 ltic

191 4164 292 4239 granis
315 4178 375 4219 vox
396 4169 483 4221 sonat
504 4180 654 4239 maguam3
682 4172 771 4240 utque
793 4164 898 4238 gravia
921 4165 949 4220 iu
972 4161 1047 4223 libra
1069 4164 1190 4222 lundam
1216 4171 1245 4222 ot
1268 4163 1403 4222 inferiora
1425 4168 1536 4239 petunt,

191 4248 270 4308 levia
293 4250 323 4305 in
345 4247 437 4307 altum
460 4250 606 4319 exsiliunt,
634 4252 677 4310 sic
698 4253 786 4310 etiarn
809 4251 837 4307 in
861 4248 1027 4310 harmonice
1049 4268 1107 4309 nox
1129 4251 1228 4322 prauis
1250 4260 1369 4327 proptor
1389 4251 1537 4324 magnitu-

193 4334 288 4397 dinem
309 4343 462 4412 reputatur
475 4353 527 4414 pro
542 4336 712 4414 ponderosa,
736 4353 829 4415 coqrrc
845 4337 973 4395 inferiori
988 4356 1038 4398 seu
1053 4335 1195 4414 profunda
1210 4332 1343 4418 (iroma);
1367 4351 1424 4393 vox
1439 4344 1536 4406 acuta,

193 4425 233 4482 uti
256 4423 381 4496 dictum,
403 4440 458 4500 pro
481 4424 552 4482 alta.
595 4423 670 4483 Nom
693 4424 771 4501 quod
795 4426 822 4481 in
846 4424 991 4485 testudine
1013 4425 1138 4502 hypate,
1162 4422 1190 4481 ld
1214 4433 1257 4483 est
1279 4438 1408 4494 summa,
1432 4420 1537 4481 edehat

192 4528 311 4588 marein
335 4527 455 4583 rourum,
479 4510 508 4569 id
532 4518 576 4572 est
597 4519 708 4571 tuntunr
732 4513 770 4571 alr
792 4511 857 4588 ejus
878 4513 965 4571 sitnm
989 4513 1017 4569 iu
1041 4514 1243 4582 instrumento,
1267 4518 1299 4569 ιιι
1321 4507 1417 4568 udlruc
1439 4508 1536 4583 hodie,

193 4615 248 4658 non
273 4598 312 4658 ob
334 4597 466 4674 aliquam
488 4601 569 4658 nocis
592 4597 810 4659 sirntttrudnrom
837 4615 902 4656 cunr
926 4599 1041 4658 laribus
1070 4605 1099 4657 ct
1121 4596 1411 4675 supervolitantibus.
1456 4596 1536 4656 Situs

192 4695 288 4746 autern
312 4684 378 4761 elus
401 4688 430 4744 in
453 4686 644 4746 instrumento
667 4688 807 4747 rationem
829 4684 920 4744 lrnhct
942 4686 1139 4746 mechanicum
1161 4702 1196 4743 ex
1220 4701 1272 4758 eo,
1303 4684 1382 4761 qnod
1404 4691 1483 4755 note,
1507 4681 1537 4743 id

194 4782 238 4833 est
264 4773 369 4833 ultima
399 4780 429 4832 et
450 4772 563 4846 infima,
594 4775 663 4851 qrrla
684 4781 771 4833 sonat
791 4774 975 4839 acutissime.
1007 4773 1060 4831 luit
1082 4772 1228 4849 pulsanda
1254 4774 1440 4845 creberrimae
1470 4788 1537 4831 ctum

193 4863 289 4938 parvis
311 4861 469 4921 conueniat
490 4869 587 4922 motus
609 4861 712 4933 solox,
741 4869 771 4920 et
792 4876 863 4920 vcro
885 4859 1019 4920 denmum
1042 4861 1192 4937 pulsamus
1215 4859 1378 4935 expeditius
1402 4860 1441 4919 ob
1464 4876 1536 4920 ιιιι-

192 4948 396 5011 iormatioaem
418 4948 543 5029 pollicis,
565 4965 653 5028 quarn
675 4964 798 5009 sursum.
845 4946 966 5011 Accedit
987 4949 1062 5012 inter
1083 4964 1187 5009 causas
1210 4948 1389 5030 experientia
1410 4949 1536 5027 qutmris
