3567 5625
235 420 254 479 8
275 389 280 400 κ
811 409 983 468 Prooemium

234 611 338 657 cavero
360 593 469 670 uoluit,
497 610 535 654 ne
561 592 636 654 liber
663 610 734 654 snus
761 579 840 671 apud
861 590 954 652 italos
980 598 1100 670 propter
1121 591 1338 670 copemicunas
1366 593 1524 655 sententias
1547 593 1576 651 in

234 700 269 744 oo
291 681 399 743 relatas
426 680 486 758 legi
507 687 664 743 saturatur.
717 680 811 759 Typis
840 697 1007 757 expressam
1036 680 1112 741 hanc
1144 679 1409 756 ,admonitionem“
1438 697 1496 741 non
1524 680 1578 740 de·

142 765 146 774 ’
233 770 450 849 prehendimus3
473 775 574 830 contra
588 770 618 826 in
637 769 842 846 manuscriptis
858 766 1075 829 Viennensibus
1091 767 1238 846 exemplar
1252 787 1271 830 a
1285 767 1414 846 Keplsro
1428 770 1575 845 scriptum,

233 857 312 937 qood
331 858 395 935 jam
415 856 603 933 subiecimus.

270 1005 469 1131 Admonitio
496 1055 542 1127 ad
569 1054 772 1145 bibliopolas
796 1057 958 1231 finieras,
983 1055 1187 1144 praesertim
1214 1054 1318 1127 italos
1346 999 1391 1127 dc
1418 1054 1530 1144 Opere

828 1177 1012 1231 srmonrco.

335 1292 445 1371 Scripsi
473 1291 547 1353 haec
569 1290 657 1352 homo
680 1290 857 1367 Germanus,
885 1309 966 1352 more
987 1299 1017 1352 et
1038 1291 1173 1354 libertate
1196 1290 1387 1370 Germanica3
1420 1308 1495 1369 qnae
1518 1309 1576 1370 qno

232 1382 326 1460 major
347 1390 408 1458 est,
438 1380 496 1442 hoe
516 1378 583 1457 plns
605 1378 674 1441 fidei
704 1379 839 1440 conciliat
867 1381 1042 1456 ingenuitati
1070 1378 1349 1457 philosophantium.
1393 1379 1575 1440 Christianus

233 1480 330 1533 tamen
352 1486 427 1543 sum,
450 1467 599 1528 Ecclesiae
620 1466 712 1539 tilius,
736 1474 766 1527 ct
788 1465 949 1528 (loctunam
972 1465 1169 1542 Catholicam,
1194 1475 1331 1543 qnantum
1355 1466 1419 1543 ejus
1441 1467 1480 1528 ad
1500 1467 1576 1528 harro

232 1575 327 1636 usque
346 1575 443 1628 msam
464 1561 591 1620 samiam
613 1571 715 1631 capere
737 1556 835 1632 potui,
865 1571 924 1614 non
951 1553 1104 1615 voluntate
1125 1561 1238 1634 tontum
1267 1554 1442 1632 amplector,
1472 1555 1525 1615 sed
1547 1562 1576 1614 et

229 1646 342 1724 judicio
370 1644 546 1721 comproh03
582 1642 660 1719 qnod
689 1658 749 1702 nou
777 1659 836 1703 nno
865 1641 932 1703 loco
967 1642 1055 1718 hujus
1089 1644 1186 1719 operis
1215 1641 1421 1702 demonstravi.
1473 1642 1577 1702 Cetera

234 1737 322 1813 igitur
342 1749 459 1793 munros
480 1748 535 1791 vos
556 1727 681 1790 reddunt
701 1737 882 1807 possuntque
901 1729 974 1790 ierre
995 1736 1048 1791 aut
1062 1737 1139 1790 certe
1154 1746 1213 1789 non
1237 1729 1426 1794 reformidant
1439 1745 1576 1790 censuras

233 1823 337 1883 vastos
359 1821 519 1898 provinciis
540 1819 680 1893 usitatam
711 1818 743 1876 in
764 1833 823 1876 uno
845 1816 954 1879 Terrae
974 1824 1057 1877 motu
1080 1819 1157 1878 circa
1180 1816 1279 1879 Solem
1301 1834 1398 1878 annuo
1421 1817 1577 1877 difficultas

234 1911 333 1983 oritur,
362 1925 398 1968 eo
420 1905 500 1984 quod
521 1907 740 1984 importunitate
762 1904 953 1982 quorundam,
976 1904 1116 1983 dogmata
1137 1906 1332 1967 astronomica
1352 1905 1419 1964 loco
1440 1921 1498 1963 non
1521 1921 1575 1965 sno

232 2014 288 2058 nec
310 2013 369 2073 qua
394 2011 448 2074 par
474 2001 536 2055 erat
562 1991 700 2054 methodo
721 1994 960 2070 proponentium,
990 1993 1124 2054 odedum
1153 2001 1212 2069 est,
1244 2000 1277 2054 nt
1302 1993 1390 2054 lectio
1413 1992 1575 2069 (lopernici,

234 2101 310 2163 qnae
338 2083 376 2143 ab
407 2083 490 2142 annis
518 2080 608 2159 paulo
637 2082 734 2140 minus
764 2080 914 2158 octoginta
944 2075 998 2163 (ex
1024 2098 1082 2157 quo
1103 2079 1199 2140 Paulo
1220 2080 1276 2140 lIL
1300 2080 1419 2142 Summo
1440 2079 1575 2140 Pontifici

234 2188 309 2249 opus
331 2164 512 2252 dedicatum)
539 2169 686 2230 liberrima
710 2167 778 2243 init,
806 2185 950 2246 suspensa
977 2185 1063 2245 porro
1086 2169 1134 2243 sit,
1166 2167 1259 2229 donec
1289 2186 1364 2245 opus
1392 2167 1575 2228 emendetur:

235 2259 312 2338 quod
335 2275 391 2336 ego
412 2256 560 2319 seniculus
577 2257 641 2333 jam
657 2255 810 2333 Oopsrnici
832 2254 1003 2332 discipulus,
1025 2262 1059 2316 ut
1080 2273 1167 2338 quem
1185 2257 1249 2333 jam
1263 2273 1282 2316 a
1294 2258 1338 2315 26
1361 2258 1445 2316 anuis
1459 2272 1574 2332 sequor,

233 2364 326 2424 nuper
346 2344 503 2406 admodum
524 2344 563 2405 ab
584 2343 699 2404 idoneis
719 2344 834 2404 rescivi.
868 2342 1044 2421 Quanquam
1064 2360 1124 2404 non
1145 2342 1250 2405 desunt
1272 2345 1327 2403 viri
1350 2361 1387 2404 ex
1408 2343 1575 2404 eianssimis

235 2433 399 2509 ordinibus,
428 2432 557 2508 politicis
578 2437 608 2492 et
630 2431 843 2506 ecclesiasticis,
867 2433 917 2509 qui
939 2437 1122 2492 astronomos
1143 2431 1218 2492 bene
1240 2449 1357 2509 sperare
1376 2432 1515 2509 jubeant,
1539 2448 1574 2492 eo

235 2521 314 2600 qnod
340 2538 395 2582 nec
420 2519 563 2599 perlatam
592 2519 669 2579 hanc
696 2536 863 2595 censuram,
896 2535 951 2580 nec
977 2518 1105 2580 libertati
1132 2517 1300 2597 disputandi
1328 2518 1366 2580 de
1387 2519 1475 2579 rebus
1496 2536 1574 2579 mere

233 2609 414 2671 naturalibus
434 2606 656 2683 illustrandique
677 2606 735 2666 Dei
757 2623 847 2684 opera
869 2608 1033 2685 oppositam
1055 2623 1108 2684 pro
1130 2608 1271 2684 repagulo
1294 2606 1435 2668 dictitent.
1471 2605 1574 2666 Enim-

233 2714 304 2758 vero
333 2714 386 2757 scu
412 2695 494 2771 jacta
522 2697 561 2754 sit
588 2693 668 2768 dea,
697 2710 751 2754 seu
771 2696 802 2752 in
829 2693 991 2771 pericnlum
1016 2711 1063 2755 res
1089 2692 1230 2770 adducta,
1262 2693 1378 2772 culpam
1401 2710 1457 2770 ego
1478 2701 1577 2755 meam'

193 2797 196 2808 ⁴
234 2783 475 2864 ingementem,
498 2784 548 2859 qni
570 2782 754 2844 cunctatione
776 2783 867 2843 nimia
887 2799 1020 2849 meorum
1039 2799 1159 2860 opernm
1174 2781 1392 2861 philosophiam
1407 2781 1574 2844 detonsione

234 2890 289 2933 sua
311 2871 479 2933 destitutam
498 2871 660 2946 praeveniri
683 2887 748 2929 sum
769 2888 883 2949 passus.
920 2871 996 2930 Nam
1016 2872 1157 2948 proiecto,
1179 2873 1205 2931 si
1228 2872 1298 2949 quid
1320 2888 1376 2950 ego
1398 2869 1494 2945 video,
1517 2870 1574 2932 hoc

231 2960 413 3039 judicabunt,
436 2956 513 3019 lecto
528 2958 585 3017 hoc
599 2973 687 3034 opere
700 2956 887 3032 Harmonice,
909 2958 1078 3019 Italicorum
1092 2964 1122 3019 et
1133 2957 1372 3043 philosophorum
1388 2958 1572 3023 doctissimus

235 3056 265 3109 et
285 3047 487 3124 theologorum
509 3044 744 3123 religiosissimus
767 3048 906 3122 quisque:
929 3052 1040 3105 tantam
1059 3064 1122 3107 esse
1137 3047 1329 3123 maJestatcm,
1352 3052 1464 3107 tantam
1478 3046 1574 3106 subli-

234 3137 364 3196 mitatem
380 3134 469 3211 hnjus
492 3147 611 3210 operum
633 3130 798 3191 divinorum
820 3132 1020 3210 dispositionis
1041 3133 1236 3209 hannonicas,
1259 3142 1292 3194 ut
1306 3134 1483 3212 Copernicos
1505 3142 1574 3194 ante

234 3222 494 3302 promulgationem
522 3219 610 3297 hujus
639 3222 736 3297 operis
763 3219 937 3281 sufficienter
969 3221 1062 3281 audiri
1091 3239 1276 3299 nequaquam
1305 3224 1441 3299 potuerit.
1494 3220 1574 3283 Petit

233 3314 333 3388 itaquo
360 3307 559 3388 philosophia,
589 3308 664 3385 petit
692 3306 871 3385 Copcmicus
903 3308 1074 3369 beneficium
1103 3310 1293 3369 restitutionis
1322 3313 1351 3368 in
1382 3312 1526 3388 integrum
1554 3327 1574 3369 a

233 3399 372 3478 principe,
394 3396 478 3458 salvo
493 3395 602 3456 honore
614 3393 755 3472 judicum,
777 3394 896 3457 cosdem
911 3397 987 3457 enim
1002 3395 1077 3473 illos,
1100 3415 1209 3456 novum
1221 3397 1364 3473 judicium
1380 3398 1572 3474 judicaturos,

234 3505 313 3549 nova
334 3502 389 3547 sua
410 3485 597 3557 documenta,
627 3499 703 3558 quac
725 3481 763 3544 ad
785 3483 861 3544 banc
882 3501 975 3561 usque
998 3482 1075 3545 diem
1095 3492 1315 3563 procuratorum
1336 3502 1456 3546 snorum
1477 3484 1573 3563 negli-

233 3576 334 3653 gentia
355 3576 543 3651 ignoraverat
562 3572 642 3650 ipss,
664 3570 854 3631 somniaturos
877 3579 907 3631 ct
928 3573 1056 3647 patietur
1077 3582 1107 3633 et
1128 3572 1204 3633 uitro
1226 3574 1373 3651 implorat
1418 3574 1479 3634 Vos
1501 3590 1572 3634 vero

233 3660 412 3740 bibliopolae
438 3665 516 3720 recte
545 3656 662 3737 quidem
691 3664 722 3719 et
751 3659 850 3720 ordine
878 3659 1004 3735 indens,
1036 3662 1061 3721 si
1091 3659 1269 3738 exemplaria
1288 3664 1451 3723 reverentis
1468 3661 1573 3739 judicii

233 3766 292 3809 non
313 3748 402 3826 uulgo
425 3765 532 3808 venum
554 3746 723 3824 exponatis:
755 3753 787 3806 at
812 3745 886 3805 iliud
913 3748 1026 3808 ἰιιιοιιιιι
1053 3752 1172 3824 sdtote,
1195 3747 1281 3809 datos
1310 3766 1364 3810 vos
1387 3767 1452 3811 esso
1473 3748 1572 3827 philo·-

107 3862 110 3869 “
233 3836 363 3913 sophiae,
386 3835 470 3895 datos
490 3835 575 3895 bouis
598 3834 765 3895 aumonbns
787 3832 878 3893 veluti
902 3834 1083 3910 tabelliones,
1106 3835 1255 3897 mittendis
1275 3836 1314 3897 ad
1333 3837 1448 3914 Jndlces
1471 3837 1573 3898 deien-

233 3922 379 3984 sionibus:
402 3925 501 3998 itaque
523 3922 656 3982 vendetis
678 3918 856 3997 exemplaria
876 3925 991 3983 nonnisi
1013 3923 1157 4001 theologis
1179 3926 1313 4001 summis,
1337 3928 1451 3987 nonnisi
1472 3924 1572 4003 philo·

233 4009 391 4088 sophorum
414 4008 594 4085 clarissimis,
623 4007 893 4087 mahometicorum
914 4012 1173 4087 exercitatissimis,
1195 4011 1481 4091 methaphysicorum
1501 4030 1572 4091 pro-

232 4097 420 4172 fundissimis,
443 4093 482 4155 ad
504 4113 578 4173 quos
597 4096 669 4155 mihi
684 4096 835 4175 Copornici
856 4101 1036 4176 procuratori
1056 4099 1116 4159 ulia
1137 4101 1189 4160 ria
1208 4117 1266 4161 non
1288 4108 1370 4178 patet
1391 4099 1503 4175 aditus,
1526 4098 1572 4159 his

234 4183 359 4264 quidem,
382 4189 415 4244 ut
428 4181 592 4261 dispiciunt,
614 4185 710 4244 sintne
724 4185 780 4245 ista
794 4202 905 4247 merom
920 4186 1039 4247 humani
1052 4186 1225 4248 luxuriantis
1243 4190 1352 4267 ingenii
1368 4194 1570 4261 commentum,

233 4293 271 4335 an
302 4275 411 4353 potius,
443 4289 480 4333 ex
511 4272 578 4349 ipsa
604 4278 709 4331 natura
729 4270 880 4351 depromta
908 4292 988 4351 esse,
1021 4276 1109 4336 rebus
1137 4276 1360 4337 evidentissimis
1390 4275 1571 4354 comprobari

232 4364 342 4440 possit,
372 4359 430 4420 illis
452 4375 522 4421 vero
543 4365 578 4419 nt
599 4357 772 4434 deliberent,
800 4377 869 4419 num
891 4363 1033 4424 immensa
1053 4362 1127 4425 haec
1149 4380 1270 4442 opernm
1292 4363 1455 4424 divinorum
1477 4362 1571 4442 gloria

232 4451 273 4508 in.
285 4448 391 4527 uulgus
413 4447 584 4526 spargenda,
607 4463 646 4506 an
666 4448 764 4523 potius
786 4447 983 4510 contrahenda
1004 4459 1034 4511 st
1055 4451 1133 4513 sams
1154 4452 1218 4529 ejus
1235 4453 1368 4512 ‘censuris
1381 4450 1572 4529 opprimenda

221 4539 288 4614 sit,
310 4538 439 4613 numque
461 4535 585 4614 denique
607 4536 637 4593 in
658 4534 737 4596 huno
757 4534 852 4609 linem
875 4543 910 4596 ιιι
930 4539 1000 4614 quia
1014 4537 1206 4616 Copcrnicum
1227 4538 1438 4614 emendandum
1460 4540 1491 4599 hi
1512 4540 1571 4600 illis

234 4631 286 4685 aut
306 4623 486 4685 tradiderunt
502 4624 566 4700 jam
588 4629 639 4684 ant
661 4622 775 4684 madent
796 4622 906 4700 adhue,
935 4623 1055 4686 videant
1076 4627 1165 4704 igitur
1186 4629 1310 4705 utrique,
1332 4644 1370 4686 an
1393 4631 1571 4690 ashonomia

235 4711 396 4789 Copernici,
419 4710 565 4777 delineata
585 4713 615 4769 in
638 4712 710 4771 mus
733 4710 953 4773 Commentariis
976 4712 1012 4774 ds
1032 4716 1160 4775 motibus
1182 4713 1292 4776 Stellae
1313 4713 1433 4787 Martis,
1454 4718 1570 4778 exculta

234 4817 305 4863 roro
326 4802 356 4859 in
378 4799 527 4877 Epitomes
549 4799 753 4860 Astronomiae
774 4805 857 4877 parte
884 4799 991 4877 alters,
1024 4819 1101 4879 qnae
1129 4818 1207 4863 nuuc
1232 4801 1287 4862 snb
1314 4803 1415 4881 proclo
1445 4811 1502 4879 est,
1531 4820 1568 4865 an

235 4889 323 4949 etiam
350 4887 424 4949 haec
444 4893 575 4949 motuum
603 4885 771 4949 coelestium
798 4885 903 4963 politia
931 4887 1109 4966 hamonica,
1139 4895 1253 4953 exemto
1279 4897 1361 4954 motu
1388 4891 1513 4953 Telluris
1539 4898 1570 4952 ot
