3567 5625
282 455 440 526 t'
862 463 1032 521 Prooemium

282 659 387 702 munus
405 643 437 701 in
450 642 602 720 gymnasio
619 642 779 707 Grastiano
794 642 867 704 adiit
880 643 1026 721 Keplerus
1045 639 1174 727 (1594),
1196 652 1283 705 antea
1305 645 1470 705 universam
1491 650 1623 704 veterum

282 729 499 808 philosophiam
528 729 608 791 haud
637 737 715 791 certo
745 731 866 792 consilio
896 732 1078 810 complexus,
1109 732 1208 792 studia
1241 750 1295 792 sua
1325 731 1364 794 ad
1398 741 1507 793 certum
1536 730 1623 791 mem

283 817 395 876 direxit.
424 817 583 893 Regularia
596 817 782 896 Pythagorae
804 835 928 896 corpora
949 819 1017 893 alia,
1040 837 1128 896 quam
1149 820 1188 880 ab
1211 820 1267 880 hoc
1287 820 1489 894 iactum‘erat,
1511 820 1623 879 ratione

282 909 347 964 tum
364 904 545 982 planetarum
559 907 685 965 motibus
700 895 875 984 conjungere
890 906 1035 982 studebat,
1050 906 1321 985 Pythagoraeorum
1334 905 1485 986 symbolos
1497 908 1623 967 retinens

282 1009 439 1069 eorumque
460 994 600 1071 mysticos
621 1010 756 1054 numeros
777 993 857 1053 haud
878 995 921 1053 ita
942 996 1026 1072 parvi
1047 993 1186 1072 pendens.
1233 994 1299 1070 ,Ad
1328 1012 1518 1055 numerorum*
1540 1011 1624 1054 men·

281 1097 388 1154 suram,
411 1082 515 1157 inquit,
539 1080 672 1140 conditus
693 1089 738 1141 est
759 1083 892 1156 mundus,
916 1099 985 1159 ergo
1007 1081 1046 1142 ad
1069 1084 1263 1158 quantitatum
1284 1100 1465 1158 mensuram3
1494 1084 1524 1140 in
1545 1081 1624 1142 linea

281 1184 352 1228 vero
374 1168 538 1228 nullus‘est
560 1185 696 1228 numerus
718 1185 772 1229 nec
794 1172 825 1228 in
846 1170 1006 1245 superficie,
1028 1169 1081 1229 sed
1099 1169 1226 1230 infinitas
1241 1202 1284 1216 -
1298 1172 1387 1247 igitur
1401 1172 1430 1229 in
1446 1170 1623 1247 corporibus.

280 1254 343 1315 Nee
369 1272 440 1316 vero
469 1264 610 1332 superant
634 1273 785 1316 nemerim
808 1258 826 1316 6
854 1257 914 1316 ista
941 1273 1075 1335 corpora,
1106 1256 1144 1316 ad
1171 1256 1272 1316 mnndi
1293 1261 1536 1319 constructionem
1556 1273 1624 1334 per-

282 1343 417 1417 tinentia,
452 1343 563 1403 scilicet
589 1343 695 1421 globus
724 1345 787 1404 sive
815 1345 913 1420 potius
942 1345 1125 1421 sphaericum
1155 1360 1332 1420 concavum,
1362 1352 1395 1410 ,et
1418 1346 1437 1404 5
1464 1344 1621 1406 rectilinea.

281 1428 473 1506 sphaericum
493 1430 596 1492 ultimo
612 1431 695 1491 coelo
713 1430 842 1506 debetur,
865 1449 933 1490 nam
947 1430 1056 1509 duplex
1071 1440 1116 1492 est
1130 1431 1264 1507 mundus,
1286 1433 1403 1493 mobilis
1418 1441 1447 1493 ct
1462 1435 1623 1510 quiescens,

282 1517 332 1576 ille
354 1518 392 1577 ad
413 1520 570 1594 imaginem
592 1510 658 1593 Dei,
682 1529 826 1594 qnatenus
847 1526 940 1593 creat,
969 1520 1017 1580 hic
1039 1518 1077 1579 ad
1099 1521 1257 1597 imaginem
1279 1524 1422 1581 essentiae
1445 1521 1572 1580 Divinae
1593 1522 1623 1576 in

281 1621 313 1664 se
336 1605 545 1666 consideratae.
573 1604 719 1692 ,eurtum
740 1606 815 1680 Deo,
846 1615 957 1666 rectum
986 1614 1134 1667 creaturae
1163 1615 1354 1684 comparatur.
1399 1608 1435 1667 In
1462 1607 1551 1686 globo
1579 1615 1626 1667 eet

280 1693 409 1752 trinitas:
433 1693 624 1770 sphaericum,
647 1701 785 1768 centrum,
809 1696 970 1771 capacitas,
994 1696 1080 1754 sicin
1094 1694 1202 1755 mundo
1218 1698 1317 1771 quieto
1331 1694 1416 1770 lirae,
1439 1694 1500 1770 Sol,
1523 1694 1625 1755 aethra
1669 1709 1672 1720 ’

281 1779 461 1842 intermedia
494 1779 623 1840 Mundus
644 1780 761 1840 mobilis
784 1798 820 1840 ex
841 1780 998 1842 rectilineis
1020 1781 1196 1858 censendus,
1219 1783 1334 1843 illorum
1354 1791 1424 1843 sunt
1445 1786 1573 1860 quinque
1595 1791 1625 1842 et

279 1868 306 1925 si
328 1866 380 1926 illa
401 1885 455 1944 pro
477 1869 607 1928 terminis
628 1867 765 1928 habenda
785 1875 867 1944 sunt,
889 1886 949 1928 non
972 1877 1108 1946 poterunt
1129 1870 1227 1947 plnres
1249 1888 1294 1932 ree
1316 1870 1507 1948 distinguere,
1536 1886 1624 1947 quam
1738 1899 1744 1904 ·

280 1970 345 2013 sex:
371 1972 423 2016 ser
446 1956 533 2032 igitur
555 1955 675 2015 mobilia
696 1954 797 2015 Solem
819 1958 1125 2042 circumambeuntia.“
1175 1957 1261 2017 Hanc
1282 1961 1455 2019 sententiam
1477 1955 1624 2035 quomedo

279 2039 426 2118 Keplerue
453 2043 655 2119 explicaverit,
687 2042 833 2119 quomodo
861 2047 988 2120 quinque
1016 2044 1162 2122 regularia
1189 2061 1311 2122 corpora
1341 2047 1370 2104 in
1397 2046 1532 2124 planetas
1561 2055 1624 2105 tum

280 2132 414 2204 cognitos
437 2129 581 2204 diviserit,
610 2139 765 2191 retrectare
786 2130 915 2191 aliem
937 2148 1001 2192 esse
1023 2133 1062 2191 ab
1084 2131 1228 2193 hocloco
1250 2132 1373 2194 videtur.
1427 2133 1535 2194 Videre
1556 2132 1625 2192 licet

280 2216 316 2276 de
330 2216 375 2275 bis
390 2219 557 2294 primarium
571 2216 692 2293 Kepleri
706 2235 789 2295 opus,
812 2217 1061 2293 Prodrnmnm‚
1083 2221 1177 2296 primo
1193 2220 1341 2281 volumine
1362 2221 1450 2297 hujus
1473 2220 1623 2294 editionis3

278 2303 364 2363 noble
393 2308 465 2364 satis
494 2307 590 2364 vuum
617 2305 791 2380 intendisse,
824 2306 971 2382 quomodo
995 2306 1141 2384 Keplerus
1163 2310 1296 2368 notiones
1322 2310 1397 2368 inter
1421 2308 1625 2386 philosophica

277 2389 376 2450 studia
390 2391 544 2469 'l'ubingae
567 2392 603 2452 de
616 2391 821 2470 Pythagoricis
843 2396 990 2471 mysteriis
1013 2403 1170 2471 conceptas
1191 2398 1222 2455 in
1244 2414 1328 2455 nsum
1349 2414 1435 2456 suum
1458 2394 1623 2468 contulerit,

279 2489 311 2537 nt
333 2481 433 2539 statim
455 2488 685 2540 astronomorum
708 2482 895 2556 omniumque
917 2482 1067 2542 hominnm
1088 2482 1180 2543 literis
1202 2482 1379 2543 eruditarum
1401 2486 1514 2544 animos
1536 2483 1565 2541 in
1591 2499 1623 2543 se

281 2574 471 2627 converteret
514 2566 650 2628 Proxime
677 2574 778 2628 ‘autem
808 2567 864 2627 hoe
892 2567 994 2629 libello
1022 2570 1131 2630 sactum
1162 2577 1218 2644 est,
1253 2579 1287 2631 nt
1314 2578 1544 2631 astronomorum
1571 2569 1622 2628 illo

278 2665 407 2731 tempore
431 2653 631 2728 celeberrimo,
664 2654 797 2732 'lycbnni
819 2654 925 2731 Brahe,
954 2649 1159 2732 innotesceret,
1189 2659 1241 2735 qui
1271 2675 1337 2718 eum
1366 2659 1447 2721 brevi
1476 2667 1559 2736 post,
1591 2664 1624 2717 ut

273 2741 393 2819 juvenis
426 2743 544 2819 ingenio
575 2743 605 2799 in
638 2759 723 2801 suam
754 2760 816 2804 rem
845 2744 1026 2819 abuteretur,
1060 2744 1187 2822 Pragam
1218 2747 1378 2805 arcessivit
1429 2746 1468 2805 Et
1498 2747 1623 2824 primum

277 2829 394 2905 quidem
415 2829 517 2908 Tycho
540 2828 669 2907 collegae
688 2831 792 2906 juveni
814 2832 974 2906 mandavit,
997 2839 1032 2893 ut
1052 2836 1148 2909 ipsum
1169 2832 1271 2894 libello
1293 2833 1500 2895 conscribendo
1523 2842 1624 2893 contra

277 2915 446 2976 Ruimamm
468 2914 574 2976 Ursum
596 2917 772 2979 detenderet.
821 2918 913 2980 Ursus
935 2920 1012 2980 euim
1034 2938 1100 2980 cnm
1122 2918 1182 2981 alia
1202 2920 1336 2999 'l'yehoni
1359 2924 1471 2982 crimini
1494 2920 1622 2995 dederat,

277 3010 340 3063 tum
366 3021 459 3064 rerum
490 3007 688 3067 universitatis
716 3007 872 3082 rationem,
904 3007 1037 3085 'lychoni
1064 3008 1231 3085 probatam,
1259 3025 1317 3069 non
1340 3027 1405 3070 esse
1426 3026 1547 3084 novam,
1570 3009 1622 3069 sed

278 3088 399 3151 Graecis
420 3093 569 3152 veteribus
591 3092 690 3152 deberi
712 3095 888 3169 auctoribus,
912 3104 1083 3156 asseruerat
1107 3095 1248 3173 Idemque
1264 3093 1355 3157 Ursus
1378 3114 1457 3158 nova
1479 3097 1623 3174 quaedam

278 3177 315 3237 de
338 3182 539 3239 astronomicis
561 3179 772 3258 hypothesibus
794 3183 942 3258 professus
964 3187 1035 3256 erat,
1058 3200 1132 3260 quas
1154 3182 1225 3243 dicit
1247 3183 1383 3259 „fictitias
1407 3186 1623 3261 suppositiones

276 3269 451 3349 minimeque
466 3284 550 3327 veras
564 3285 618 3327 seu
633 3268 869 3344 substantiales“,
886 3268 1050 3345 eujusmodi
1064 3270 1242 3348 hypotheses
1257 3273 1493 3345 ,concentricae“
1507 3271 1623 3333 Eudoxi

264 3364 307 3413 ‘et
332 3356 548 3429 ,excentricas“
572 3355 841 3432 Pythagoraeornm
868 3364 987 3417 auctore
1009 3356 1166 3418 Aristotele
1188 3359 1405 3434 nominaverat,
1435 3376 1564 3436 suaeque
1588 3358 1623 3420 de
1689 3392 1699 3417 t

276 3441 488 3519 hypothesibus
518 3444 681 3503 sententiae
710 3447 968 3505 astronomicarum
1000 3442 1207 3523 hypothesium
1236 3446 1400 3521 historiam,
1432 3464 1503 3507 vera
1532 3447 1621 3520 salsis,

277 3538 356 3588 certa
370 3528 511 3588 sabulosis
525 3529 607 3589 nullo
618 3529 729 3606 Judicio
746 3534 948 3607 commiscens,
967 3540 1155 3594 annexuerat
1194 3533 1302 3593 Comme
1316 3533 1397 3595 illam
1417 3534 1623 3613 hypothesium

277 3615 488 3691 definitionem,
527 3625 629 3678 eontra
663 3618 813 3679 historiam
847 3622 889 3681 ita
925 3628 1089 3698 corruptam
1121 3622 1182 3698 jam
1214 3619 1360 3698 Keplerus
1393 3621 1490 3700 prodit
1521 3621 1622 3682 libello

277 3703 417 3763 adversus
440 3701 546 3764 Ursum
570 3707 747 3783 conscripto,
771 3706 851 3783 qued
872 3715 906 3767 ut
927 3707 1048 3782 laceret,
1079 3709 1178 3768 studia
1199 3711 1358 3770 novissimo
1380 3718 1510 3787 tempore
1532 3711 1622 3769 inter·

277 3793 367 3850 missa
388 3792 516 3867 recipere
539 3800 659 3853 coactns
683 3801 745 3853 erat
767 3797 826 3858 (cir.
844 3798 865 3852 t
885 3799 1009 3868 tides).
1052 3793 1223 3871 Quaedam
1245 3799 1362 3873 repetit,
1385 3800 1504 3876 propius
1525 3814 1624 3856 rursus

278 3876 316 3938 ad
338 3895 405 3937 eum
427 3878 570 3937 accedunt
590 3880 790 3957 Pythagorica
811 3882 955 3958 symbola,
979 3884 1100 3956 numeri,
1122 3882 1232 3959 figurae
1255 3892 1285 3946 et
1305 3884 1473 3946 harmoniae
1498 3886 1623 3945 arctius·

278 3982 335 4042 que
358 3982 389 4025 se
413 3966 592 4043 conjungunt
614 3984 680 4026 cum
703 3970 753 4043 iis,
777 3980 858 4043 quae'
875 3969 912 4029 de
935 3988 1021 4043 nexn,
1044 3987 1174 4045 numere,
1196 3972 1410 4050 magnitudine,
1434 3971 1572 4032 distantia
1594 3980 1623 4034 et

277 4061 359 4112 motu
380 4052 562 4128 planetarum
584 4064 681 4115 mente
704 4063 877 4133 conceperat
900 4063 929 4116 et
951 4074 1026 4135 qnae
1042 4056 1159 4134 quidem
1181 4068 1277 4121 mente
1299 4067 1440 4138 concepta
1461 4062 1540 4136 prins
1559 4060 1622 4136 jam

276 4141 518 4217 pronuntiaturus
541 4142 635 4202 inerat
657 4142 872 4203 conscribendis
894 4143 1026 4222 pluribus
1048 4143 1165 4222 libellis,
1190 4164 1264 4223 quos
1279 4148 1371 4209 literis
1387 4146 1425 4208 ad
1439 4145 1622 4207 Hervvartum

278 4228 353 4288 datis
377 4235 526 4287 enumerat
548 4231 609 4301 (etr.
627 4233 649 4287 Ι.
668 4233 722 4298 ot).

374 4315 514 4393 Tychone
537 4323 651 4375 mortuo
674 4310 792 4398 (1601)
815 4324 1001 4378 astronomus
1024 4318 1216 4381 Caesarianus
1239 4328 1362 4396 creatus,
1385 4336 1451 4380 cum
1473 4319 1622 4398 'tychonis

277 4419 366 4479 opera
386 4403 488 4464 relicta
510 4421 625 4464 eernere
649 4412 679 4464 et
700 4404 785 4465 edere
803 4405 904 4480 jussus
927 4415 1013 4481 esset,
1035 4406 1151 4484 Pragae
1174 4407 1282 4486 degens
1304 4406 1460 4486 impeditus
1482 4415 1536 4483 est,
1564 4426 1622 4487 quo

277 4492 373 4549 minus
396 4493 588 4568 propositum,
612 4491 692 4568 quod
714 4491 848 4566 diurnus,
870 4493 1028 4569 perficeret.
1068 4494 1109 4554 At
1132 4496 1201 4556 dum
1222 4513 1268 4556 tce
1290 4513 1309 4556 a
1330 4498 1479 4574 proposito
1501 4496 1621 4573 abenas,

276 4576 426 4654 Rndolphi
446 4580 633 4656 Imperatoris
656 4586 686 4640 et
709 4578 869 4640 aulicorum
891 4597 990 4642 amore
1013 4589 1043 4643 et
1064 4585 1269 4660 superstitione
1292 4583 1436 4659 obtrusas,
1459 4586 1529 4661 agit,
1553 4583 1622 4645 dum

276 4664 387 4739 majore
414 4668 444 4724 in
474 4668 537 4727 dies
563 4667 703 4745 astrologi
729 4669 846 4726 nomine
875 4668 1070 4731 inclarescens
1093 4669 1130 4731 de
1152 4670 1296 4733 sideribus
1318 4668 1465 4731 nataliciis
1486 4680 1517 4732 et
1536 4674 1622 4748 geni·

277 4754 349 4810 turis
369 4754 400 4810 in
422 4755 575 4814 consilium
596 4762 719 4816 vocatur
746 4761 776 4816 et
803 4771 898 4814 rerum
925 4758 1025 4835 inopia
1052 4759 1270 4822 consulentibus
1295 4758 1471 4836 respondere
1498 4761 1619 4835 cogitur,

276 4837 338 4899 fieri
359 4856 418 4898 non
440 4845 546 4917 potuit,
574 4846 645 4919 quin
666 4841 709 4900 illi
731 4842 778 4902 bis
800 4843 888 4904 rebus
911 4853 1054 4924 occupato
1082 4849 1173 4923 notio,
1202 4864 1290 4923 quam
1318 4847 1355 4908 de
1384 4847 1620 4924 proportionibus

271 4925 452 4988 harmonicis
474 4945 541 4990 cum
562 4930 730 4992 coelestium
757 4947 910 5008 corporum
937 4940 1019 4996 motu
1048 4934 1260 5012 conjnngendis
1286 4942 1471 5015 conceperat,
1500 4936 1621 5014 propius
