3567 5625
278 379 342 436 tut
435 425 439 436 Ι
744 375 911 446 Appendieis
928 375 1152 432 Hermonicornm

277 551 351 611 forte
373 552 469 610 minus
492 559 622 612 attentus
646 552 685 612 ad
708 555 863 615 verborum
885 573 1015 616 meorum
1039 575 1159 617 sensum
1180 558 1256 636 fuit,
1279 563 1456 626 contemtum
1479 556 1574 635 operis
1585 557 1627 615 tui

192 630 199 644 ’
278 640 407 698 vicissim
430 637 578 720 exuat.⁴⁸)

365 727 494 785 Primum
517 729 592 787 facio
616 728 769 789 discrimen
794 732 823 786 in
847 733 978 789 materia.
1024 732 1099 791 Nam
1123 749 1188 791 cum
1211 730 1285 790 nihii
1307 732 1345 790 sit
1369 732 1399 787 in
1423 739 1485 790 toto
1508 731 1626 803 mundo,

208 843 210 848 a
277 812 356 890 quod
387 818 486 893 operis
516 818 557 873 tui
588 815 751 893 amplitudo
782 834 840 874 non
871 817 1096 895 complectatur,
1129 820 1165 880 de
1188 820 1291 879 ceteris
1318 818 1436 894 quidem
1468 821 1563 894 operis
1585 822 1627 877 tui

278 902 409 980 partibus
440 919 515 961 unns
545 920 601 979 ego
632 920 689 961 non
713 903 861 963 intercedo
885 907 1030 983 suffragiis
1063 917 1106 967 tot
1128 907 1281 967 doctorum
1303 909 1446 978 virorum,
1481 906 1626 982 qnaeal·

245 1047 251 1058 ,
275 990 373 1063 legas,
398 988 477 1063 quod
501 1006 571 1049 vero
594 1001 708 1067 partem
731 990 813 1049 illam
836 995 941 1051 attinet
964 995 1200 1073 mathematicas,
1223 1011 1299 1070 quae
1323 993 1490 1052 harmonice
1514 994 1626 1067 dicitur,

205 1117 208 1132 ,
242 1091 258 1105 “
278 1092 364 1153 spero
389 1076 532 1152 equidem,
556 1095 602 1138 me
626 1071 869 1152 diagrammatom
892 1097 1023 1140 meorum
1046 1099 1170 1160 operosa
1193 1081 1387 1160 suppellectili
1414 1080 1628 1141 demonstrasse

275 1164 434 1222 lectoribus
465 1167 613 1241 egregiam
645 1165 844 1240 voluntatem,
878 1177 1015 1228 conatum
1045 1188 1098 1230 seu
1125 1174 1244 1242 nisum
1283 1186 1330 1226 res
1359 1172 1442 1243 ipsae
1472 1171 1627 1228 involutae

277 1251 491 1311 obscuritate
480 1271 513 1309 tn
536 1254 610 1311 tucis
632 1254 815 1312 intellectum
836 1256 1030 1332 proferendi,
1062 1276 1129 1318 curn
1152 1267 1183 1316 tn
1207 1259 1335 1316 vicissim
1357 1247 1527 1315 harmonica
1550 1267 1628 1316 trac-

275 1346 320 1398 tes
344 1338 432 1415 paulo
456 1339 556 1414 aliter,
587 1339 697 1416 illaque
721 1343 934 1417 quantitatibus
963 1343 1004 1424 (id
1028 1353 1073 1404 est
1101 1343 1301 1420 meoiudicio
1329 1343 1395 1403 luce
1417 1341 1483 1422 sua)
1505 1344 1628 1421 spolies.

277 1426 353 1485 Nam
376 1425 432 1485 hoe
455 1425 615 1486 secundnm
634 1428 696 1504 jam
719 1427 943 1493 est'discrimen
966 1432 1183 1492 observandum
1205 1435 1235 1489 in
1256 1432 1353 1490 verbis
1369 1431 1450 1506 meis,
1475 1430 1553 1507 quod
1578 1432 1629 1490 illa

278 1530 335 1572 non
360 1514 396 1572 de
420 1514 571 1593 profectu,
602 1514 653 1573 sad
678 1515 844 1575 decanatu
873 1518 1042 1594 loquuntur.
1088 1519 1164 1596 Quid
1196 1521 1284 1596 igitur
1306 1519 1358 1578 tibi
1388 1521 1427 1577 sit
1458 1520 1536 1578 circa
1558 1519 1628 1578 har-

277 1603 395 1660 monica
418 1605 610 1678 propositum,
629 1604 691 1678 jam
714 1621 804 1680 supra
826 1604 935 1677 dixisti,
958 1608 1058 1666 raudo
1079 1611 1113 1667 in
1124 1626 1229 1683 pauco
1244 1624 1438 1684 concrepare,
1459 1614 1628 1665 extructam

279 1689 469 1748 harmonicen
491 1693 650 1748 assentiam
665 1692 810 1767 auique,
832 1693 1038 1768 faeculentam
1053 1696 1255 1754 substantiam
1267 1692 1485 1774 (quantitatum,
1508 1705 1541 1751 nt
1555 1696 1630 1754 infra

280 1775 420 1855 explicas)
442 1778 573 1851 rejicere,
597 1777 679 1852 quod
700 1778 814 1838 bonum
829 1788 878 1838 ,at
899 1784 933 1839 in
954 1800 1009 1840 suc
1021 1786 1149 1860 promia
1171 1782 1295 1841 vmntfc
1309 1780 1389 1861 (sunt
1404 1791 1502 1840 autem
1518 1781 1629 1857 figurae

276 1863 533 1941 hieroglyphicas,
554 1864 619 1932 hoc
641 1871 693 1923 ”est
723 1867 902 1943 aenigmata)
932 1870 1084 1931 collocare
1129 1869 1195 1928 Hoc
1224 1871 1300 1928 enim
1323 1870 1378 1928 tibi
1400 1876 1445 1926 est
1473 1887 1627 1928 arcanum

241 1973 247 1992 ι
273 1954 414 2010 scantiae
445 1951 592 2028 detegere,
625 1953 775 2012 occultum
797 1956 1003 2031 manifestare,
1026 1960 1051 2014 si
1072 1960 1117 2014 rei
1137 1957 1333 2016 harmonicae
1355 1963 1472 2015 nmurc
1493 1958 1626 2032 interna,

276 2038 403 2097 vestibus
425 2047 518 2099 exuto
541 2039 770 2116 (quantitatum),
801 2041 979 2129 includatur
998 2044 1117 2119 fiqurne
1138 2044 1378 2120 hieroglyphiccc
1398 2051 1533 2103 naturae
1553 2062 1628 2102 auce

277 2134 328 2184 tuo
348 2125 461 2204 judicio
484 2130 583 2201 magis
605 2131 877 2202 spuantium
900 2137 1051 2205 tanquam
1073 2134 1107 2188 in
1128 2131 1248 2206 speculo
1273 2131 1319 2189 rol
1341 2132 1507 2206 aenigmate
1531 2135 1628 2190 u'rtm

277 2216 340 2284 ejus
363 2213 475 2289 absque
497 2216 675 2286 circuitione
696 2216 858 2274 cuborum
882 2217 976 2275 oculis
999 2226 1027 2275 et
1049 2221 1154 2277 anieno
1170 2221 1382 2293 conspiciatur.
1429 2217 1514 2291 Quod
1539 2221 1627 2294 igitur

277 2304 446 2376 aenigmata
468 2308 533 2374 tua,
567 2302 776 2360 harmonica
769 2320 905 2378 inquam,
936 2306 1092 2364 tenebrosa
1114 2304 1248 2383 appello,
1277 2305 1383 2380 loquor
1407 2322 1442 2364 ex
1462 2305 1575 2380 judicio
1598 2317 1627 2366 et

227 2437 233 2448 r
276 2387 362 2464 captu
385 2406 465 2462 meo,
498 2397 527 2447 et
549 2389 645 2447 habeo
670 2397 698 2448 te
721 2389 957 2466 astipulatorem,
986 2394 1037 2468 qui
1065 2410 1171 2468 negas,
1203 2400 1282 2452 tuam
1306 2395 1496 2466 intentionem
1518 2395 1625 2469 subjici

276 2475 571 2535 demonstrationibus
593 2475 821 2550 mathematicis,
851 2479 913 2536 sine
937 2481 1044 2554 quibus
1068 2498 1123 2557 ego
1147 2498 1355 2554 accenseam,
1386 2481 1438 2537 tihi
1464 2489 1493 2538 tu
1520 2481 1627 2540 videris

208 2632 210 2635 y
275 2562 503 2623 luculentissime
537 2567 635 2622 omnia
665 2563 840 2641 depingere,
874 2565 975 2641 figuris
1004 2568 1233 2645 hieroglyphicis
1269 2567 1355 2627 valde
1390 2567 1624 2643 significantibus

275 2651 429 2729 explicare.
473 2651 511 2709 Et
533 2650 605 2709 illud
627 2651 698 2709 mihi
722 2660 752 2710 et
774 2654 826 2711 tihi
850 2651 906 2711 hoc
931 2652 1064 2729 ridetur3
1094 2656 1277 2715 abundemus
1305 2664 1427 2730 uterque
1450 2672 1504 2713 suo
1527 2674 1625 2728 sensu,

275 2739 387 2813 judicet
408 2737 501 2798 lector
523 2746 553 2797 et
576 2740 739 2816 composita
761 2738 797 2798 lis
821 2742 884 2800 erit.
931 2740 1008 2800 Illud
1031 2741 1126 2801 solum
1149 2743 1219 2817 mihi
1239 2740 1429 2821 relinquatur,
1451 2742 1530 2819 qbod
1545 2744 1627 2801 nulla

278 2826 385 2902 injuria
406 2843 460 2886 nec
483 2835 534 2885 tuo
557 2829 586 2884 in
610 2828 787 2886 harmonicis
809 2845 900 2905 scopo
923 2833 1108 2905 aenigmata,
1140 2849 1195 2892 nec
1216 2847 1282 2889 meo
1304 2832 1422 2890 conatui
1444 2849 1540 2890 rernm
1572 2833 1626 2891 ob·

281 2931 431 2972 scurrarum
448 2914 682 2991 explicationem,
708 2931 784 2990 quae
806 2915 839 2973 fit
861 2934 914 2992 per
936 2919 1027 2976 rerba
1050 2925 1078 2977 et
1101 2920 1289 2994 quantitates,
1314 2919 1410 2977 tribui.
1454 2917 1531 2985 Nam
1553 2919 1626 2979 illud

277 3000 313 3058 de
336 3006 387 3059 tuo
410 3018 499 3078 scopo
520 3002 583 3077 jam
606 3002 702 3060 verbis
725 3004 783 3060 tuis
806 3004 897 3079 ipsius
919 3007 1053 3079 probavi,
1077 3006 1132 3066 hoc
1156 3006 1191 3065 de
1214 3023 1279 3065 meo
1296 3014 1404 3064 conata
1426 3023 1537 3065 rursum
1566 3016 1626 3066 tute

275 3089 338 3164 ipse
361 3088 474 3165 analysi
497 3105 576 3147 nona
606 3107 636 3148 es
660 3090 772 3160 fassus,
804 3107 850 3151 me
873 3095 1079 3152 consonantias
1103 3095 1204 3166 coelo,
1236 3102 1327 3164 terra,
1359 3109 1418 3150 non
1440 3092 1552 3153 meliori
1578 3097 1625 3152 via

256 3191 366 3250 quam
388 3176 603 3251 longitudinum
626 3177 812 3253 proportione
836 3179 988 3239 enucleare
1012 3197 1108 3256 posse.
1151 3182 1189 3239 Et
1203 3183 1314 3257 passim
1330 3180 1539 3239 verbositatem
1555 3182 1625 3240 mihi

278 3262 396 3337 objicis,
431 3281 490 3340 qna
511 3281 542 3321 re
564 3264 801 3339 perspicuitatem
832 3270 932 3341 ntique
955 3265 1083 3326 solemus
1106 3269 1256 3342 affectare,
1288 3285 1354 3327 cum
1377 3275 1409 3326 tu
1438 3286 1528 3345 saepe
1559 3270 1623 3329 loco

276 3351 440 3425 verborum,
465 3368 540 3427 quae
563 3368 697 3423 recusas,
722 3351 861 3410 exhibeas
883 3355 1022 3428 picturas.

363 3438 466 3514 Neque
489 3446 588 3496 tamtm
609 3438 666 3497 hoe
689 3438 765 3498 idem
789 3451 848 3513 est,
872 3457 908 3498 ac
931 3444 955 3500 si
978 3449 1007 3501 te
1031 3441 1168 3500 dixissem
1195 3442 1292 3501 celare
1314 3447 1457 3517 mannia
1480 3453 1623 3519 ueterum,

278 3524 358 3599 quod
381 3535 425 3585 est
448 3528 599 3604 propositi.
645 3527 707 3584 fftsi
730 3527 808 3585 enim
831 3527 917 3594 mihi,
941 3532 991 3604 qui
1015 3528 1229 3588 mathematicis
1253 3528 1551 3591 demonstrationibus
1574 3552 1624 3591 as·

279 3614 374 3690 suevi,
402 3613 525 3671 multum
556 3613 740 3673 tenebrarum
764 3614 918 3674 offundunt
949 3619 978 3674 in
1007 3616 1184 3676 harmonicis
1212 3616 1433 3693 hieroglyphice
1462 3629 1528 3692 tua,
1564 3621 1624 3680 fieri

277 3707 375 3758 tamen
398 3708 496 3777 potest
524 3710 553 3760 et
582 3700 817 3775 lactum-credo,
852 3711 882 3760 ut
907 3711 937 3762 tu
963 3705 1193 3773 existimaveris,
1222 3712 1251 3763 te
1274 3704 1504 3766 luculentissime
1528 3711 1624 3765 omnia

278 3784 496 3869 depingere.⁴⁵)
542 3787 618 3862 Quin
642 3806 678 3845 ne
702 3788 758 3846 hoc
781 3788 899 3864 quidem
921 3808 1011 3849 ausus
1035 3792 1153 3850 inissem
1177 3792 1290 3864 dicere,
1314 3791 1393 3867 quod
1417 3801 1447 3851 tu
1480 3813 1547 3871 pag.
1575 3799 1620 3853 12.

280 3872 316 3932 de
340 3882 370 3933 te
393 3874 471 3935 medi
495 3877 556 3949 ris,
588 3885 616 3932 te
640 3875 755 3934 occulta
778 3894 829 3952 pro
852 3894 940 3952 posse
963 3880 1179 3952 manifestasse,
1209 3896 1276 3938 nam
1298 3879 1382 3956 plura
1403 3880 1452 3939 hie
1474 3892 1504 3941 te
1528 3900 1622 3959 posse,

280 3977 369 4035 quam
392 3963 539 4027 nna,vice
561 3961 649 4020 libuit
671 3968 836 4038 praestare,
858 3964 958 4023 malim
982 3967 1107 4026 eredere.

237 4062 239 4069 ’
367 4047 450 4124 Quae
474 4049 610 4125 deinceps
633 4060 789 4127 praecepta
813 4055 977 4129 sapientum
1002 4061 1063 4113 tute
1086 4054 1139 4112 tibi
1164 4054 1220 4129 ipsi
1243 4053 1361 4128 objicis,
1384 4059 1524 4131 mysteria
1546 4057 1622 4134 phy·

278 4138 340 4196 sica
363 4137 515 4208 revelanti,
539 4155 575 4196 ea
599 4137 694 4213 velim,
708 4156 727 4195 a
749 4140 858 4215 teipso
874 4139 1008 4199 dissolvi.
1053 4141 1189 4200 Forsitan
1208 4141 1412 4216 animaliquid
1428 4144 1541 4217 afferes,
1566 4162 1621 4220 qno

277 4231 307 4284 et
329 4226 392 4301 ipse
416 4226 489 4283 tueri
513 4242 558 4282 me
581 4227 700 4301 possim,
724 4224 891 4286 harmonias
915 4227 1056 4287 coelestes
1077 4230 1108 4285 in
1129 4229 1224 4287 lucem
1246 4229 1394 4304 proferens
1418 4232 1622 4290 studentium

216 4310 219 4321 ’
275 4315 310 4370 in
331 4314 455 4371 amentio
476 4319 587 4370 secreto
609 4330 760 4372 recusans.
809 4313 885 4387 Quin
911 4318 998 4373 etiam
1022 4316 1106 4374 tibi
1097 4318 1154 4392 rpsi
1177 4319 1328 4391 quaerenti
1352 4324 1414 4376 tute
1436 4320 1620 4394 respondeto.

276 4416 338 4472 cnr,
361 4416 426 4458 enm
449 4417 557 4457 arcana
578 4398 701 4476 physica
722 4399 831 4459 mundo
854 4401 1039 4521 propalatum
1063 4420 1128 4477 eas,
1162 4404 1378 4480 aenigmatibus
1409 4407 1509 4481 potius
1532 4409 1621 4465 utaris

275 4488 304 4543 in
327 4488 421 4546 vicem
442 4486 608 4545 sermonis?

365 4572 482 4647 Quaero
505 4575 633 4633 vicissim
657 4592 722 4650 ego,
746 4592 796 4634 cur
817 4593 991 4635 succenseas
1013 4576 1093 4649 mihi,
1118 4580 1285 4654 aenigmata
1306 4579 1358 4636 tibi
1383 4579 1528 4649 tribuenti,
1556 4600 1620 4642 cum

276 4660 333 4719 hac
364 4664 428 4740 ipsa
449 4679 537 4738 snper
565 4668 676 4720 retem
706 4679 828 4739 operose
852 4671 881 4723 tc
904 4661 1116 4723 defendendum
1141 4665 1193 4724 tihi
1226 4665 1344 4724 alinea
1370 4668 1418 4725 16.
1447 4668 1620 4743 putaveris?

276 4747 380 4808 Nonne
404 4766 472 4825 ergo
496 4749 596 4808 lateris
619 4751 785 4827 aenigmata
807 4751 971 4825 tenebrosa,
995 4753 1115 4812 sirecte
1137 4771 1156 4811 a
1177 4760 1206 4812 te
1230 4762 1371 4829 usurpata
1390 4754 1563 4829 contendis,
1593 4757 1619 4814 si
1662 4748 1665 4753 ⁴

277 4835 417 4914 exemplis
439 4843 468 4896 te
491 4838 604 4915 magnis
627 4838 746 4899 munis?
790 4837 911 4898 Licetne
940 4836 1011 4899 mihi
1033 4846 1116 4899 tuum
1146 4842 1176 4917 ip
1198 4836 1446 4901 uuta‘sermonis
1477 4845 1619 4921 inaequa-
