3567 5625
182 454 185 459 ,
255 397 319 457 aro
666 387 709 442 ue
726 383 993 457 commessurus
1009 383 1188 443 maenas

255 558 374 632 sensum
397 582 595 641 commutem,
624 563 787 629 conduntur
809 580 861 641 per
880 565 1118 636 memorativum,
1147 573 1318 644 premuntur
1346 583 1397 644 par
1418 567 1608 627 tentassem·

255 661 337 731 tiam,
361 655 556 732 dijudicantur
577 669 630 731 per
650 653 829 730 superiorem
851 650 1039 736 facultatem,
1061 668 1138 728 quae
1153 654 1251 725 omnia
1265 655 1326 731 pati
1346 652 1516 729 iutelligisur
1529 669 1609 729 aqua

256 761 315 805 non
338 746 432 815 inse,
456 742 508 802 scd
531 743 560 800 in
581 741 645 801 suis
665 739 823 818 speciebus
844 737 1003 798 sensilibus
1025 747 1054 798 et
1070 738 1259 801 mentalibus.
1302 740 1385 800 'lune
1407 743 1496 817 igitur
1519 741 1609 801 etiam

257 848 393 910 suprema
415 830 540 890 facultas
562 830 687 901 animae,
711 842 787 903 qnae
809 842 931 886 numero
954 827 1280 909 comparationibnsqqe
1302 835 1433 906 praeest,
1456 844 1493 887 ex
1514 827 1609 906 pluri·

257 922 312 981 bus
333 936 428 979 rerum
451 915 606 996 speciebus
628 913 804 975 mentalibus
834 931 923 974 nnarn
946 913 1003 972 sibi
1026 913 1150 973 fabricat
1177 914 1341 992 formatque
1363 914 1530 995 relationis,
1559 933 1609 976 or·

176 1030 183 1041 ,
258 1008 334 1066 diuis
357 1005 644 1084 comparationisque
666 1003 794 1080 speciem
817 1018 922 1078 resque
943 1000 1014 1059 ioris
1030 1003 1188 1065 existentes
1207 1004 1281 1065 inter
1295 1020 1328 1063 se
1344 1009 1509 1080 comparat3
1532 1020 1609 1080 quae

258 1095 449 1172 comparatio,
472 1099 505 1151 ut
526 1107 615 1169 snpra
637 1088 816 1163 dicebamus,
840 1105 906 1147 cnm
924 1087 975 1147 fiat
995 1104 1083 1164 super
1095 1088 1183 1150 rebus
1197 1092 1270 1170 ipsis
1284 1092 1490 1169 siueipsarnm
1510 1106 1609 1167 opera,

258 1183 357 1260 passio
380 1178 526 1258 quaedam
550 1178 663 1236 illarum
686 1193 750 1237 esse
773 1175 960 1251 intelligitur,
994 1174 1098 1236 eodem
1119 1176 1180 1259 iare
1201 1195 1306 1257 sanan,
1328 1185 1361 1238 nt
1384 1195 1449 1239 cnm
1473 1176 1509 1238 de
1532 1178 1611 1238 tama

258 1271 389 1331 absentis
411 1276 441 1328 et
462 1268 555 1343 ignari
580 1266 608 1322 in
627 1263 741 1341 judicio
763 1264 868 1341 agitor,
892 1269 944 1322 ant
966 1278 1032 1322 cum
1055 1264 1080 1323 is
1103 1266 1207 1341 eapitis
1230 1264 1386 1335 damnatur
1407 1272 1460 1324 aut
1482 1267 1611 1343 prescri-

184 1386 187 1395 ,
258 1358 345 1417 bitur.
390 1353 517 1417 Omnino
540 1352 659 1429 quidem
680 1358 752 1430 apta
773 1349 951 1426 similitudo;
981 1352 1157 1413 sicutenim
1184 1352 1253 1411 talis
1275 1353 1400 1430 aliquis,
1432 1354 1487 1412 etsi
1509 1369 1611 1413 mum

259 1447 322 1522 ipss
345 1452 414 1502 tunc
436 1442 506 1500 mali
530 1438 602 1499 nihil
625 1440 714 1499 sentit
735 1437 870 1514 adeoque
891 1435 966 1496 nibil
986 1439 1109 1516 patitur,
1132 1445 1229 1499 umen
1252 1438 1342 1518 paulo
1365 1446 1433 1518 post
1455 1440 1514 1499 rim
1536 1440 1611 1517 aius,

260 1531 339 1609 quod
362 1546 467 1608 passus
490 1537 543 1600 est,
566 1545 597 1587 rs
620 1529 685 1605 ipsa
706 1528 866 1604 experitur,
895 1526 938 1585 sic
959 1526 1047 1583 etiam
1072 1541 1158 1586 voees
1182 1533 1211 1586 ct
1233 1525 1374 1604 quicquid
1396 1528 1515 1588 omnino
1538 1545 1611 1588 con·

258 1619 412 1696 quentiae
436 1618 581 1696 particeps
603 1622 663 1687 cst,
697 1617 784 1691 prout
805 1614 896 1672 menti
918 1611 1082 1690 placuerint
1103 1614 1134 1671 in
1155 1611 1213 1674 hac
1235 1615 1468 1692 comparatione,
1498 1631 1551 1693 pro
1573 1633 1611 1703 eo

260 1707 308 1766 rel
329 1706 536 1766 continuantur
559 1702 606 1762 vel
629 1709 821 1780 respuuntur,
852 1699 1017 1776 fugiuntur,
1040 1699 1246 1777 prohibentor,
1276 1702 1486 1781 impediuntur,
1509 1704 1613 1781 oppri-

259 1802 389 1864 muntur,
426 1792 573 1851 finiuntur.
618 1789 680 1848 Etsi
707 1789 769 1865 J'am
800 1804 858 1847 non
885 1786 943 1847 boc
973 1795 1098 1847 ererrtus
1126 1791 1333 1865 consequentia
1359 1798 1492 1869 respectu
1520 1806 1613 1851 sonos

260 1884 322 1960 pati
345 1879 428 1949 dico,
459 1877 511 1938 scd
534 1878 585 1938 illo
608 1880 672 1952 ipso
695 1884 778 1948 actu,
807 1892 873 1935 oum
898 1891 950 1934 eos
978 1875 1053 1934 inter
1074 1891 1107 1935 se
1136 1894 1219 1937 mene
1246 1886 1413 1955 comparat,
1444 1876 1612 1955 sufficitque

143 1972 150 1991 ⁹
260 1986 310 2049 per
332 1966 452 2042 longum
475 1964 646 2043 explicasse,
669 1974 728 2040 quo
750 1962 973 2039 significationis
995 1964 1177 2038 aequivocae
1198 1964 1292 2041 modu
1314 1965 1391 2029 banc
1412 1967 1612 2045 comparatio-

259 2073 328 2115 nem
349 2053 505 2114 mentalem
528 2056 692 2130 passionem
716 2050 820 2109 dicam.
865 2047 923 2109 Sed
948 2065 1007 2107 non
1028 2049 1136 2110 irustrs
1155 2050 1288 2128 prolixus
1310 2053 1351 2112 ini
1375 2054 1405 2111 iu
1425 2051 1613 2114 recensendis

260 2143 307 2204 his
328 2141 613 2219 significationibus,
636 2138 692 2199 bac
713 2139 790 2197 eninr
813 2153 903 2214 opera
927 2137 991 2212 jam
1012 2154 1099 2213 porro
1128 2138 1248 2200 miudes
1276 2139 1483 2216 adjuvabimus
1499 2141 1534 2198 ‘ln
1556 2158 1613 2218 ap·

261 2229 411 2290 noscenda
433 2238 538 2289 natura
559 2222 708 2287 facultatis
731 2225 927 2298 harmonicae,
950 2231 980 2283 ct
1003 2224 1177 2302 complenda
1201 2225 1258 2288 hac
1278 2227 1615 2307 partemetaphysioae,

258 2312 352 2395 'quam
376 2314 549 2376 Aristoteles
572 2332 609 2373 ne
631 2331 683 2390 per
705 2322 892 2373 transennam
915 2310 1036 2388 quidem
1059 2310 1204 2390 adspexit.

349 2403 393 2462 lix
415 2403 495 2463 hisee
518 2412 635 2480 quoque
658 2401 767 2460 clarum
790 2406 836 2460 est
858 2398 898 2471 id,
921 2397 1002 2476 quod
1023 2406 1110 2459 antea
1133 2400 1356 2481 contendebam,
1379 2418 1420 2463 se.
1439 2400 1519 2479 quod
1541 2401 1616 2462 har-

260 2493 378 2552 moniae
399 2491 515 2552 sensilis
538 2492 633 2567 ipsum
654 2486 784 2562 formale,
808 2505 868 2563 qua
882 2486 1045 2565 harmonia,
1067 2486 1182 2547 aecidat
1195 2487 1362 2563 sensilibus,
1383 2492 1520 2550 nimirum
1535 2491 1616 2551 sicut

131 2606 134 2620 =
262 2577 372 2642 eisdem
394 2576 509 2651 accidit,
533 2576 627 2637 rideri
648 2581 679 2635 et
700 2572 795 2635 audiri
816 2582 871 2634 etc.
917 2573 1004 2633 Patet
1024 2574 1164 2648 secando,
1187 2575 1357 2639 barmoniae
1379 2579 1467 2637 etiam
1489 2578 1616 2639 ssusilas

182 2707 187 2715 ·
262 2685 335 2728 esse·
349 2683 409 2739 res,
440 2666 479 2724 ab
501 2665 573 2741 ipsis
595 2660 812 2741 quodammodo
835 2660 922 2721 rebus
945 2662 1124 2734 abstractas,
1153 2672 1298 2738 quatenus
1320 2665 1455 2723 nimirum
1485 2681 1544 2737 non
1566 2682 1616 2726 res

263 2757 344 2833 ipsae
373 2753 460 2828 ioris,
492 2750 545 2813 sed
573 2748 686 2830 species
713 2766 808 2809 rerum
836 2765 889 2825 per
916 2764 1019 2807 sensus
1048 2750 1196 2826 ingressae
1225 2750 1321 2829 adque
1345 2751 1470 2812 tribunal
1498 2753 1616 2814 animae

173 2852 179 2870 ·
262 2841 422 2921 perductae
443 2841 517 2899 liunt
539 2839 653 2899 termini
676 2838 873 2914 proportionis
903 2837 1089 2898 harmonicae
1111 2840 1237 2900 sensilis
1283 2840 1323 2899 At
1351 2841 1481 2902 vicissim
1503 2840 1615 2920 duplici

262 2929 380 2990 nomine
402 2927 572 2987 barmoniae
595 2929 669 2986 istae
692 2931 760 2983 sunt
773 2923 869 2984 adhuc
884 2932 1051 2984 concretam
1075 2926 1209 3003 primum,
1232 2929 1302 3004 quia
1316 2928 1431 3004 species
1445 2927 1617 2990 haererem

263 3016 413 3092 sensilium
435 3030 494 3074 non
515 3022 586 3074 sunt
607 3027 705 3074 earum
729 3010 825 3071 nudae
849 3013 1022 3087 quantitatis
1045 3016 1167 3090 species,
1191 3013 1348 3075 sedetiam
1370 3016 1523 3092 qualitatis
1544 3033 1617 3077 sen·

263 3104 341 3176 silis,
371 3110 443 3179 puta
465 3105 531 3162 soni
553 3101 600 3162 vel
623 3100 795 3175 lucis'ctc.;
824 3098 929 3158 deinde
952 3100 1022 3175 quia
1044 3103 1157 3178 species
1178 3102 1235 3164 hae
1258 3103 1395 3177 sensiles,
1427 3113 1458 3163 nt
1479 3103 1616 3180 sensiles,

263 3193 343 3249 intus
365 3191 394 3247 in
417 3191 516 3248 animo
537 3193 689 3266 nequeunt
710 3186 854 3258 relucere,
884 3187 939 3245 nisi
962 3203 1009 3245 res
1032 3188 1130 3264 ipsae,
1160 3206 1283 3267 quarum
1306 3188 1376 3250 illac
1398 3198 1466 3251 snut
1488 3193 1617 3269 species.

263 3279 333 3338 ioris
356 3279 444 3337 ctiam
466 3285 584 3354 praesto
614 3277 672 3336 sint
694 3281 724 3334 et
745 3280 892 3337 maneant.
937 3273 1013 3333 Nam
1042 3276 1079 3334 iis
1106 3276 1213 3337 ablatis
1244 3275 1382 3337 desinunt
1403 3279 1491 3339 etiam
1514 3296 1617 3352 earnm

264 3367 378 3443 species
400 3366 492 3438 intus,
522 3362 596 3424 lucis
619 3360 751 3439 quidem,
780 3360 878 3437 quoad
900 3378 985 3422 suam
1007 3361 1216 3444 radiationem,
1245 3366 1362 3442 inipso
1386 3366 1520 3441 instanti,
1549 3369 1618 3427 soni

266 3468 336 3513 vero
357 3454 433 3511 intra
456 3452 660 3512 brevissimum
683 3451 821 3526 temporis
845 3457 1033 3511 momentum.
1078 3450 1265 3529 Relinquitur
1286 3452 1404 3529 quidem
1427 3456 1456 3516 in
1478 3454 1619 3516 sensoriis

263 3541 464 3600 instrumentis
493 3539 594 3616 aliqua
618 3539 783 3615 impressio,
814 3545 847 3596 ut
869 3538 898 3595 in
921 3536 1008 3597 oculo
1030 3536 1119 3611 lucis,
1149 3539 1201 3599 sed
1229 3537 1282 3599 illa
1303 3557 1363 3600 non
1384 3551 1431 3604 est
1459 3543 1501 3601 rei
1524 3541 1619 3603 lorin-

264 3645 360 3701 sscaa,
384 3626 436 3688 sed
458 3630 558 3704 potins
581 3627 688 3703 speciei
711 3625 824 3702 species
847 3624 940 3685 altera
962 3626 992 3683 in
1015 3641 1120 3702 corpus
1142 3627 1295 3705 impressa,
1314 3627 1378 3704 Jam
1400 3630 1528 3706 corporis
1549 3647 1618 3690 mo-

265 3722 420 3775 mentanea
443 3715 570 3790 qualitas
585 3715 673 3787 iacta,
697 3711 943 3789 quemadmodum
966 3712 995 3770 in
1019 3714 1124 3789 opticis
1146 3713 1259 3774 colores
1282 3714 1345 3775 luce
1360 3715 1439 3776 Solis
1460 3734 1535 3794 pura
1557 3719 1617 3777 mi-

264 3804 401 3878 nimeque
423 3801 554 3861 colorata
576 3804 636 3859 vim
658 3802 826 3877 concipiunt
847 3796 980 3860 radiandi
1003 3815 1238 3877 quaquaversum
1255 3802 1393 3864 colorata.
1438 3803 1476 3863 Et
1490 3803 1548 3864 hoc
1562 3814 1618 3886 est,

234 3918 236 3924 ·
266 3888 345 3967 qood
368 3890 452 3946 initio
476 3905 593 3965 quoqne
617 3885 873 3958 contendebamus,
898 3893 1031 3965 oportere
1045 3891 1183 3948 terminos
1197 3889 1319 3950 sensiles
1341 3899 1372 3950 et
1385 3892 1512 3951 animam
1527 3909 1619 3970 pras·

265 3983 363 4036 sentes
392 3991 457 4035 esse
480 3981 655 4049 mutuasque
678 3972 791 4034 tradere
813 3990 934 4050 operas,
967 3974 1099 4053 agendo,
1129 3976 1284 4053 patiendo,
1314 3977 1381 4037 illos
1407 3995 1448 4040 ae.
1469 3978 1619 4041 movendo

266 4067 387 4137 sensus,
410 4062 487 4121 hano
509 4059 723 4137 comparando,
747 4069 780 4119 ut
803 4062 996 4121 constituatur
1018 4066 1145 4123 essentia
1166 4064 1336 4125 barmoniae
1358 4065 1484 4126 sensilis

354 4148 484 4226 Objiciat
504 4148 553 4208 hio
575 4148 695 4224 aliquis,
728 4152 855 4207 animam
878 4148 1075 4226 comparando
1098 4168 1155 4210 non
1179 4151 1291 4227 iacere,
1319 4151 1372 4212 sed
1393 4155 1524 4214 invenire
1548 4153 1618 4216 ido·
1673 4181 1675 4191 ·

265 4255 351 4299 neam
373 4239 607 4315 proportionem,
640 4234 720 4312 qood
742 4242 877 4313 quartum
900 4246 1041 4313 supra'et
1063 4238 1184 4299 formale
1214 4241 1387 4318 principium
1413 4250 1476 4326 erat
1496 4242 1619 4306 ῑιυιιιο·

265 4328 331 4385 niae
359 4324 491 4385 sensilis:
529 4340 598 4399 ergo
629 4323 721 4384 videri
750 4325 878 4383 animam
907 4325 1012 4384 abesse
1042 4342 1129 4402 posse
1167 4335 1252 4388 satra
1281 4329 1409 4389 essentia
1434 4327 1618 4392 moniae.

265 4411 441 4490 Respondeo
464 4428 515 4491 per
536 4413 745 4472 inversionem:
769 4409 905 4471 idoneam
926 4413 1057 4473 iuvenire
1087 4414 1115 4471 in
1137 4415 1294 4475 sensilibus
1316 4418 1548 4493 proportionem,
1572 4425 1639 4484 est,

266 4499 401 4577 detegere
424 4509 454 4561 et
475 4516 635 4578 aprroseera
657 4505 688 4560 et
708 4500 737 4558 in
761 4498 855 4559 lucem
876 4501 1004 4577 prolerre
1026 4501 1247 4563 similitudinem
1269 4503 1347 4564 illius
1367 4506 1562 4582 proportionis
1585 4508 1617 4565 in
1654 4496 1656 4499 ’

267 4587 424 4649 sensilibus
447 4605 512 4648 curn
535 4596 615 4648 certo
637 4587 738 4663 aliquo
760 4588 928 4648 amusimae
950 4587 1121 4649 harmoniae
1143 4589 1319 4668 archetypo,
1342 4591 1393 4668 qui
1415 4592 1495 4651 intus
1517 4601 1564 4653 est
1585 4595 1617 4652 in

266 4678 374 4737 anima.
424 4673 676 4754 Quemadmodum
707 4676 794 4753 igitur
823 4673 1019 4736 Athenienses
1050 4677 1186 4737 virtutem
1216 4678 1348 4755 aliquam
1381 4678 1555 4739 invenerunt
1584 4681 1616 4739 irr
1702 4711 1706 4716 ·

267 4763 393 4837 Quone,
417 4763 554 4842 Prytanei
585 4764 631 4822 sui
659 4762 710 4838 jus
736 4764 766 4821 in
789 4779 825 4822 eo
854 4780 914 4822 non
936 4764 1123 4839 invenerunt,
1155 4765 1207 4826 sed
1236 4765 1278 4824 illi
1301 4764 1504 4840 copularunt,
1535 4767 1616 4844 qnod

135 4921 139 4932 ι
267 4848 348 4916 zano
370 4852 432 4911 sine
456 4851 684 4938 Atheniensibus
706 4852 847 4927 consequi
866 4867 925 4913 non
948 4857 1078 4933 poterat,
1101 4852 1146 4912 sio
1166 4853 1265 4913 anima
1288 4852 1418 4918 oronam
1440 4860 1470 4916 si
1490 4872 1617 4937 propor-
