3567 5625
246 456 310 515 228
483 526 489 538 ι
658 444 701 499 De
720 428 985 512 Conllgnrationibns
1003 430 1182 497 Harmonicis.
1259 482 1262 487 .

245 627 400 689 mutabilia
422 626 503 686 Deus
525 623 644 701 reliquit
665 624 728 680 siue
752 622 832 679 omui
856 637 925 678 cura
948 629 1067 681 omatns
1089 621 1259 694 harmonici,
1287 624 1356 698 quin
1379 625 1477 699 potius
1500 636 1600 681 eorum

246 717 347 792 aliqua
369 710 419 796 (nt
441 724 537 772 motus
560 712 744 790 planetarum
765 702 915 787 proprios)
938 718 1130 768 extremorum
1161 711 1290 788 ipsorum
1320 712 1548 787 praescriptione
1571 713 1601 768 in

247 804 379 864 ordinem
400 802 601 861 harmonicum
623 797 749 872 redegit,
782 812 859 870 qnae
887 798 1010 853 necteria
1033 796 1106 854 xlibri
1132 795 1167 855 V.
1196 799 1264 872 erit3
1295 800 1323 855 in
1346 797 1431 869 aliis,
1463 800 1513 858 ubi
1543 815 1601 865 unu

248 891 354 951 dautur
376 897 514 960 extreme,
537 886 590 946 sed
611 887 761 961 quantitas
781 885 920 941 motionis
943 881 1050 942 circulo
1075 900 1207 943 connexa
1229 894 1274 944 est
1295 903 1394 944 secum
1418 887 1499 962 ipsa,
1529 887 1601 943 satis

247 979 352 1039 babuit
374 976 509 1046 Creator,
538 977 582 1033 sic
604 973 784 1056 conformare
806 972 937 1041 animas,
968 972 1110 1029 creaturis
1132 970 1287 1031 mundanis
1310 974 1491 1050 praelectas,
1519 982 1551 1029 nt
1573 982 1604 1030 et
1651 1008 1654 1013 -

248 1072 451 1141 exspectarent
474 1070 504 1122 et
526 1064 715 1121 observarent
736 1068 766 1117 et
786 1058 1053 1116 animadverterunt
1075 1056 1253 1131 harmonias,
1278 1078 1330 1138 per
1347 1069 1441 1120 totum
1464 1059 1603 1119 circulum

248 1156 310 1214 suis
334 1160 497 1226 temporum
520 1150 675 1208 momentis
699 1147 920 1224 provenientes,
951 1153 981 1203 et
1003 1147 1191 1223 operationes
1214 1164 1284 1206 suas
1316 1147 1353 1206 ad
1377 1147 1492 1206 illarum
1514 1164 1604 1223 prae-

248 1243 389 1317 scriptum
411 1236 675 1297 accommodarent.
720 1232 770 1292 Sic
792 1232 825 1289 tit
847 1249 913 1291 cum
935 1233 1063 1291 motibus
1086 1233 1270 1305 planetarum
1293 1253 1329 1295 ex
1344 1235 1435 1294 Terra
1456 1251 1604 1311 apparen-

243 1330 328 1403 ‚tibus
351 1326 406 1386 snb
428 1325 565 1396 andiaco,
589 1323 712 1381 materia
735 1319 823 1393 hujus
846 1319 899 1377 tv.
922 1318 988 1378 libri
1009 1324 1136 1396 propria.

335 1413 429 1490 lgitur
451 1429 518 1472 cum
540 1410 677 1486 operibns
700 1408 756 1465 Dei
779 1404 865 1463 nobis
888 1408 967 1465 notis
991 1423 1036 1464 res
1059 1409 1101 1467 sic
1117 1407 1222 1482 babet;
1245 1407 1377 1483 adquae
1400 1411 1424 1467 si
1444 1409 1506 1485 jam
1522 1426 1604 1467 com-

249 1518 384 1582 paremus
407 1517 452 1571 ea,
475 1515 552 1575 quae
575 1492 769 1555 trnmtncsad
792 1492 976 1552 harmonicas
999 1492 1079 1569 leges
1103 1493 1247 1568 ordinant,
1272 1498 1377 1572 partim
1393 1495 1496 1556 eadem
1517 1498 1605 1556 nobis

250 1589 376 1650 dicenda
399 1595 490 1659 eruut,
514 1588 620 1662 partim
643 1583 769 1642 diversa.
813 1578 944 1639 Primum
968 1584 996 1638 in
1019 1582 1153 1641 cautibus
1185 1587 1241 1643 etsi
1263 1599 1322 1642 uon
1345 1587 1440 1643 minus
1463 1601 1551 1660 quam
1576 1586 1604 1640 iu

250 1677 334 1739 coelo
363 1674 449 1733 datur
481 1675 621 1732 contiuua
649 1670 822 1746 quantitatis
854 1672 1054 1743 augmentatio
1085 1682 1115 1726 et
1143 1670 1311 1741 diminutio,
1345 1671 1421 1731 baec
1448 1678 1544 1730 nmen
1575 1673 1605 1728 in

250 1764 326 1826 coeli
348 1763 477 1821 motibus
505 1763 592 1819 certis
618 1770 741 1816 naturae
768 1755 884 1830 legibus
912 1765 958 1814 est
985 1758 1164 1829 necessaria,
1194 1762 1224 1815 in
1255 1775 1328 1818 voce
1352 1758 1480 1818 huruuua
1508 1774 1605 1834 neque

249 1852 416 1912 necessaria
438 1858 484 1906 est
505 1864 608 1923 nequo*
624 1848 713 1906 etiam
735 1843 837 1902 incilia.
884 1840 995 1902 Guttnr
1015 1860 1043 1901 n.
1065 1844 1250 1907 distinctione
1267 1845 1441 1906 circulorum
1463 1845 1606 1905 advoces

251 1940 422 1999 articulatas
444 1936 554 1994 lactum
576 1941 629 2000 est,
652 1931 828 2007 faciliusque
852 1931 890 1989 ab
913 1940 1000 1990 acuto
1024 1934 1053 1988 in
1075 1949 1166 2008 grave
1197 1942 1228 1992 et
1251 1936 1381 1993 vicissim
1402 1950 1454 2009 per
1475 1932 1605 1992 saltuum

164 2028 172 2035 '
252 2027 343 2086 veluti
367 2021 523 2082 intervalla
544 2024 716 2096 sonitusque
747 2018 889 2076 discretos
910 2021 1110 2093 pervenimus,
1142 2037 1230 2096 quam
1253 2024 1278 2078 si
1297 2022 1467 2097 juberemur
1491 2022 1534 2080 uti
1557 2023 1604 2078 in·

252 2116 384 2174 tensione
407 2110 554 2169 continua.
598 2108 679 2167 Nihil
703 2108 791 2182 igitur
813 2108 926 2177 mirum,
951 2109 979 2163 in
1003 2107 1130 2166 motibus
1153 2102 1329 2168 coelestibus
1352 2125 1417 2168 cnm
1441 2110 1506 2184 ipsa
1527 2125 1605 2186 aug·

252 2199 430 2260 mentatione
453 2206 483 2256 et
505 2195 696 2254 diminutione
720 2195 872 2264 coritiana,
903 2210 979 2270 qnae
1011 2197 1096 2252 vitari
1127 2211 1184 2254 nou
1207 2198 1318 2271 potuit,
1351 2198 1494 2255 mansisse
1518 2199 1607 2254 etiarn

251 2285 408 2348 intervalla
429 2286 616 2354 inconcinna,
645 2285 738 2341 mixta
761 2280 910 2339 concinnis
933 2290 963 2340 et
985 2283 1134 2354 consonis,
1166 2285 1194 2341 in
1218 2294 1306 2343 cantu
1330 2281 1477 2355 humano,
1496 2282 1608 2342 relimi-

252 2377 330 2435 natis
353 2371 488 2432 omulbus
511 2371 701 2439 inconcinuis,
724 2368 791 2428 sola
812 2369 955 2426 concinna
978 2379 1008 2426 et
1030 2385 1160 2428 consona
1186 2372 1347 2431 obseruari.
1391 2370 1495 2446 Neque
1518 2370 1609 2430 habet

253 2461 338 2534 ideo,
361 2477 419 2536 quo
442 2458 581 2534 glorietur
603 2467 706 2517 caritas
728 2473 798 2534 prae
821 2456 1000 2514 motionibus
1016 2456 1205 2533 coelestibus3
1233 2459 1290 2518 illis
1313 2476 1341 2517 u.
1366 2456 1447 2517 alind
1470 2457 1608 2530 officinm,

253 2548 333 2627 quod
356 2555 506 2625 peragant,
530 2554 575 2604 est
596 2544 819 2615 demandatum
843 2542 1012 2601 harmonica
1031 2548 1260 2622 contemperatio
1283 2547 1357 2623 ipsis
1380 2553 1425 2604 est
1445 2549 1612 2605 accessoria

253 2645 375 2708 mutum,
400 2642 502 2692 cautus
525 2642 639 2710 praeter
662 2631 829 2690 harmonias
851 2629 923 2688 nihil
948 2629 1028 2705 quod
1051 2641 1164 2709 spectet
1186 2633 1284 2707 habet,
1308 2632 1381 2691 nihil
1404 2641 1487 2693 extra
1509 2636 1610 2709 requi·

253 2727 305 2799 rit,
330 2726 360 2781 in
384 2738 473 2781 unum
495 2722 592 2777 solum
614 2719 701 2777 finem
724 2714 927 2776 delectationis
941 2720 1079 2778 ‘intentus
1102 2728 1155 2778 est

342 2815 417 2870 b'unt
448 2815 478 2866 et
508 2806 568 2866 alia
599 2825 689 2885 opera
720 2805 863 2876 bumana,
898 2806 927 2862 iu
958 2823 1035 2881 quae
1065 2824 1147 2868 meus
1177 2809 1382 2887 proportiones
1414 2806 1610 2880 harmonicas,

255 2899 409 2960 obscurius
440 2904 537 2953 tamen
568 2906 598 2955 et
620 2895 723 2966 vilius,
757 2892 932 2964 introducit,
963 2900 996 2951 ut
1026 2911 1091 2953 cum
1114 2907 1218 2955 cantus
1246 2913 1304 2955 non
1328 2894 1470 2972 qualitate
1496 2904 1610 2954 tanturn

255 2987 398 3045 acuminis
422 2989 451 3041 et
473 2985 636 3057 gravitatis,
659 2981 711 3039 sed
733 2983 852 3056 insuper
874 2983 963 3039 etiam
986 2998 1121 3042 mensura
1146 2990 1256 3061 tactus,
1285 2984 1480 3060 proportionis
1502 2981 1611 3059 duplae

256 3086 286 3134 et
308 3072 412 3149 triplae
435 3072 594 3147 participe,
626 3069 812 3142 informatum
844 3077 873 3126 et
897 3085 1010 3127 rursum
1039 3072 1067 3127 iu
1091 3079 1172 3128 motu
1195 3087 1367 3147 corporum,
1399 3088 1464 3129 cunr
1487 3069 1612 3129 saltatur

256 3164 286 3218 in
310 3159 439 3229 choreis,
469 3160 596 3231 primum
620 3160 648 3214 in
670 3155 884 3239 aequalitatis,⁷
899 3159 1046 3229 posterius
1068 3158 1097 3213 iu
1122 3158 1212 3234 dupla
1234 3161 1429 3235 proportione.
1465 3161 1547 3231 allide
1565 3162 1611 3216 lib.

256 3249 305 3305 111.
318 3249 365 3303 iol.
378 3247 450 3314 137.)
492 3244 579 3319 Quod
602 3242 679 3301 idem
710 3250 740 3301 et
762 3253 868 3318 poetae
893 3245 1042 3302 imitantur
1074 3249 1296 3305 concinnatione
1319 3245 1427 3322 pedum
1458 3262 1494 3303 ex
1518 3245 1612 3322 sylla-

258 3335 313 3404 bis,
337 3331 427 3408 longe
449 3342 480 3393 ot
501 3333 600 3403 brevi,
631 3346 754 3407 quarum
783 3329 834 3387 illa
855 3332 974 3407 ponitur
1003 3348 1067 3391 esse
1090 3332 1180 3410 dupla
1202 3333 1304 3409 hujus:
1336 3333 1387 3392 ubi
1415 3332 1536 3408 jambus
1559 3361 1611 3406 c·,

259 3419 416 3479 trochaeus
440 3452 475 3481 -s
502 3418 548 3478 vel
573 3417 726 3478 tribrachis
749 3441 820 3488 eqo
843 3416 881 3475 ad
904 3417 1089 3496 spondaeum
1109 3451 1165 3489 --,
1197 3419 1345 3497 dactylum
1367 3451 1449 3492 -υυ,
1480 3437 1613 3497 anapae-

258 3518 336 3567 stum
352 3533 426 3582 oo-,
450 3509 497 3569 rel
513 3505 743 3584 amphibrachyn
759 3517 842 3574 o-c,
866 3504 915 3563 vel
930 3505 1221 3581 proceleusmaticum
1237 3533 1282 3567 υυ
1297 3536 1340 3566 oo
1363 3517 1408 3567 est
1423 3516 1456 3567 nt
1477 3510 1495 3566 3
1521 3507 1559 3567 ad
1575 3510 1613 3584 43

259 3594 298 3654 ad
314 3594 551 3668 bacc11i0s0-·,
569 3622 653 3664 --υ,
678 3594 902 3651 creticum-n-
929 3601 1233 3670 etpaeouas-uco,
1258 3624 1360 3669 υ-υυ,
1386 3622 1493 3666 tro-u,
1517 3618 1615 3654 ooo·

259 3692 292 3741 ut
315 3684 333 3740 3
358 3683 395 3740 ad
421 3685 457 3758 ὅς
480 3682 518 3742 ad
541 3682 700 3740 molossum
724 3711 798 3753 ·--,
822 3680 1022 3739 choriambum
1037 3711 1142 3754 -υυη
1162 3684 1279 3758 jouicos
1306 3685 1527 3759 eteompositos
1543 3699 1615 3742 snos

184 3763 188 3768 ’
259 3779 293 3827 nt
318 3772 332 3827 l
358 3770 395 3827 ad
419 3773 457 3843 ‘23
487 3770 525 3828 ad
548 3769 665 3829 eosdem
688 3767 871 3845 spondaeus,
904 3767 1038 3844 dactylus
1062 3778 1091 3828 et
1113 3772 1163 3845 qui
1187 3767 1308 3830 totidem
1335 3788 1401 3829 orm
1422 3772 1458 3829 ils
1481 3778 1615 3847 tempora

261 3856 386 3921 habent,
416 3866 449 3914 nt
472 3861 490 3914 ‘l
514 3856 551 3915 ad
575 3861 612 3929 3;
636 3865 665 3914 ct
687 3854 717 3912 hi
740 3855 828 3913 iideru
852 3854 888 3912 nd
912 3873 1056 3933 paeones,
1088 3865 1122 3915 nt
1144 3861 1163 3916 t
1188 3857 1226 3917 ad
1250 3861 1279 3917 5.
1323 3858 1457 3938 Paeones
1480 3875 1551 3917 vero
1574 3858 1613 3917 ad

261 3942 460 4003 choriambum
483 3951 513 4003 et
534 3944 648 4012 socios,
673 3949 705 3999 ut
730 3943 747 3999 5
771 3941 809 4000 ad
833 3942 862 3999 d.

348 4027 492 4106 Adeoque
516 4028 696 4088 delectantur
718 4036 825 4105 poetae
847 4036 877 4086 et
892 4032 1074 4104 grammatici
1090 4033 1178 4091 etiam
1201 4032 1368 4091 nominibus
1382 4033 1612 4109 proportionum,

260 4134 317 4175 usu
340 4117 481 4193 peculiari
513 4115 603 4195 pedes
625 4113 878 4191 quadrisyllabos,
909 4134 968 4175 nnn
999 4117 1098 4190 brevi,
1129 4121 1278 4196 epitritos,
1308 4117 1337 4178 h.
1361 4137 1386 4179 e.
1410 4120 1613 4195 sesquitertios

261 4202 460 4282 appellantes,
493 4207 564 4281 quia
586 4206 668 4261 utin
691 4206 879 4278 proportione
904 4206 923 4261 t
946 4203 984 4263 ad
1009 4207 1042 4278 3,
1072 4204 1158 4266 lineis
1186 4204 1336 4282 parallelis
1366 4223 1521 4283 expressa,
1554 4213 1612 4265 tres

263 4289 382 4367 quidem
404 4294 515 4368 primae
538 4294 666 4350 unitates
695 4288 805 4367 duplici
828 4289 907 4349 linea
929 4301 1199 4367 repraesentantur,
1223 4303 1328 4370 quarta
1350 4302 1463 4353 tautum
1486 4294 1611 4369 simplici

263 4378 436 4452 excedente,
467 4383 510 4438 sic
540 4382 569 4437 in
599 4378 672 4455 pede
702 4388 760 4435 tres
782 4377 917 4453 syllabae
949 4386 1017 4438 aunt
1045 4380 1167 4438 duorum
1190 4389 1368 4459 temporum,
1398 4389 1503 4457 quarta
1526 4384 1611 4439 unius

262 4473 386 4525 tanturn.
431 4466 564 4543 Cumque
591 4482 649 4540 qox
676 4467 740 4543 ipsa
769 4464 876 4541 pedum
905 4466 942 4525 ad
966 4467 1070 4526 choros
1101 4465 1229 4540 alludat,
1262 4477 1372 4546 partem
1396 4467 1611 4529 comoediarum

263 4566 293 4612 et
320 4553 554 4631 tragoediarum,
589 4552 725 4611 videntur
751 4553 907 4612 histriones
938 4556 1025 4612 etiam
1055 4563 1135 4613 motu
1171 4555 1278 4633 pedum
1308 4558 1510 4633 proportiones
1539 4557 1611 4615 istas

263 4657 364 4701 omnes
393 4644 585 4719 expressisse,
616 4658 673 4699 non
702 4642 797 4700 minus
827 4657 915 4714 quam
947 4641 1035 4701 hodie
1066 4640 1157 4719 dupla
1185 4652 1215 4702 et
1236 4642 1323 4721 tripla
1354 4645 1532 4720 exprimitur.
1576 4644 1609 4701 ln

263 4728 489 4788 architectonica
518 4711 710 4806 quaecuuque
739 4730 941 4806 proportiones
970 4729 1162 4802 longitudinis
1192 4730 1230 4788 ed
1253 4729 1436 4791 latitudinem
1459 4731 1507 4791 vel
1529 4747 1610 4790 cras·

263 4817 360 4875 sitiem
382 4816 538 4894 plurimum
559 4817 727 4894 probantur,
751 4818 839 4874 etiam
861 4818 1184 4876 anon-mathematicis
1207 4819 1431 4895 spectatoribus,
1454 4835 1507 4878 ese
1522 4834 1610 4894 quam

263 4905 413 4984 proximae
440 4903 616 4966 harmonicis
643 4904 838 4964 inveniuntur.
888 4900 976 4977 Quod
1006 4919 1077 4966 vero
1107 4903 1153 4964 his
1182 4906 1317 4965 omnibus
1350 4906 1513 4966 exactiores
1542 4913 1610 4966 sunt
