3567 5625
202 379 208 399 '
273 408 339 470 coa
800 399 950 461 Ριιιιιιιι
966 399 1120 462 Harmonia

1329 529 1343 554 ⁴
1467 555 1470 574 l

271 577 337 636 ritas
349 577 391 633 vel
402 578 527 648 tarditas,
545 578 703 634 inconstans
715 577 797 634 etiam
808 577 906 650 iorma,
924 580 1083 635 inconstans
1095 579 1212 649 denique
1224 578 1343 638 duratio:
1361 580 1483 651 intellige
1495 581 1523 637 in
1535 589 1620 639 astro·

275 658 365 713 nomia
382 655 556 712 Ptolemaios.

328 799 332 816 ,
351 737 484 804 Βιιὶιιι
501 736 586 791 totius
605 735 678 791 tituli
692 741 792 793 sensus
811 737 851 793 sic
868 745 912 793 est
929 745 1110 807 comparatus,
1129 746 1159 792 ut
1177 737 1258 794 facile
1275 746 1377 809 pateat,
1395 748 1479 810 caput
1495 739 1548 795 hoc
1565 755 1619 795 non

272 815 315 869 eui
333 814 419 883 ipsius
436 830 520 870 causa
537 814 629 886 sorabi,
657 830 708 869 nec
725 814 806 870 linem
830 815 1005 872 dicendorum
1026 816 1054 871 in
1073 832 1102 870 ιι
1126 817 1187 885 ipso
1212 818 1362 889 continere,
1388 819 1437 875 aed
1457 820 1558 874 servire
1576 817 1621 874 alii

273 892 355 949 alicui
372 900 516 948 secuturae
534 894 735 963 comparationi,
754 896 843 965 capite
863 895 903 951 to
922 896 1046 965 sequenti
1066 896 1258 953 instituendae.

358 980 432 1036 Nota
449 979 499 1036 111.
535 981 567 1036 In
585 980 733 1036 Ptolemaei
759 983 926 1038 astronomia
953 991 1017 1038 sunt
1040 982 1118 1038 orbes
1137 984 1217 1040 solidi
1235 985 1277 1040 vel
1304 985 1395 1055 quasi,
1423 991 1513 1039 motus
1530 984 1621 1041 nullus

273 1061 477 1118 transscribitnr
488 1061 541 1130 ipsi
552 1061 657 1126 stellae,
674 1060 726 1116 nisi
740 1076 875 1130 apparens
887 1062 942 1129 ille,
960 1066 1127 1132 compositus
1145 1063 1251 1120 scilicet
1263 1063 1431 1134 expluribus
1445 1062 1621 1133 simplicibus,

273 1139 320 1209 qui
337 1155 367 1194 re
384 1156 449 1194 sera
467 1139 623 1194 dividuntur
640 1140 711 1194 inter
729 1140 863 1209 sphaeras
881 1140 1008 1196 totidem:
1032 1148 1063 1196 ut
1079 1141 1118 1196 ita
1135 1142 1268 1213 sphaerae
1286 1143 1410 1214 singulae
1427 1141 1543 1211 siugulis
1560 1157 1622 1210 pro·

271 1217 338 1287 priia
355 1218 502 1274 incitentur
519 1218 636 1274 motibus
653 1219 753 1287 iisque,
779 1226 811 1274 ut
827 1220 915 1289 prima
932 1221 1022 1275 fronte
1040 1227 1167 1289 apparet,
1193 1220 1274 1291 plane
1293 1220 1458 1292 simplicibus
1477 1228 1506 1276 et
1522 1235 1623 1292 aequa·

271 1295 380 1352 bilibus.
414 1296 476 1365 Qua
492 1296 521 1350 in
538 1297 668 1365 opinione
683 1299 793 1354 fremunt
816 1301 898 1355 etiam
914 1307 1037 1369 veteres,
1064 1300 1209 1370 Eudoxus,
1238 1299 1366 1371 Oalippus
1391 1316 1493 1370 eosque
1511 1309 1623 1357 secutus
1644 1352 1655 1374 ‚

271 1375 444 1445 Aristoteles,
462 1381 493 1431 ut
510 1376 690 1446 perscriptum
708 1378 818 1447 reliquit
836 1380 902 1434 Met.
921 1380 983 1434 XII.
1019 1380 1107 1447 Quam
1126 1380 1279 1449 opinionem
1298 1395 1349 1449 ego
1367 1379 1483 1438 refutavi
1499 1380 1527 1434 in
1546 1380 1623 1435 Com·

270 1456 410 1511 mentariis
433 1456 468 1512 de
491 1457 611 1512 motibus
634 1456 730 1511 stellae
748 1458 844 1512 Martis
872 1457 1034 1528 defendique
1050 1457 1200 1513 rationibus
1222 1459 1401 1526 evidentibus,
1419 1474 1524 1515 omnem
1547 1459 1624 1515 illam

272 1541 394 1589 motuum
412 1535 583 1601 varietatem,
602 1544 673 1603 quae
691 1534 777 1590 stellis
795 1537 884 1590 inesse
902 1543 1029 1607 putatur,
1047 1544 1095 1592 aot
1111 1538 1282 1607 phantasiam
1300 1555 1361 1595 ease
1379 1539 1506 1609 visusque
1524 1537 1623 1608 decep·

271 1611 385 1672 donem,
412 1629 447 1668 ex
465 1627 556 1669 annuo
574 1613 691 1669 Telluris
709 1623 785 1670 motu
802 1624 909 1697 natam,
937 1625 985 1672 aut
1008 1632 1039 1671 re
1056 1633 1120 1673 vera
1145 1618 1316 1686 planetarum
1333 1618 1421 1688 globis
1439 1620 1506 1689 ipsis
1524 1621 1623 1684 inesse,

272 1690 311 1746 sic
329 1698 359 1747 ut
376 1691 416 1747 illi
433 1709 603 1764 nequaquam
622 1693 857 1750 circumvehantur
874 1695 993 1750 velutin
1012 1713 1093 1750 curru
1110 1705 1158 1751 aut
1175 1706 1206 1753 ut
1222 1698 1315 1753 clavus
1326 1700 1353 1753 in
1366 1704 1433 1766 rota,
1451 1699 1623 1767 quiescentes

272 1787 310 1826 sc.
328 1772 356 1827 ln
375 1788 430 1826 uno
448 1774 490 1827 sui
508 1772 582 1827 orbis
600 1771 673 1839 loro,
700 1771 748 1827 sed
766 1789 796 1827 re
814 1789 878 1828 vera
895 1775 1031 1843 trajiciant
1047 1773 1104 1845 per*
1114 1777 1328 1846 limpidissimam
1347 1792 1440 1831 auram
1457 1778 1622 1844 aetheream,

271 1849 311 1906 illi
329 1851 483 1908 nullatenus
500 1852 606 1920 illigati.
632 1851 722 1920 Quare
738 1855 889 1909 meminerit
906 1855 1000 1924 lectum
1019 1856 1127 1926 mehir,
1147 1856 1211 1911 dum
1228 1857 1387 1912 Ptolemaici
1404 1858 1494 1926 operis
1512 1858 1624 1914 lacunas

272 1930 389 2000 expleo,
405 1947 459 1986 non
477 1932 597 1988 scribere
615 1948 649 1987 ex
667 1933 749 1989 aniud
766 1935 818 1988 mei
836 1936 979 1995 sententia
998 1934 1047 1990 sed
1065 1935 1213 1991 Ptolemaei
1231 1935 1353 2005 vestigiis
1381 1936 1535 1992 necessario
1559 1936 1624 1990 insi·

271 2015 355 2079 stare,
372 2010 396 2064 si
413 2010 484 2064 viam
502 2011 612 2078 quidem
630 2014 809 2068 eccentricam
826 2014 944 2082 planetis
963 2014 1077 2084 siugulis
1095 2014 1225 2084 relinquit
1241 2015 1322 2070 etiam
1340 2030 1400 2071 mea
1418 2031 1452 2070 ex
1470 2014 1636 2085 coperuico·

181 2121 183 2132 ·
271 2093 438 2143 transsumta
455 2089 635 2157 ιιιιιιιιιίι,
663 2105 733 2159 quae
751 2090 855 2146 educet
872 2092 947 2147 aliud
964 2093 1091 2148 observat
1108 2102 1231 2150 eennnm
1248 2111 1266 2151 a
1282 2103 1376 2151 centro
1392 2095 1480 2151 totins
1496 2094 1624 2162 universi,

272 2164 345 2235 quod
363 2165 410 2221 Sol
429 2174 479 2223 est.

358 2251 431 2309 Nota
447 2253 493 2309 IV.
538 2255 683 2326 Epicyclos
706 2272 799 2311 omnes
826 2259 922 2313 unicus
949 2257 1066 2314 Telluris
1091 2268 1182 2316 motus
1209 2274 1315 2315 annuus
1341 2259 1415 2329 apud
1442 2259 1621 2329 Gopernicum

270 2329 344 2385 tollit
360 2331 539 2403 planetasque
557 2342 662 2388 tautum
680 2334 807 2403 directos,
826 2340 932 2391 tantum
949 2353 1004 2392 uno
1022 2338 1102 2392 modo
1114 2337 1221 2393 veloces
1239 2354 1300 2393 esse
1318 2338 1428 2407 patitur,
1446 2354 1508 2394 cum
1519 2339 1623 2397 scilicet

270 2418 335 2466 sunt
352 2411 380 2464 in
397 2410 546 2484 periheliis,
565 2419 593 2468 et
610 2414 688 2468 Luna
706 2414 733 2467 in
751 2415 879 2484 perigaeo
898 2432 963 2487 suo;
990 2417 1105 2472 alterum
1123 2417 1175 2472 hoc
1192 2417 1344 2473 velocitatis
1361 2425 1542 2487 augmentum,
1561 2429 1622 2475 tan·

271 2505 352 2560 quam
370 2503 405 2542 ex
423 2489 558 2559 epicyclo,
585 2508 641 2546 una
667 2508 729 2548 cum
757 2477 920 2549 elationibus
949 2501 977 2548 et
999 2497 1287 2566 retrogradatiombus,
1315 2496 1431 2552 sublatis
1448 2496 1576 2566 epicyclis
1594 2506 1622 2552 et

271 2568 420 2623 substituto
438 2568 637 2636 simplicissimo
654 2578 683 2626 et
702 2570 783 2626 unico
796 2571 913 2628 Telluris
931 2582 1015 2643 motu,
1035 2575 1114 2630 simili
1132 2578 1250 2633 motibus
1269 2583 1418 2632 ceterorum
1436 2576 1509 2630 circa
1521 2576 1622 2647 Solem,

270 2647 299 2702 in
315 2664 417 2705 meram
435 2649 509 2703 risus
529 2649 716 2720 deceptionem
735 2652 881 2706 evanescit.
917 2652 954 2707 At
971 2653 1155 2724 Ptolemaeus,
1185 2655 1231 2724 qni
1250 2671 1328 2711 veros
1346 2654 1459 2710 credidit
1477 2654 1623 2724 epiepclos,

271 2728 418 2797 praeterire
436 2729 486 2784 has
504 2729 676 2785 incitationes
693 2738 722 2785 et
739 2732 906 2787 retentiones
924 2748 1095 2803 nequaquam
1112 2736 1209 2804 potuit.
1245 2734 1324 2788 Unde
1341 2733 1450 2801 factum,
1469 2741 1624 2788 utsumma

269 2808 399 2863 existeret
417 2816 540 2863 motuum
558 2808 680 2865 conlusio
699 2809 772 2880 apud
790 2811 988 2878 Ptolemaeum,
1008 2830 1078 2882 quae
1096 2815 1213 2884 ineptam
1232 2822 1260 2870 ιι
1278 2814 1470 2869 abhorrentem
1488 2803 1622 2868 reddebat

271 2902 377 2941 omnem
393 2890 628 2957 comparationem,
647 2899 785 2958 utcunque
803 2906 836 2943 ea
853 2890 1049 2947 institueretur.
1083 2893 1161 2947 Hanc
1178 2894 1247 2949 adeo
1265 2910 1374 2950 causam
1393 2910 1455 2949 esse
1471 2897 1552 2963 puto,
1570 2907 1621 2945 cur

158 3012 163 3019 .
270 2963 442 3021 Ptolemaeus
459 2968 627 3037 praescripto
645 2967 742 3036 capitis
754 2967 879 3023 lemmate
897 2970 1087 3025 tractationem
1100 2972 1307 3027 subsecuturam
1325 2972 1422 3027 lacuna
1434 2969 1541 3039 texerit,
1558 2969 1623 3037 quia

271 3041 440 3112 impossibile
458 3046 573 3115 videbat,
592 3048 621 3102 in
633 3047 803 3116 ⁸astronomia
815 3064 866 3104 sua
878 3049 1056 3105 demonstrari
1073 3050 1156 3106 talem
1176 3059 1297 3107 motuum
1311 3051 1470 3108 coelestium
1488 3055 1623 3109 crustum

273 3120 378 3189 qualem
395 3124 456 3192 ipse
473 3139 506 3179 ex
525 3125 672 3196 archetypo
690 3141 781 3181 rerum
799 3128 967 3185 musicalium
986 3138 1147 3200 conceperat
1166 3133 1263 3188 animo.
1283 3132 1396 3186 Poterat
1414 3146 1478 3185 sane
1496 3127 1621 3185 confusio

270 3199 324 3333 ifsta
340 3198 495 3258 Ptolemaeo
513 3205 694 3273 persuadere,
717 3212 747 3260 ut
770 3207 853 3262 missa
875 3223 925 3263 sua
947 3210 1114 3264 astronomia
1138 3208 1172 3264 ad
1195 3218 1313 3266 veterem
1331 3209 1539 3282 Pythagoricum
1558 3223 1622 3263 eon·

285 3288 387 3349 ageret.

360 3376 432 3430 Nota
449 3373 482 3429 V.
518 3372 693 3427 Ptolemaeus
710 3373 804 3427 Lunae
826 3373 937 3429 eosdem
955 3374 1062 3445 quidem
1082 3373 1176 3430 tribuit
1195 3376 1274 3432 orbes
1292 3377 1496 3445 nominetenus,
1515 3379 1621 3445 quoad

271 3452 396 3525 reliquis,
422 3452 571 3524 epicyolum
594 3451 698 3507 scilicet
715 3453 742 3505 in
762 3454 926 3510 ecoeutrico:
955 3462 984 3509 at
1000 3454 1041 3508 vis
1060 3462 1102 3509 est
1124 3453 1168 3508 his
1190 3454 1386 3525 hypothesibus
1405 3455 1622 3511 diversissimae

273 3533 300 3586 vi
316 3533 432 3589 illarum.
468 3534 538 3588 Nam
556 3533 672 3602 primum
690 3533 866 3601 apparentiae
883 3532 911 3586 in
929 3533 1008 3597 Lupa
1026 3534 1096 3589 tales
1108 3532 1200 3588 nullae
1219 3543 1291 3605 sunt,
1310 3532 1344 3589 ob
1363 3551 1431 3603 quas
1450 3534 1548 3590 ceteris
1566 3535 1620 3590 sin·

273 3612 344 3682 pulis
361 3611 460 3679 singuli
478 3609 535 3666 dati
554 3618 618 3665 sunt
636 3611 761 3681 epicycli,
789 3628 849 3667 cum
865 3612 945 3666 huna
962 3628 1013 3667 nec
1030 3612 1190 3683 retrograda
1206 3613 1269 3681 fiat,
1288 3627 1339 3667 neo
1356 3612 1384 3667 iu
1402 3629 1506 3667 summa
1524 3611 1621 3681 apside

273 3688 358 3744 velox.
393 3690 489 3758 Itaque
507 3689 602 3743 Lunae
620 3689 758 3758 epicyclua
777 3690 944 3759 aequipollet
962 3692 1112 3746 ecoeutrico
1131 3699 1292 3746 ceterorum.
1326 3691 1432 3746 Deinde
1450 3691 1618 3746 eccantricus

272 3768 366 3825 Lunae
383 3768 596 3824 diversissimam
614 3785 631 3823 a
648 3769 745 3824 ceteris
771 3784 894 3837 causam,
922 3784 972 3824 nec
990 3770 1078 3824 minus
1104 3777 1133 3825 et
1158 3771 1273 3827 formam
1297 3770 1506 3825 diversissimam
1533 3770 1620 3826 habet

271 3855 405 3902 motuum:
423 3848 483 3903 vult
499 3849 571 3904 enim
584 3848 764 3915 Ptolemaeus,
783 3848 856 3903 hunc
874 3848 1055 3904 ecoeutricum
1067 3858 1207 3910 menstruo
1225 3858 1347 3919 tempore
1360 3848 1478 3904 volubile
1496 3854 1620 3906 centrum

271 3925 372 3983 habere
389 3935 543 3996 pestutum
561 3927 709 3997 zodiacum,
728 3943 778 3981 nec
795 3936 884 3982 tamen
904 3929 976 3982 circa
992 3927 1140 3999 inaequali
1158 3930 1223 3985 cieri
1240 3939 1324 3997 motu,
1343 3931 1392 3987 sed
1409 3929 1531 3985 velocem
1548 3945 1618 3998 ease,

271 4020 334 4061 eum
351 4004 406 4062 fert
422 4007 574 4077 epinyclum
590 4007 618 4062 in
636 4023 750 4075 summo,
768 4005 883 4075 tardum,
902 4023 962 4062 cum
980 4006 1008 4061 in
1026 4008 1081 4063 ima
1099 4017 1126 4063 et
1142 4010 1271 4079 perigaea
1289 4010 1332 4065 sui
1348 4018 1435 4079 parte.
1453 4008 1619 4064 Reiutsrunt

270 4092 363 4141 ιιιιιι
380 4086 453 4143 hunc
471 4088 650 4142 ecoeutricum
669 4085 839 4141 solidissimis
857 4086 1008 4142 rationibus
1025 4087 1258 4157 Reqiomoutanus
1276 4096 1304 4143 ιι
1321 4088 1494 4157 Copernicus.
1521 4088 1619 4156 ltaque

270 4180 322 4235 epo
342 4165 479 4222 substituo
497 4164 566 4219 viam
583 4165 679 4219 Lunae
698 4164 769 4220 circa
787 4166 898 4220 Terram
918 4168 1097 4224 ecoeutricam
1114 4165 1217 4238 duplici
1234 4168 1330 4222 modo:
1349 4183 1403 4222 uno
1421 4174 1509 4236 stato,
1529 4164 1617 4221 altero

184 4300 187 4305 ,
269 4244 400 4314 variabili,
419 4252 450 4300 nt
465 4243 600 4299 interdum
618 4243 699 4312 plone
716 4259 770 4298 non
790 4244 834 4311 sit,
853 4244 920 4300 alias
933 4254 1074 4302 excrescat
1092 4246 1127 4302 ad
1146 4254 1243 4302 statam
1262 4253 1407 4301 etcertum
1426 4246 1616 4313 quantitatem.

269 4323 301 4378 ln
319 4324 455 4379 Mercurio
472 4322 644 4378 Ptolemaeus
661 4338 710 4392 pro
729 4322 846 4392 simplici
863 4332 1014 4379 ceterorum
1033 4326 1185 4381 ecoeutrico
1203 4323 1339 4393 duplicem
1356 4323 1435 4394 ieclt3
1453 4324 1530 4386 mihi.
1549 4338 1616 4392 sup·

269 4405 360 4472 posito
379 4403 480 4458 Terrae
496 4409 572 4457 mutu
589 4416 692 4471 ιιιιο,
716 4401 760 4456 via
776 4402 905 4457 Mercurii
923 4401 1005 4471 plane
1022 4403 1116 4460 similis
1133 4404 1166 4460 tit
1183 4403 1281 4459 ceteris
1299 4402 1436 4472 quinque,
1462 4418 1501 4458 sc.
1521 4418 1617 4459 eccen-

269 4484 338 4539 trica
355 4483 427 4557 circa
444 4482 543 4538 Solem.

320 4586 332 4635 J
356 4572 429 4627 Nota
445 4570 491 4627 Vl.
527 4568 605 4623 Haec
619 4566 792 4637 periodorum
810 4569 976 4639 comparatio
994 4569 1183 4625 nominetenus
1205 4570 1313 4639 quidem
1333 4570 1430 4623 attinet
1446 4573 1562 4639 motum,
1585 4586 1616 4625 re

270 4663 334 4703 vera
350 4666 407 4704 non
423 4658 535 4716 motum,
553 4648 602 4703 sed
620 4663 761 4702 numerum
779 4647 897 4716 dierum,
916 4650 963 4717 qui
980 4648 1093 4704 metitur
1108 4655 1216 4718 tempus
1234 4649 1337 4705 reditus
1355 4648 1487 4717 cujusque
1504 4647 1612 4704 sideris.

269 4725 357 4782 Aliter
372 4734 464 4782 tamen
481 4726 560 4795 mihi,
587 4725 665 4782 aliter
681 4725 848 4783 Ptolemaeo.
884 4729 954 4784 Nam
973 4729 1037 4798 quia
1053 4726 1226 4785 Ptolemaeus
1244 4728 1321 4796 ponit
1338 4726 1482 4797 sphaeram
1498 4726 1615 4796 primm

269 4803 486 4873 aequabilissimo
502 4812 579 4860 motu
596 4806 711 4872 moveri,
730 4807 795 4860 hinc
812 4825 846 4864 ex
865 4808 1060 4877 compositione
1077 4808 1270 4877 magnitudinis
1288 4807 1421 4877 sphaerae
1439 4812 1467 4861 ct
1483 4805 1615 4861 tarditate

268 4881 371 4943 reditus
394 4883 516 4942 ιιιιὶιιι
541 4884 624 4943 edam
640 4886 727 4943 motui
752 4886 887 4957 sphaerae
903 4887 995 4959 aliqua
1021 4896 1097 4947 oarta
1118 4896 1147 4946 ct
1163 4895 1292 4997 constans
1309 4883 1454 4958 rdouoar
1479 4893 1511 4946 ll
1534 4885 1614 4963 ὼε
