3567 5625
247 378 287 495 ld
823 427 994 487 Prooemium

244 628 333 672 sensu
364 610 452 670 etiam
482 607 665 668 harmonicas
685 607 867 686 planetarum
888 610 1051 685 positiones
1072 609 1199 686 percipi3
1230 608 1308 668 huuc
1344 624 1494 682 „sensum,
1527 622 1586 664 non

243 698 480 758 ratiocinativum
501 713 555 756 nec
577 698 802 757 echonomicum
824 712 878 757 nec
900 696 1147 774 instinguibilem“
1171 697 1300 773 positum
1321 713 1385 756 esse
1406 696 1436 753 in
1458 696 1587 771 principe

176 849 179 860 ,
244 785 344 845 mundi
365 786 442 860 loco,
464 786 494 842 in
516 783 594 858 Solu,
617 782 694 844 unde
716 785 889 861 prospiciat,
913 801 1000 861 quem
1022 801 1121 845 arcum
1142 785 1197 843 suh
1220 800 1278 843 uno
1300 784 1445 843 communi
1468 780 1586 852 circulo,

244 891 281 934 ex
301 873 372 934 Sole
394 872 552 947 descripto,
584 872 680 947 qualis
702 880 748 932 est
774 871 925 949 ecliptica,
952 872 1062 948 singuli
1089 871 1225 948 planetae
1253 870 1383 948 quotidie
1413 870 1586 930 describant.

242 960 308 1022 Hac
323 961 358 1022 de
373 977 463 1020 causa
474 960 537 1036 jam
551 959 747 1021 heliccentrici
762 962 945 1037 planetarum
965 968 1062 1020 ructus
1082 958 1275 1036 proteruntur.
1303 959 1339 1018 In
1353 959 1399 1018 his
1414 965 1587 1035 apparentes

242 1049 337 1109 diurni
358 1053 453 1110 mulera
475 1047 656 1124 singulorum
676 1046 871 1124 planetarum,
899 1048 928 1105 in
951 1046 1076 1125 apheliis
1100 1055 1129 1109 et
1151 1046 1298 1123 periheliis
1320 1045 1392 1107 locis
1415 1046 1586 1122 comparati,

240 1136 342 1214 plenas
364 1133 520 1197 scendunt
541 1134 717 1212 harmonias,
734 1137 862 1196 musicae
877 1137 1075 1196 consonantiis
1090 1143 1243 1212 congruas.
1283 1132 1365 1209 Quae
1377 1134 1440 1211 jaus
1454 1133 1587 1210 singulae

241 1226 424 1302 inquiruntur
454 1230 484 1284 et
514 1240 578 1301 cup.
606 1223 642 1283 V.
673 1231 703 1284 at
731 1223 785 1284 VI.
816 1231 1021 1300 comparantur
1052 1239 1118 1283 cum
1151 1223 1263 1282 musica
1294 1221 1405 1282 chorah
1437 1230 1587 1296 veterum3

241 1311 346 1374 deinde
368 1329 432 1389 cap.
456 1308 525 1371 vn.
551 1312 676 1389 primum
698 1309 867 1372 harmoniae
890 1314 1019 1371 omnium
1048 1310 1231 1389 planetarum
1253 1325 1326 1370 auno
1349 1309 1421 1369 duro
1444 1317 1474 1369 et
1494 1307 1587 1381 molli,

242 1399 346 1461 deinde
378 1400 549 1459 harmoniae
583 1400 726 1471 omnium,
758 1407 881 1476 excepta
911 1397 1042 1473 Venere,
1078 1406 1226 1477 postremo
1258 1395 1427 1458 harmoniae
1459 1395 1587 1483 Saturni,

240 1486 342 1562 Jovis,
378 1486 482 1547 Martis
511 1495 542 1548 et
568 1485 706 1548 Mercurii
733 1486 834 1547 itidem
866 1503 940 1547 sono
970 1487 1042 1547 diuo
1076 1495 1107 1547 ct
1139 1486 1221 1547 molli
1254 1492 1467 1563 comparantur.
1521 1482 1589 1559 Qua

240 1578 353 1636 ratione
380 1572 525 1651 chlerus
554 1590 690 1636 numeros
717 1572 756 1636 ad
785 1574 840 1635 has
866 1576 1099 1652 comparationes
1126 1572 1327 1651 applicaverit,
1363 1590 1422 1634 uno
1453 1570 1587 1649 exemplo

241 1663 407 1741 apparebit:
440 1663 469 1719 in
501 1661 611 1723 tabella
641 1679 717 1740 quac
745 1663 924 1738 inscribitur,
966 1663 1135 1723 harmoniae
1164 1661 1346 1739 planetarum
1372 1663 1487 1740 generis
1515 1659 1588 1733 duri,

243 1750 377 1811 diurnum
407 1758 596 1826 apparentem
618 1749 725 1810 Terrae
756 1753 785 1809 iu
816 1748 934 1828 aphelic
963 1750 1103 1811 desumsit
1124 1768 1141 1810 e
1163 1748 1272 1809 tabella
1301 1766 1365 1826 cap.
1388 1748 1441 1809 IV.
1466 1746 1516 1809 ὅτ’
1540 1746 1588 1822 3”,

240 1855 365 1914 eumque
385 1853 496 1914 ponens
519 1855 572 1915 pro
587 1836 776 1898 fundamento
791 1838 890 1899 scalae
904 1841 1032 1899 musicae
1056 1843 1116 1912 ΒΝ,
1130 1840 1287 1912 proditg111
1299 1840 1391 1898 druis
1403 1841 1490 1898 57’0”
1501 1854 1552 1909 per
1562 1838 1588 1909 2,

241 1928 426 1986 iidividendc
451 1941 501 1996 per
518 1928 566 1999 32,
594 1929 647 1996 gVI
665 1928 869 1999 multiplicando
887 1929 904 1983 4
927 1929 957 1983 in
973 1931 1017 1986 δῖ’
1035 1931 1081 1998 3”;
1108 1929 1142 1982 ov
1164 1927 1368 1998 multiplicando
1387 1931 1420 1998 ⁶l,
1438 1929 1466 1982 in
1484 1929 1527 1983 57¹
1545 1925 1589 1991 3¹‘,

241 2008 286 2064 cV¹
310 2004 472 2076 duplicando
490 2007 525 2062 ci
540 2012 569 2062 et
585 2007 641 2061 cvn
662 2006 760 2063 iterata
776 2006 967 2077 duplicatione.
1003 2007 1115 2078 Deinde,
1140 2022 1202 2062 cum
1219 2007 1255 2063 sit
1272 2023 1290 2076 g
1307 2027 1314 2062 :
1332 2008 1352 2061 h
1370 2005 1518 2074 :1:⁵l„
1537 2004 1590 2059 erit

239 2105 289 2160 nu
308 2105 398 2174 (anm
415 2101 528 2160 immor
544 2108 610 2158 cono
628 2103 693 2172 gru)
710 2124 746 2152 .-.
762 2102 806 2159 su
818 2103 851 2157 3⁴¹
864 2146 871 2160 .
885 2106 919 2172 i.
936 2125 971 2152 =
988 2102 1031 2159 an
1042 2102 1095 2161 seu
1111 2102 1163 2171 (ss,
1176 2103 1257 2175 susp
1274 2104 1390 2173 numus
1407 2101 1488 2156 n1=
1504 2082 1586 2181 ⁸⁶4}

241 2215 276 2241 =
293 2191 319 2248 2⁴
334 2193 383 2248 14¹⁴
401 2197 429 2246 ei
446 2190 507 2245 hau
528 2210 564 2238 =
582 2189 624 2244 35⁴
636 2190 688 2246 bet
699 2190 737 2247 .ss
753 2212 788 2239 =
805 2191 866 2247 285⁴
880 2191 940 2248 12¹¹.

349 2283 394 2343 Ex
414 2284 460 2343 his
482 2283 748 2359 comparationibus
772 2282 969 2346 concluditur:
1001 2282 1092 2360 ,nihil
1119 2283 1198 2344 aliud
1220 2291 1288 2343 sunt
1309 2291 1406 2344 motus
1429 2280 1585 2357 coelorum,

241 2387 330 2449 quam
359 2372 494 2448 perennis
525 2368 644 2446 quidam
674 2380 830 2432 concentus
861 2369 1042 2447 (rationalis,
1074 2389 1132 2433 non
1154 2366 1292 2452 vocalis),
1323 2389 1375 2447 per
1403 2370 1587 2431 dissonantes

240 2460 387 2519 tensiones
410 2456 532 2519 tendens
553 2460 584 2517 in
606 2465 700 2519 certas
723 2467 752 2520 et
768 2461 967 2538 'praescriptus
995 2459 1142 2521 clausulas
1164 2459 1295 2536 singulas
1316 2476 1369 2518 ser
1391 2461 1586 2534 terminorum,

240 2545 334 2607 ueluti
356 2563 476 2622 vocum,
500 2548 595 2623 iisque
616 2548 693 2606 notis
715 2549 939 2608 immensitatem
961 2549 1099 2625 temporis
1121 2549 1277 2625 insigniens
1301 2557 1331 2606 ct
1353 2546 1543 2622 distinguens.

341 2633 444 2712 Capite
457 2641 564 2694 oomvo
576 2633 744 2710 explicatur,
760 2636 867 2712 quihus
877 2634 1005 2712 planetis
1019 2627 1108 2696 sunus
1123 2637 1321 2712 gravissimus,
1336 2636 1520 2694 acutissimus
1530 2641 1585 2696 etc.

144 2755 147 2766 ·
240 2723 279 2781 sit
306 2720 492 2797 tribuendum
524 2727 554 2781 et
578 2738 642 2797 cap.
668 2719 737 2797 IL,
771 2724 823 2802 cui
846 2721 948 2781 titulus
970 2726 1125 2800 inscriptus
1148 2730 1207 2783 est:
1239 2730 1319 2782 ortus
1341 2723 1587 2781 eccentricitatum

242 2812 272 2867 in
293 2807 420 2886 planctis
443 2806 566 2886 singuiis
588 2826 625 2869 ex
644 2809 846 2886 procuratione
868 2811 1083 2872 harmoniarum
1105 2813 1180 2871 inter
1202 2827 1300 2872 eorum
1320 2817 1432 2885 motus,
1462 2811 1587 2888 primum

241 2896 412 2973 ostenditur,
428 2913 505 2974 qnae
519 2896 705 2958 harmonicae
719 2900 846 2959 rationes
858 2901 935 2960 inter
949 2900 1034 2960 binos
1049 2899 1183 2977 planetas
1197 2896 1376 2958 intercedant
1394 2901 1587 2971 (macriorem

241 2994 269 3044 et
286 2988 452 3044 Saturnum:
474 2989 504 3058 ¹),
522 2994 551 3043 et
571 2992 617 3057 b„
639 2988 710 3045 inter
727 2990 859 3045 Venerem
878 2997 907 3047 et
924 2990 1088 3046 Mercurium
1110 2995 1153 3061 ¹l„
1177 2991 1247 3045 iuter
1262 2987 1358 3044 lovem
1375 2995 1404 3044 et
1420 2990 1537 3045 Martem
1557 2992 1588 3058 0,

241 3073 271 3122 et
282 3066 340 3136 iu,
359 3066 430 3122 inter
441 3066 557 3122 Martem
575 3067 732 3123 et.Terram
750 3071 782 3138 ²),
797 3075 825 3123 et
837 3072 897 3139 ⁵s„,
915 3070 987 3124 inter
997 3068 1109 3123 Terram
1121 3074 1149 3123 et
1161 3068 1292 3122 Venerem
1310 3070 1356 3136 il„
1373 3067 1445 3123 inter
1455 3067 1587 3123 Venerem

242 3163 271 3210 et
287 3155 452 3212 Mercurium
470 3156 502 3226 ⁸),
520 3162 549 3211 et
567 3158 636 3226 inl,
659 3152 794 3229 planetas
825 3152 898 3228 duo,
929 3155 980 3229 qui
1009 3161 1120 3212 mutent
1149 3169 1241 3229 genus
1273 3150 1457 3226 harmoniae,
1492 3152 1587 3213 lacere

243 3239 349 3302 debere
372 3241 419 3301 vel
442 3240 537 3302 diesin
559 3240 607 3302 vel
629 3241 815 3301 semitonium
837 3240 885 3302 vel
900 3257 1014 3300 comma
1036 3250 1089 3301 etc.
1125 3239 1239 3300 Deinde
1253 3238 1398 3316 Keplerus
1412 3239 1450 3298 ad
1464 3255 1586 3316 corpora

240 3328 387 3405 regularia
414 3346 561 3403 reversus,
594 3337 750 3405 postquam
782 3327 929 3404 quomodo
956 3327 1139 3406 planetarum
1166 3327 1285 3387 orbibus
1315 3329 1374 3387 sint
1403 3325 1587 3387 inscribenda

241 3415 352 3491 docuit,
386 3415 424 3477 ad
457 3418 606 3494 proprium
632 3415 720 3491 hujus
753 3418 855 3494 capitis
889 3425 1105 3493 argumentum,
1143 3416 1372 3476 excentricitates
1402 3414 1586 3493 planetarum

240 3506 353 3564 transit.
407 3503 454 3564 Ad
482 3504 539 3565 hoc
569 3522 605 3565 cr
634 3502 873 3565 antecedentibus
902 3520 1052 3580 numeros,
1087 3505 1138 3580 qui
1168 3505 1226 3563 sint
1254 3502 1376 3563 duorum
1406 3502 1585 3580 singulorum

240 3591 423 3668 planetarum
454 3591 610 3653 celeritatis
629 3592 775 3652 maximae
805 3599 835 3653 et
863 3594 1000 3652 minimae
1030 3593 1143 3651 numeri
1170 3589 1418 3668 proportionales,
1451 3591 1585 3652 desumit

239 3676 370 3754 Quorum
393 3696 458 3740 cum
480 3681 624 3740 cornaria
646 3679 792 3739 dutantiis
814 3698 833 3741 a
854 3679 923 3741 Sole
946 3680 1089 3758 quadrata
1109 3682 1149 3739 sit
1169 3682 1259 3754 ratic,
1291 3678 1497 3756 quadratorum
1519 3678 1585 3740 ioco

239 3765 384 3832 habentur
414 3784 572 3843 eorumque
594 3764 706 3827 radices
728 3770 873 3828 maximae
895 3770 1089 3845 minimaeque
1112 3767 1267 3827 distantiae
1288 3770 1430 3828 rationem
1451 3766 1585 3828 reddunt.

240 3852 333 3929 Cujus
356 3852 569 3916 arithmeticum
590 3852 718 3913 medium
740 3862 785 3914 est
805 3854 919 3931 medius
942 3857 1054 3916 orbitae
1076 3853 1190 3929 radius,
1224 3853 1301 3915 uude
1331 3855 1416 3917 facile
1439 3855 1585 3933 colligitur

242 3943 457 4017 excentricitas,
481 3958 556 4018 quae
578 3945 725 4018 postremo
748 3941 786 4001 ad
807 3940 922 4002 radium
950 3944 1075 4003 100000
1089 3940 1244 4003 reducitur.
1280 3942 1326 4002 Ex
1339 3941 1443 4005 iisdem
1458 3945 1585 4004 motibus

241 4029 377 4088 mnemia
400 4031 430 4087 in
453 4026 632 4089 dimensione
655 4028 790 4097 omnibus
812 4032 959 4089 communi
981 4032 1164 4106 inqruiruutur
1191 4036 1289 4091 mutus
1316 4029 1404 4090 medii
1427 4048 1584 4107 eurumque

239 4116 327 4188 ratic,
351 4114 429 4177 unde
451 4115 676 4193 deprehenditur
697 4118 772 4177 ratio
794 4117 956 4179 mediarum
979 4116 1196 4193 distantiarum,
1220 4134 1296 4196 quae
1319 4135 1385 4178 cum
1407 4118 1584 4196 regularium

239 4218 391 4280 corporum
424 4202 653 4264 dimensionibus
687 4213 904 4284 comparantur,
938 4205 992 4266 sed
1023 4222 1082 4265 uon
1112 4208 1206 4283 magis
1240 4224 1329 4284 quam
1360 4207 1392 4265 in
1423 4204 1584 4268 Prodromo

240 4296 374 4367 optatum
394 4288 482 4352 00οω
503 4297 637 4370 tangunt.

346 4377 444 4456 Caput
464 4377 507 4438 X.
553 4380 617 4457 ,Er
643 4380 680 4440 ils
709 4398 786 4457 quac
812 4380 990 4455 dictasunt,
1021 4378 1239 4443 absolutissima
1267 4387 1312 4441 est
1339 4382 1414 4441 inter
1440 4384 1584 4444 extremus

238 4461 422 4541 planetarum
443 4474 541 4527 motus
563 4467 738 4543 harmonice,
761 4486 819 4529 non
835 4467 933 4546 quoad
948 4485 1033 4529 veras
1048 4468 1211 4529 celeritates
1226 4486 1278 4546 per
1292 4485 1393 4529 auram
1408 4469 1582 4546 aetheream,

237 4550 290 4612 sed
313 4552 410 4637 quoad
433 4554 572 4632 angulos,
603 4572 676 4632 quos
706 4555 832 4617 formant
860 4557 975 4618 termini
1003 4555 1170 4617 diurnorum
1192 4572 1311 4618 arcuum
1334 4556 1370 4617 da
1393 4557 1495 4617 orbitis
1515 4557 1583 4636 pla·

236 4647 378 4715 nemrum,
402 4645 525 4721 connexi
539 4660 605 4704 cum
620 4650 717 4704 centro
733 4642 820 4705 Solis.
850 4643 961 4722 Angnli
977 4646 1025 4704 isti
1040 4661 1274 4722 praesupponere
1289 4644 1425 4704 videntur
1439 4647 1583 4706 achonem
1669 4673 1672 4677 <

237 4725 366 4803 aliquam
388 4730 512 4793 similem
534 4734 617 4792 visus
638 4733 760 4795 nostri“.
804 4730 875 4792 Jam
898 4734 1059 4809 quaeritur,
1083 4733 1178 4809 qualis
1199 4733 1289 4791 sitin
1312 4730 1382 4794 Sole
1404 4735 1500 4809 rhus,
1531 4735 1582 4810 qui

238 4814 315 4876 oculi
336 4818 394 4877 siut
415 4824 468 4878 ant
489 4820 555 4897 quis
577 4821 730 4881 instinctus
751 4818 842 4895 alius,
872 4818 1051 4898 percipiendi
1071 4820 1126 4881 hos
1148 4819 1272 4897 angulos
1294 4821 1383 4882 etiam
1404 4823 1467 4882 sine
1490 4821 1582 4883 oculis

237 4904 467 4984 eosdmmdique
498 4907 665 4970 harmonias
700 4907 857 4969 motuum?
903 4908 1035 4970 Dubium
1061 4925 1121 4971 non
1154 4925 1217 4972 esse
1251 4911 1321 4987 quin
1354 4908 1406 4973 Sol
1438 4911 1478 4970 sit
1509 4908 1581 4970 illud
