3567 5625
560 394 686 457 288
1391 394 1476 450 De
1511 394 2043 465 Conflgmtionibns
2080 396 2442 455 Harmonicis.

835 562 959 615 'Ph-2
988 567 1056 610 ³¹·
1331 584 1519 627 eorum
1556 588 1699 642 quae
1748 574 1910 643 flium.
1982 574 2303 642 congruunt
2348 574 2490 628 enim
2538 575 2715 631 latera
2762 590 2863 631 seu
2896 574 3136 645 parietes
3173 573 3273 630 do·

1133 662 1173 706 ,ὲ
1327 665 1464 714 mus,
1502 658 1566 707 ut
1600 652 1673 707 sit
1707 653 1927 718 domus.
1970 668 2080 708 non
2120 661 2187 708 ut
2223 652 2437 707 demum
2474 658 2530 706 et
2562 661 2830 724 perpetuo
2867 653 3085 725 quidem
3122 654 3272 733 aedi·

780 750 860 794 „s
952 730 1033 750 μ’
1085 730 1121 790 ,J
1327 728 1538 786 ficetur.
1611 733 1677 800 4)
1709 732 1758 786 A
1794 733 2120 803 cognatione
2157 734 2576 802 congruentiae,
2624 743 2688 788 ut
2721 749 2945 802 causae,
2984 749 3107 789 cum
3145 750 3273 788 con-

1331 806 1765 876 figurationibus.
1842 812 1981 866 Sunt
2016 815 2158 871 euim
2195 832 2294 873 eae
2328 813 2531 883 anguli,
2568 819 2627 868 at
2659 812 3020 882 congruentia
3053 827 3274 883 quoque

1331 886 1476 942 inest
1510 887 1700 957 figuris
1735 897 1966 960 propter
2001 896 2249 964 angulos.

688 1099 696 1111 ,,
997 1091 1041 1113 ᾖ,
1133 1099 1137 1102 ἢ
1217 1091 1221 1094 ,
1505 1033 1811 1096 Hactenus
1868 1037 2103 1100 fuerunt
2167 1044 2318 1100 inter
2362 1056 2428 1098 se
2484 1039 2795 1114 oppositae
2847 1035 3273 1096 consonantiae

708 1115 844 1203 qs·
888 1123 956 1175 ,Νι
981 1114 1001 1164 1'
1045 1111 1065 1135 ”’
1335 1127 1396 1182 et
1461 1121 1993 1202 configurationes3
2056 1130 2115 1186 in
2181 1128 2451 1204 sequenti
2515 1124 2619 1183 fiet
2683 1126 2977 1202 oppositio
3036 1123 3160 1182 alia
3212 1124 3271 1180 in

796 1239 1113 1395 at)
1332 1209 1478 1269 solis
1525 1211 2092 1288 configurationibus
2140 1215 2556 1293 congruentiae
2602 1220 2662 1272 et
2705 1211 3064 1273 scibilitatis.
3131 1290 3142 1296 ⁷

730 1474 1179 1551 Propositio
1225 1473 1332 1531 IV.
1426 1472 1521 1533 Ad
1551 1474 2077 1553 configurationum
2110 1477 2430 1540 efficaciam
2475 1476 2606 1557 plus
2653 1480 2848 1553 potest
2892 1473 3274 1550 congruentia

558 1563 909 1640 figurarum,
956 1579 1131 1639 quam
1177 1562 1481 1622 scibilitas.

731 1645 1002 1700 Probatur
1038 1660 1072 1698 a
1106 1645 1416 1700 conditione
1452 1642 1664 1698 animae
1699 1645 2010 1703 sublunaris
2045 1648 2479 1716 facultatumque
2532 1645 2691 1699 ctiam
2728 1645 2998 1699 humanae
3034 1641 3264 1710 animae,

558 1739 699 1793 quae
742 1723 1051 1793 percipiunt
1098 1728 1372 1791 aspectus.
1444 1721 1564 1778 Hae
1612 1723 1780 1794 igitur
1821 1743 2006 1782 omnes
2044 1735 2172 1784 sunt
2205 1726 2488 1782 inferiores
2540 1722 2805 1778 facultate
2842 1722 3183 1777 discurrente
3220 1727 3275 1773 et

439 1785 443 1793 ²
556 1801 866 1871 intellectu,
923 1807 980 1855 et
1014 1801 1356 1871 cognatiores
1398 1799 1649 1855 facultati
1686 1805 1979 1861 sensitivae
2030 1815 2086 1862 et
2120 1805 2429 1878 praefectae
2482 1802 2735 1871 operibus
2772 1799 3088 1865 sensilibu8‚
3143 1798 3273 1867 quin

554 1881 717 1936 etiam
751 1879 1043 1935 instinctus
1078 1878 1243 1947 illiue,
1284 1887 1346 1933 ut
1379 1895 1498 1949 cap.
1539 1881 1589 1936 3.
1628 1881 1882 1952 diximus,
1920 1891 2073 1942 tanto
2101 1894 2188 1942 est
2212 1885 2458 1941 obtusior
2488 1883 2748 1937 instinctu
2773 1881 3030 1946 humano,
3069 1884 3273 1948 quanto

550 1957 742 2013 rudius
792 1964 879 2012 est
924 1971 1125 2028 corpus
1170 1958 1373 2013 Terrae
1421 1976 1652 2029 corpore
1696 1962 1950 2019 hominis.
2024 1964 2195 2032 Atqui
2246 1963 2411 2018 etiam
2466 1959 2821 2030 congruentia
2872 1966 2958 2014 est
2993 1955 3273 2026 posterius

550 2036 758 2109 aliquid
792 2037 1088 2093 scibilitate
1125 2047 1180 2092 et
1217 2039 1376 2108 quasi
1409 2048 1722 2110 porrectum
1757 2043 1908 2098 foras
1958 2045 2015 2099 in
2051 2043 2271 2113 aliquod
2311 2056 2475 2112 opus,
2525 2039 2673 2110 quod
2715 2037 2884 2092 habet
2926 2037 3105 2091 ideam
3143 2046 3273 2101 ope-

550 2133 673 2171 rum
709 2115 1002 2171 sensilium.
1079 2117 1186 2171 Par
1221 2118 1386 2187 igitur
1420 2127 1505 2174 est
1541 2119 1703 2186 credi,
1739 2121 2034 2179 facultates
2068 2124 2169 2177 has
2206 2121 2469 2176 animales
2498 2117 2853 2189 congruentia
2880 2115 3066 2186 potins
3105 2127 3272 2181 quam

551 2192 844 2249 scibilitate
877 2193 1179 2262 figurarum
1220 2197 1423 2251 moveri
1462 2196 1736 2266 afficique.

724 2266 1189 2346 opponebantur
1252 2274 1584 2350 congruitas
1650 2283 1710 2335 et
1776 2278 2024 2337 scientia
2081 2280 2141 2336 in
2206 2277 2413 2338 eodem
2457 2292 2669 2352 genere
2715 2270 3269 2347 configurationum.

551 2354 691 2417 Jam
754 2364 1122 2433 opponentur
1181 2358 1400 2435 figurae
1459 2359 1610 2421 duae
1675 2365 1825 2423 inter
1866 2382 1960 2440 se,
2040 2368 2290 2443 primum
2356 2381 2537 2425 causa
2592 2360 2777 2422 solius
2831 2358 3270 2436 congruentiae,

551 2453 762 2521 postea
805 2462 986 2504 causa
1029 2445 1571 2524 configurationum.

723 2525 1055 2608 Propositio
1102 2533 1178 2594 V.
1268 2534 1668 2613 congruentia
1710 2546 1802 2598 est
1844 2541 2170 2618 proprietas
2213 2539 2403 2616 magis
2448 2538 2671 2616 figurae
2707 2529 3269 2607 circumferentialis,

595 2637 732 2679 uam
779 2619 1071 2680 centralis.
1750 2659 1757 2663 -

554 2636 592 2695 q
726 2702 909 2757 Habet
945 2702 1088 2757 enim
1124 2703 1394 2772 potiorem
1433 2705 1616 2762 locum
1650 2707 1707 2761 in
1743 2707 1841 2763 illa
1875 2708 2078 2778 figura.
2117 2724 2258 2779 qnae
2292 2715 2477 2778 potest
2512 2707 2629 2762 fieri
2664 2712 2809 2774 tota,
2845 2703 3054 2758 ratione
3088 2702 3199 2756 loci
3238 2717 3275 2757 8

551 2798 660 2853 quo
700 2782 1106 2852 denominatur,
1163 2783 1289 2854 quia
1325 2786 1682 2853 congruentia
1730 2795 1819 2843 est
1856 2787 2149 2858 figurarum
2194 2796 2458 2859 totarum,
2513 2795 2575 2843 ut
2623 2804 2690 2843 cx
2735 2785 2873 2841 libro
2907 2782 2980 2844 II.
3019 2789 3272 2854 apparet-

549 2860 624 2915 At
660 2860 728 2914 de
765 2862 991 2916 centrali
1031 2878 1139 2916 non
1175 2861 1300 2932 plus
1338 2880 1446 2919 uno
1483 2866 1682 2935 angulo
1728 2867 1783 2922 in
1823 2878 2012 2923 centro
2061 2877 2206 2925 stare
2255 2877 2471 2939 potest,
2523 2884 2623 2937 per
2671 2865 2776 2921 def.
2820 2866 2870 2920 1.
2941 2863 3002 2917 In
3042 2863 3275 2918 circum-

546 2938 778 2994 ferentia
813 2955 941 2995 vero
978 2949 1163 3010 potest
1200 2957 1323 2997 esse
1358 2950 1478 2998 tota
1515 2945 2058 3003 circumferentialis:
2099 2964 2229 3017 ergo
2267 2955 2371 3003 etc.

722 3016 1170 3092 Propositio
1219 3017 1324 3076 v1.
1413 3018 1498 3077 Ex
1536 3016 1776 3081 duabus
1823 3023 2053 3099 figuris,
2112 3041 2260 3101 quas
2307 3025 2420 3083 sibi
2467 3021 2729 3081 vindicat
2774 3024 3046 3096 aspectus
3094 3017 3275 3091 qnis-

551 3119 701 3177 que,
748 3106 945 3179 potior
990 3113 1081 3163 est
1125 3105 1664 3168 circumferentialis
1710 3113 1972 3171 centrali.

1506 3207 1610 3262 Est
1643 3210 1787 3265 enim
1824 3210 2181 3278 congruentia
2212 3209 2396 3279 potior
2438 3209 2492 3263 in
2533 3210 2637 3263 hoc
2672 3207 2889 3274 negotio
2937 3201 3275 3268 scibilitatis‚

1330 3298 1430 3353 per
1463 3301 1619 3356 prop.
1655 3289 1707 3344 4.
1779 3293 1856 3345 At
1890 3290 1986 3343 illa
2019 3287 2201 3356 potior
2238 3297 2322 3343 est
2356 3291 2413 3343 in
2447 3288 2621 3355 figura
2645 3282 3133 3342 circumferentiam
3169 3297 3279 3350 per

1330 3379 1487 3433 prop,
1526 3368 1585 3433 5,
1644 3382 1815 3435 quare
1852 3370 1907 3423 in
1945 3381 2054 3435 quo
2088 3365 2145 3418 id
2182 3367 2327 3436 quod
2366 3366 2672 3436 praepollet
2706 3365 2833 3434 plus
2868 3364 3041 3430 inest,
3091 3360 3149 3416 id
3186 3361 3276 3431 ip-

1331 3458 1453 3497 sum
1477 3446 1640 3500 etiam
1662 3446 2004 3517 praepollere
2033 3447 2177 3511 facit,
2223 3445 2762 3502 circumferentialem
2789 3443 2997 3499 scilicet
3013 3441 3276 3511 figuram.

1464 3533 1468 3541 ⁴
1504 3523 1654 3578 Idem
1693 3526 1856 3580 etiam
1893 3525 1974 3580 sic
2009 3525 2275 3593 probatur
2319 3542 2387 3581 ex
2424 3526 2628 3580 intimis
2664 3524 2877 3578 animae
2912 3518 3275 3590 proprietati-

1331 3601 1452 3666 bus,
1490 3618 1607 3673 cap·
1644 3604 1692 3659 3.
1731 3605 1913 3660 tactis.
1988 3605 2121 3660 Cum
2165 3604 2308 3659 enim
2344 3606 2523 3659 anima
2558 3603 2652 3669 sit,
2698 3616 2838 3670 quae
2883 3598 3279 3667 configuratio·

1330 3694 1459 3733 num
1493 3681 1787 3737 harmoniis
1833 3699 1991 3738 suum
2036 3681 2292 3739 conciliat
2336 3700 2448 3739 esse
2498 3679 2751 3749 formale,
2807 3686 2957 3733 certe
3012 3691 3120 3744 quo
3156 3675 3278 3729 dis-

1331 3758 1551 3814 crimine
1589 3762 1769 3817 anima
1804 3764 1904 3818 vel.
1926 3761 2161 3818 circulus
2197 3767 2281 3814 est
2314 3761 2400 3814 vel
2435 3770 2696 3829 punctum
2715 3800 2729 3827 ,
2775 3767 3022 3813 centrum
3058 3753 3280 3821 circuli,

1331 3839 1520 3893 eodem
1560 3839 1867 3895 discrimine
1904 3842 2066 3897 etiam
2101 3838 2393 3895 familiares
2439 3837 2522 3893 illi
2558 3845 2720 3893 erunt
2754 3837 2989 3908 figurae,
3038 3834 3278 3889 circum·

1330 3914 1626 3972 ferentialis
1664 3927 1719 3972 et
1755 3919 2029 3974 centralis.
2101 3917 2225 3971 Etsi
2260 3933 2388 3972 vero
2439 3918 2614 3973 omnis
2649 3917 2830 3971 anima
2868 3912 3059 3970 circuli
3095 3928 3280 3982 quan·

1335 3991 1456 4047 dam
1492 3994 1670 4048 ideam
1705 3997 1864 4066 gerit,
1898 3996 2161 4051 abstracti
2197 3996 2413 4064 quidem
2451 3996 2597 4052 illius
2631 4011 2744 4051 non
2780 4000 2991 4049 tantum
3028 4010 3061 4047 a
3096 3999 3280 4045 mate·

1334 4070 1432 4141 ria,
1471 4072 1567 4127 sed
1605 4073 1768 4128 etiam
1804 4089 1838 4127 a
1870 4076 2243 4145 magnitudine
2280 4075 2692 4148 quodammodo,
2729 4083 2793 4131 ut
2831 4074 3032 4129 dictum
3070 4088 3194 4142 cap.
3224 4074 3281 4140 3,

1341 4166 1518 4218 eoque
1553 4153 1790 4207 circulus
1827 4160 1884 4207 et
1919 4162 2161 4209 centrum
2197 4156 2288 4211 hic
2309 4157 2423 4211 fere
2448 4155 2760 4210 coincidunt
2794 4154 3022 4223 ipsaque
3054 4151 3142 4206 vel
3165 4153 3283 4207 cir-

1342 4228 1497 4284 culus
1533 4230 1850 4298 potentialis
1867 4272 1881 4298 ,
1933 4231 2017 4285 vel
2053 4242 2314 4300 punctum
2355 4233 2532 4303 plagis
2568 4233 2883 4289 distinctum
2930 4240 2988 4286 et
3022 4230 3101 4285 sic
3135 4245 3283 4298 quo·

1341 4306 1626 4361 dammodo
1689 4309 2068 4377 qualitativam
2128 4313 2231 4368 dici
2295 4321 2502 4384 potest;
2568 4319 2749 4368 tamen
2813 4312 3103 4366 discrimen
3161 4311 3284 4365 hoc

1337 4384 1550 4441 videtur
1601 4386 2022 4456 observandum,
2080 4392 2225 4461 qnod
2273 4392 2412 4446 aliae
2467 4391 2757 4447 facultates
2809 4392 3022 4446 animae
3083 4389 3283 4458 potins

1199 4458 1228 4485 ‘¹
1335 4470 1396 4516 ut
1447 4462 1683 4520 circulus
1729 4466 2170 4525 considerandae·
2214 4478 2371 4536 sunt,
2430 4470 2570 4525 aliae
2628 4471 2815 4540 potius
2876 4477 2939 4525 ut
2985 4477 3283 4541 punctum.

1333 4539 1799 4608 Quemadmodum
1856 4547 1997 4601 enim
2057 4548 2291 4604 circulus
2348 4549 2466 4604 sine
2525 4556 2711 4605 centro
2772 4552 2997 4620 cogitari
3056 4553 3282 4619 nequit,

1331 4637 1489 4678 omne
1542 4620 1777 4677 vicissim
1824 4633 2086 4694 punctum
2141 4628 2285 4682 circa
2332 4643 2393 4682 se
2448 4630 2618 4686 habet
2654 4632 2930 4700 regionem
2977 4632 3284 4688 scribendo

1117 4769 1122 4775 .
1330 4698 1559 4769 circulo,
1624 4702 1703 4755 sic
1755 4702 1812 4757 in
1859 4703 2036 4758 anima
2071 4720 2289 4775 quoque
2352 4709 2593 4777 operatio
2652 4711 2802 4765 nulla
2849 4718 2935 4766 est
2991 4712 3112 4767 sine
3171 4713 3284 4767 im·

713 4783 780 4866 ‘s
805 4786 1085 4836 *aggf
1327 4776 1609 4846 pressione
1666 4779 2036 4852 imaginativa,
2095 4785 2265 4841 omnis
2319 4786 2556 4842 vicissim
2612 4789 2825 4845 interna
2877 4794 3119 4862 receptio
3183 4797 3285 4851 vel

1326 4857 1605 4913 meditatio
1643 4867 1729 4915 est
1759 4870 1988 4932 propter
2021 4871 2227 4919 motum
2256 4873 2558 4940 externum,
2597 4871 2771 4925 omnis
2794 4873 3004 4928 animae
3028 4875 3285 4935 facultas
