<?xml version="1.0" encoding="UTF-8"?>
<!DOCTYPE html PUBLIC "-//W3C//DTD XHTML 1.0 Transitional//EN"
    "http://www.w3.org/TR/xhtml1/DTD/xhtml1-transitional.dtd">
<html xmlns="http://www.w3.org/1999/xhtml" xml:lang="en" lang="en">
 <head>
  <title>
</title>
<meta http-equiv="Content-Type" content="text/html;charset=utf-8" />
  <meta name='ocr-system' content='tesseract 3.04.00' />
  <meta name='ocr-capabilities' content='ocr_page ocr_carea ocr_par ocr_line ocrx_word'/>
</head>
<body>
  <div class='ocr_page' id='page_1' title='image "./joanniskepleria24frisgoog/joanniskepleria24frisgoog_0091.png"; bbox 0 0 3567 5625; ppageno 0'>
   <div class='ocr_carea' id='block_1_1' title="bbox 290 1819 1413 2079">
    <p class='ocr_par' dir='ltr' id='par_1_1' title="bbox 290 1819 1413 2079">
     <span class='ocr_line' id='line_1_1' title="bbox 790 1819 890 1886; baseline 0 0"><span class='ocrx_word' id='word_1_1' title='bbox 790 1819 793 1824; x_wconf 82' lang='grc'><strong>’</strong></span> <span class='ocrx_word' id='word_1_2' title='bbox 811 1825 840 1886; x_wconf 83' lang='grc' dir='ltr'><strong>Α</strong></span> <span class='ocrx_word' id='word_1_3' title='bbox 861 1825 890 1886; x_wconf 90' lang='lat' dir='ltr'>D</span> 
     </span>
     <span class='ocr_line' id='line_1_2' title="bbox 290 1986 1413 2079; baseline -0.004 -16"><span class='ocrx_word' id='word_1_4' title='bbox 290 1991 555 2064; x_wconf 81' lang='lat' dir='ltr'><strong>serenissimum</strong></span> <span class='ocrx_word' id='word_1_5' title='bbox 583 1994 619 2064; x_wconf 90' lang='lat' dir='ltr'><strong>et</strong></span> <span class='ocrx_word' id='word_1_6' title='bbox 644 1989 924 2062; x_wconf 84' lang='lat' dir='ltr'><strong>Potentissimom</strong></span> <span class='ocrx_word' id='word_1_7' title='bbox 950 1987 1144 2079; x_wconf 84' lang='lat' dir='ltr'>Principem</span> <span class='ocrx_word' id='word_1_8' title='bbox 1171 1991 1207 2061; x_wconf 91' lang='lat' dir='ltr'><strong>et</strong></span> <span class='ocrx_word' id='word_1_9' title='bbox 1233 1986 1413 2060; x_wconf 86' lang='lat' dir='ltr'><strong>Dominum</strong></span> 
     </span>
    </p>
   </div>
   <div class='ocr_carea' id='block_1_2' title="bbox 659 2153 1042 2263">
    <p class='ocr_par' dir='ltr' id='par_1_2' title="bbox 659 2153 1042 2263">
     <span class='ocr_line' id='line_1_3' title="bbox 659 2153 1042 2263; baseline 0 -14"><span class='ocrx_word' id='word_1_10' title='bbox 659 2156 702 2249; x_wconf 87' lang='lat' dir='ltr'><strong>lt</strong></span> <span class='ocrx_word' id='word_1_11' title='bbox 742 2153 1042 2263; x_wconf 79' lang='lat' dir='ltr'><strong>intollit,</strong></span> 
     </span>
    </p>
   </div>
   <div class='ocr_carea' id='block_1_3' title="bbox 209 2348 1484 2534">
    <p class='ocr_par' dir='ltr' id='par_1_3' title="bbox 209 2348 1484 2534">
     <span class='ocr_line' id='line_1_4' title="bbox 209 2348 1484 2430; baseline 0.002 -21"><span class='ocrx_word' id='word_1_12' title='bbox 209 2350 348 2430; x_wconf 71' lang='lat' dir='ltr'><strong>Magnae</strong></span> <span class='ocrx_word' id='word_1_13' title='bbox 369 2350 555 2427; x_wconf 72' lang='lat' dir='ltr'><strong>Britanniae,</strong></span> <span class='ocrx_word' id='word_1_14' title='bbox 589 2348 748 2427; x_wconf 82' lang='lat' dir='ltr'><strong>Franciae,</strong></span> <span class='ocrx_word' id='word_1_15' title='bbox 770 2350 931 2412; x_wconf 74' lang='lat' dir='ltr'><strong>Hiberniae</strong></span> <span class='ocrx_word' id='word_1_16' title='bbox 952 2349 1079 2428; x_wconf 81' lang='lat' dir='ltr'><strong>Regem,</strong></span> <span class='ocrx_word' id='word_1_17' title='bbox 1109 2348 1195 2411; x_wconf 80' lang='lat' dir='ltr'><strong>Fidei</strong></span> <span class='ocrx_word' id='word_1_18' title='bbox 1217 2348 1409 2418; x_wconf 80' lang='lat' dir='ltr'><strong>Defensorem</strong></span> <span class='ocrx_word' id='word_1_19' title='bbox 1429 2354 1484 2411; x_wconf 81' lang='lat' dir='ltr'><strong>eto</strong></span> 
     </span>
     <span class='ocr_line' id='line_1_5' title="bbox 558 2468 1137 2534; baseline 0.005 -3"><span class='ocrx_word' id='word_1_20' title='bbox 558 2470 719 2532; x_wconf 88' lang='lat' dir='ltr'><strong>Dominum</strong></span> <span class='ocrx_word' id='word_1_21' title='bbox 741 2489 839 2533; x_wconf 91' lang='lat' dir='ltr'><strong>meum</strong></span> <span class='ocrx_word' id='word_1_22' title='bbox 862 2468 1137 2534; x_wconf 66' lang='lat' dir='ltr'><strong>clementissimum.</strong></span> 
     </span>
    </p>
   </div>
   <div class='ocr_carea' id='block_1_4' title="bbox 177 2660 1583 2833">
    <p class='ocr_par' dir='ltr' id='par_1_4' title="bbox 177 2660 1583 2833">
     <span class='ocr_line' id='line_1_6' title="bbox 263 2660 1527 2746; baseline -0.001 -23"><span class='ocrx_word' id='word_1_23' title='bbox 263 2661 324 2723; x_wconf 82' lang='lat' dir='ltr'><strong>Gur</strong></span> <span class='ocrx_word' id='word_1_24' title='bbox 343 2662 399 2724; x_wconf 90' lang='lat' dir='ltr'><strong>hos</strong></span> <span class='ocrx_word' id='word_1_25' title='bbox 422 2680 477 2741; x_wconf 90' lang='lat' dir='ltr'><strong>ego</strong></span> <span class='ocrx_word' id='word_1_26' title='bbox 499 2662 692 2725; x_wconf 87' lang='lat' dir='ltr'><strong>Harmonicea</strong></span> <span class='ocrx_word' id='word_1_27' title='bbox 719 2660 811 2723; x_wconf 86' lang='lat' dir='ltr'><strong>libros</strong></span> <span class='ocrx_word' id='word_1_28' title='bbox 832 2663 907 2722; x_wconf 88' lang='lat' dir='ltr'><strong>inter</strong></span> <span class='ocrx_word' id='word_1_29' title='bbox 929 2661 1062 2723; x_wconf 88' lang='lat' dir='ltr'><strong>homines</strong></span> <span class='ocrx_word' id='word_1_30' title='bbox 1083 2661 1258 2746; x_wconf 78' lang='lat' dir='ltr'><strong>vulgandoa,</strong></span> <span class='ocrx_word' id='word_1_31' title='bbox 1283 2682 1319 2725; x_wconf 85' lang='lat' dir='ltr'><strong>ex</strong></span> <span class='ocrx_word' id='word_1_32' title='bbox 1339 2663 1527 2743; x_wconf 66' lang='lat' dir='ltr'><strong>fflperatoris</strong></span> 
     </span>
     <span class='ocr_line' id='line_1_7' title="bbox 177 2748 1583 2833; baseline 0 -22"><span class='ocrx_word' id='word_1_33' title='bbox 177 2750 401 2830; x_wconf 82' lang='lat' dir='ltr'><strong>Angustissimi,</strong></span> <span class='ocrx_word' id='word_1_34' title='bbox 433 2751 552 2813; x_wconf 82' lang='lat' dir='ltr'><strong>Domini</strong></span> <span class='ocrx_word' id='word_1_35' title='bbox 578 2752 652 2825; x_wconf 90' lang='lat' dir='ltr'><strong>mei,</strong></span> <span class='ocrx_word' id='word_1_36' title='bbox 680 2748 763 2826; x_wconf 88' lang='lat' dir='ltr'><strong>aula,</strong></span> <span class='ocrx_word' id='word_1_37' title='bbox 794 2750 915 2828; x_wconf 85' lang='lat' dir='ltr'><strong>exejus</strong></span> <span class='ocrx_word' id='word_1_38' title='bbox 943 2749 1054 2828; x_wconf 89' lang='lat' dir='ltr'><strong>Regnis</strong></span> <span class='ocrx_word' id='word_1_39' title='bbox 1077 2761 1106 2812; x_wconf 91' lang='lat' dir='ltr'><strong>et</strong></span> <span class='ocrx_word' id='word_1_40' title='bbox 1135 2751 1298 2813; x_wconf 86' lang='lat' dir='ltr'><strong>Provinciis</strong></span> <span class='ocrx_word' id='word_1_41' title='bbox 1326 2750 1528 2814; x_wconf 87' lang='lat' dir='ltr'><strong>haereditariis</strong></span> <span class='ocrx_word' id='word_1_42' title='bbox 1577 2826 1583 2833; x_wconf 85' lang='lat'><strong>.</strong></span> 
     </span>
    </p>
   </div>
   <div class='ocr_carea' id='block_1_5' title="bbox 174 2836 1535 4669">
    <p class='ocr_par' dir='ltr' id='par_1_5' title="bbox 176 2836 1529 3090">
     <span class='ocr_line' id='line_1_8' title="bbox 177 2836 1528 2918; baseline -0.001 -19"><span class='ocrx_word' id='word_1_43' title='bbox 177 2839 357 2914; x_wconf 77' lang='lat' dir='ltr'><strong>Austriacis,</strong></span> <span class='ocrx_word' id='word_1_44' title='bbox 386 2856 423 2899; x_wconf 87' lang='lat' dir='ltr'><strong>ex</strong></span> <span class='ocrx_word' id='word_1_45' title='bbox 451 2842 516 2918; x_wconf 92' lang='lat' dir='ltr'><strong>ipsa</strong></span> <span class='ocrx_word' id='word_1_46' title='bbox 539 2838 665 2916; x_wconf 89' lang='lat' dir='ltr'><strong>denique</strong></span> <span class='ocrx_word' id='word_1_47' title='bbox 687 2836 861 2910; x_wconf 76' lang='lat' dir='ltr'><strong>Germania,</strong></span> <span class='ocrx_word' id='word_1_48' title='bbox 891 2846 971 2900; x_wconf 91' lang='lat' dir='ltr'><strong>trans</strong></span> <span class='ocrx_word' id='word_1_49' title='bbox 1001 2855 1082 2899; x_wconf 91' lang='lat' dir='ltr'><strong>mare</strong></span> <span class='ocrx_word' id='word_1_50' title='bbox 1113 2839 1281 2917; x_wconf 90' lang='lat' dir='ltr'><strong>ablegarem</strong></span> <span class='ocrx_word' id='word_1_51' title='bbox 1310 2848 1434 2918; x_wconf 85' lang='lat' dir='ltr'><strong>tuoque,</strong></span> <span class='ocrx_word' id='word_1_52' title='bbox 1463 2838 1528 2899; x_wconf 82' lang='lat' dir='ltr'><strong>Rex</strong></span> 
     </span>
     <span class='ocr_line' id='line_1_9' title="bbox 176 2926 1529 3008; baseline 0.001 -22"><span class='ocrx_word' id='word_1_53' title='bbox 176 2926 299 3006; x_wconf 84' lang='lat' dir='ltr'><strong>Inclyte,</strong></span> <span class='ocrx_word' id='word_1_54' title='bbox 322 2930 490 3005; x_wconf 88' lang='lat' dir='ltr'><strong>conspectui</strong></span> <span class='ocrx_word' id='word_1_55' title='bbox 512 2928 697 2988; x_wconf 89' lang='lat' dir='ltr'><strong>serenissimo</strong></span> <span class='ocrx_word' id='word_1_56' title='bbox 719 2929 865 2988; x_wconf 82' lang='lat' dir='ltr'><strong>sisterem:</strong></span> <span class='ocrx_word' id='word_1_57' title='bbox 891 2943 996 2987; x_wconf 77' lang='lat' dir='ltr'><strong>causam</strong></span> <span class='ocrx_word' id='word_1_58' title='bbox 1017 2926 1109 2987; x_wconf 87' lang='lat' dir='ltr'><strong>habui</strong></span> <span class='ocrx_word' id='word_1_59' title='bbox 1131 2930 1238 3008; x_wconf 92' lang='lat' dir='ltr'><strong>partim</strong></span> <span class='ocrx_word' id='word_1_60' title='bbox 1259 2936 1436 3007; x_wconf 76' lang='lat' dir='ltr'><strong>praesentes,</strong></span> <span class='ocrx_word' id='word_1_61' title='bbox 1459 2944 1529 3006; x_wconf 92' lang='lat' dir='ltr'><strong>par·</strong></span> 
     </span>
     <span class='ocr_line' id='line_1_10' title="bbox 177 3014 401 3090; baseline 0.004 -16"><span class='ocrx_word' id='word_1_62' title='bbox 177 3017 229 3074; x_wconf 89' lang='lat' dir='ltr'><strong>tim</strong></span> <span class='ocrx_word' id='word_1_63' title='bbox 252 3014 401 3090; x_wconf 86' lang='lat' dir='ltr'><strong>antiquae.</strong></span> 
     </span>
    </p>

    <p class='ocr_par' dir='ltr' id='par_1_6' title="bbox 174 3100 1535 4578">
     <span class='ocr_line' id='line_1_11' title="bbox 260 3100 1530 3181; baseline 0.001 -21"><span class='ocrx_word' id='word_1_64' title='bbox 260 3100 392 3161; x_wconf 84' lang='lat' dir='ltr'><strong>Primum</strong></span> <span class='ocrx_word' id='word_1_65' title='bbox 413 3103 491 3161; x_wconf 89' lang='lat' dir='ltr'><strong>enim</strong></span> <span class='ocrx_word' id='word_1_66' title='bbox 512 3100 568 3162; x_wconf 88' lang='lat' dir='ltr'><strong>hoc</strong></span> <span class='ocrx_word' id='word_1_67' title='bbox 589 3118 649 3162; x_wconf 94' lang='lat' dir='ltr'><strong>non</strong></span> <span class='ocrx_word' id='word_1_68' title='bbox 670 3100 800 3162; x_wconf 89' lang='lat' dir='ltr'><strong>alienum</strong></span> <span class='ocrx_word' id='word_1_69' title='bbox 821 3120 840 3162; x_wconf 91' lang='lat' dir='ltr'><strong>a</strong></span> <span class='ocrx_word' id='word_1_70' title='bbox 860 3118 928 3162; x_wconf 89' lang='lat' dir='ltr'><strong>meo</strong></span> <span class='ocrx_word' id='word_1_71' title='bbox 950 3117 1070 3163; x_wconf 90' lang='lat' dir='ltr'><strong>munere</strong></span> <span class='ocrx_word' id='word_1_72' title='bbox 1091 3103 1209 3181; x_wconf 86' lang='lat' dir='ltr'><strong>putavi,</strong></span> <span class='ocrx_word' id='word_1_73' title='bbox 1238 3110 1272 3164; x_wconf 92' lang='lat' dir='ltr'><strong>ut</strong></span> <span class='ocrx_word' id='word_1_74' title='bbox 1301 3105 1372 3181; x_wconf 87' lang='lat' dir='ltr'><strong>quia</strong></span> <span class='ocrx_word' id='word_1_75' title='bbox 1395 3102 1530 3163; x_wconf 82' lang='lat' dir='ltr'><strong>Caesarie</strong></span> 
     </span>
     <span class='ocr_line' id='line_1_12' title="bbox 176 3187 1529 3268; baseline 0.001 -20"><span class='ocrx_word' id='word_1_76' title='bbox 176 3188 258 3249; x_wconf 89' lang='lat' dir='ltr'><strong>inre</strong></span> <span class='ocrx_word' id='word_1_77' title='bbox 279 3188 487 3250; x_wconf 84' lang='lat' dir='ltr'><strong>mathematica</strong></span> <span class='ocrx_word' id='word_1_78' title='bbox 507 3187 654 3267; x_wconf 89' lang='lat' dir='ltr'><strong>stipendia</strong></span> <span class='ocrx_word' id='word_1_79' title='bbox 673 3205 788 3264; x_wconf 88' lang='lat' dir='ltr'><strong>mereo,</strong></span> <span class='ocrx_word' id='word_1_80' title='bbox 811 3188 1039 3250; x_wconf 89' lang='lat' dir='ltr'><strong>demonstrarem</strong></span> <span class='ocrx_word' id='word_1_81' title='bbox 1061 3192 1150 3268; x_wconf 85' lang='lat' dir='ltr'><strong>igitur</strong></span> <span class='ocrx_word' id='word_1_82' title='bbox 1171 3192 1260 3252; x_wconf 88' lang='lat' dir='ltr'><strong>etiam</strong></span> <span class='ocrx_word' id='word_1_83' title='bbox 1282 3192 1408 3265; x_wconf 81' lang='lat' dir='ltr'><strong>exteris,</strong></span> <span class='ocrx_word' id='word_1_84' title='bbox 1432 3207 1529 3267; x_wconf 89' lang='lat' dir='ltr'><strong>quan-</strong></span> 
     </span>
     <span class='ocr_line' id='line_1_13' title="bbox 175 3274 1529 3357; baseline 0.001 -21"><span class='ocrx_word' id='word_1_85' title='bbox 175 3284 234 3336; x_wconf 88' lang='lat' dir='ltr'><strong>tam</strong></span> <span class='ocrx_word' id='word_1_86' title='bbox 254 3280 370 3354; x_wconf 80' lang='lat' dir='ltr'><strong>gereret</strong></span> <span class='ocrx_word' id='word_1_87' title='bbox 390 3274 607 3355; x_wconf 85' lang='lat' dir='ltr'><strong>providentiam</strong></span> <span class='ocrx_word' id='word_1_88' title='bbox 629 3276 768 3355; x_wconf 82' lang='lat' dir='ltr'><strong>Princeps</strong></span> <span class='ocrx_word' id='word_1_89' title='bbox 782 3275 866 3357; x_wconf 89' lang='lat' dir='ltr'><strong>Reip.</strong></span> <span class='ocrx_word' id='word_1_90' title='bbox 883 3276 1066 3339; x_wconf 82' lang='lat' dir='ltr'><strong>Christianae</strong></span> <span class='ocrx_word' id='word_1_91' title='bbox 1082 3277 1330 3339; x_wconf 82' lang='lat' dir='ltr'><strong>diviuiseimorum</strong></span> <span class='ocrx_word' id='word_1_92' title='bbox 1352 3276 1529 3339; x_wconf 83' lang='lat' dir='ltr'><strong>studiorum:</strong></span> 
     </span>
     <span class='ocr_line' id='line_1_14' title="bbox 175 3363 1528 3445; baseline 0.002 -22"><span class='ocrx_word' id='word_1_93' title='bbox 175 3369 208 3423; x_wconf 90' lang='lat' dir='ltr'><strong>ut</strong></span> <span class='ocrx_word' id='word_1_94' title='bbox 227 3363 437 3441; x_wconf 87' lang='lat' dir='ltr'><strong>intelligeretur</strong></span> <span class='ocrx_word' id='word_1_95' title='bbox 466 3381 502 3424; x_wconf 88' lang='lat' dir='ltr'><strong>ex</strong></span> <span class='ocrx_word' id='word_1_96' title='bbox 524 3381 610 3425; x_wconf 90' lang='lat' dir='ltr'><strong>eursu</strong></span> <span class='ocrx_word' id='word_1_97' title='bbox 631 3381 691 3423; x_wconf 93' lang='lat' dir='ltr'><strong>non</strong></span> <span class='ocrx_word' id='word_1_98' title='bbox 712 3365 903 3425; x_wconf 90' lang='lat' dir='ltr'><strong>interturbato</strong></span> <span class='ocrx_word' id='word_1_99' title='bbox 925 3366 1007 3443; x_wconf 88' lang='lat' dir='ltr'><strong>pacis</strong></span> <span class='ocrx_word' id='word_1_100' title='bbox 1030 3374 1264 3427; x_wconf 84' lang='lat' dir='ltr'><strong>ornamentorum</strong></span> <span class='ocrx_word' id='word_1_101' title='bbox 1293 3382 1345 3445; x_wconf 91' lang='lat' dir='ltr'><strong>per</strong></span> <span class='ocrx_word' id='word_1_102' title='bbox 1375 3366 1430 3426; x_wconf 87' lang='lat' dir='ltr'><strong>hae</strong></span> <span class='ocrx_word' id='word_1_103' title='bbox 1457 3382 1528 3444; x_wconf 91' lang='lat' dir='ltr'><strong>pro-</strong></span> 
     </span>
     <span class='ocr_line' id='line_1_15' title="bbox 177 3451 1533 3532; baseline 0.002 -22"><span class='ocrx_word' id='word_1_104' title='bbox 177 3453 303 3529; x_wconf 81' lang='lat' dir='ltr'><strong>vincias,</strong></span> <span class='ocrx_word' id='word_1_105' title='bbox 333 3451 443 3512; x_wconf 84' lang='lat' dir='ltr'><strong>lamam</strong></span> <span class='ocrx_word' id='word_1_106' title='bbox 468 3452 598 3512; x_wconf 89' lang='lat' dir='ltr'><strong>intestini</strong></span> <span class='ocrx_word' id='word_1_107' title='bbox 626 3451 696 3512; x_wconf 91' lang='lat' dir='ltr'><strong>belli</strong></span> <span class='ocrx_word' id='word_1_108' title='bbox 717 3454 866 3513; x_wconf 88' lang='lat' dir='ltr'><strong>sinistram</strong></span> <span class='ocrx_word' id='word_1_109' title='bbox 894 3469 960 3513; x_wconf 84' lang='lat' dir='ltr'><strong>cunr</strong></span> <span class='ocrx_word' id='word_1_110' title='bbox 987 3454 1053 3531; x_wconf 85' lang='lat' dir='ltr'><strong>ipsa</strong></span> <span class='ocrx_word' id='word_1_111' title='bbox 1079 3470 1110 3515; x_wconf 91' lang='lat' dir='ltr'><strong>re</strong></span> <span class='ocrx_word' id='word_1_112' title='bbox 1132 3453 1234 3532; x_wconf 90' lang='lat' dir='ltr'><strong>procul</strong></span> <span class='ocrx_word' id='word_1_113' title='bbox 1257 3452 1346 3513; x_wconf 86' lang='lat' dir='ltr'><strong>dubio</strong></span> <span class='ocrx_word' id='word_1_114' title='bbox 1370 3454 1452 3514; x_wconf 88' lang='lat' dir='ltr'><strong>brevi</strong></span> <span class='ocrx_word' id='word_1_115' title='bbox 1476 3471 1533 3513; x_wconf 84' lang='lat' dir='ltr'><strong>ex·</strong></span> 
     </span>
     <span class='ocr_line' id='line_1_16' title="bbox 177 3538 1531 3619; baseline -0.001 -20"><span class='ocrx_word' id='word_1_116' title='bbox 177 3542 315 3600; x_wconf 89' lang='lat' dir='ltr'><strong>stinctum</strong></span> <span class='ocrx_word' id='word_1_117' title='bbox 335 3542 386 3615; x_wconf 69' lang='grc' dir='ltr'><strong>ἰῆς</strong></span> <span class='ocrx_word' id='word_1_118' title='bbox 415 3538 686 3616; x_wconf 86' lang='lat' dir='ltr'><strong>dissonantiamque</strong></span> <span class='ocrx_word' id='word_1_119' title='bbox 707 3538 787 3608; x_wconf 86' lang='lat' dir='ltr'><strong>hanc</strong></span> <span class='ocrx_word' id='word_1_120' title='bbox 811 3539 900 3619; x_wconf 92' lang='lat' dir='ltr'><strong>paulo</strong></span> <span class='ocrx_word' id='word_1_121' title='bbox 924 3539 1084 3612; x_wconf 89' lang='lat' dir='ltr'><strong>duriorem,</strong></span> <span class='ocrx_word' id='word_1_122' title='bbox 1113 3548 1146 3600; x_wconf 92' lang='lat' dir='ltr'><strong>nt</strong></span> <span class='ocrx_word' id='word_1_123' title='bbox 1168 3544 1198 3599; x_wconf 90' lang='lat' dir='ltr'><strong>in</strong></span> <span class='ocrx_word' id='word_1_124' title='bbox 1220 3540 1370 3619; x_wconf 82' lang='lat' dir='ltr'><strong>pathetica</strong></span> <span class='ocrx_word' id='word_1_125' title='bbox 1392 3538 1531 3612; x_wconf 89' lang='lat' dir='ltr'><strong>melodia,</strong></span> 
     </span>
     <span class='ocr_line' id='line_1_17' title="bbox 174 3625 1532 3705; baseline 0 -18"><span class='ocrx_word' id='word_1_126' title='bbox 174 3626 375 3705; x_wconf 73' lang='lat' dir='ltr'><strong>iamiamque</strong></span> <span class='ocrx_word' id='word_1_127' title='bbox 397 3628 572 3688; x_wconf 76' lang='lat' dir='ltr'><strong>insuavem</strong></span> <span class='ocrx_word' id='word_1_128' title='bbox 596 3625 757 3687; x_wconf 80' lang='lat' dir='ltr'><strong>clausulam</strong></span> <span class='ocrx_word' id='word_1_129' title='bbox 779 3628 947 3688; x_wconf 86' lang='lat' dir='ltr'><strong>desituram.</strong></span> <span class='ocrx_word' id='word_1_130' title='bbox 993 3626 1088 3703; x_wconf 82' lang='lat' dir='ltr'><strong>Quem</strong></span> <span class='ocrx_word' id='word_1_131' title='bbox 1111 3645 1181 3689; x_wconf 85' lang='lat' dir='ltr'><strong>vero</strong></span> <span class='ocrx_word' id='word_1_132' title='bbox 1204 3629 1343 3689; x_wconf 86' lang='lat' dir='ltr'><strong>bonitatis</strong></span> <span class='ocrx_word' id='word_1_133' title='bbox 1365 3626 1532 3705; x_wconf 90' lang='lat' dir='ltr'><strong>Imperato-</strong></span> 
     </span>
     <span class='ocr_line' id='line_1_18' title="bbox 178 3712 1531 3795; baseline 0.001 -24"><span class='ocrx_word' id='word_1_134' title='bbox 178 3715 237 3775; x_wconf 83' lang='lat' dir='ltr'><strong>riae</strong></span> <span class='ocrx_word' id='word_1_135' title='bbox 259 3714 422 3789; x_wconf 76' lang='lat' dir='ltr'><strong>digniorem</strong></span> <span class='ocrx_word' id='word_1_136' title='bbox 443 3716 662 3776; x_wconf 89' lang='lat' dir='ltr'><strong>aestimatorem</strong></span> <span class='ocrx_word' id='word_1_137' title='bbox 682 3713 764 3791; x_wconf 85' lang='lat' dir='ltr'><strong>Rege</strong></span> <span class='ocrx_word' id='word_1_138' title='bbox 786 3731 911 3792; x_wconf 88' lang='lat' dir='ltr'><strong>magno,</strong></span> <span class='ocrx_word' id='word_1_139' title='bbox 943 3732 1032 3792; x_wconf 86' lang='lat' dir='ltr'><strong>quem</strong></span> <span class='ocrx_word' id='word_1_140' title='bbox 1062 3717 1158 3795; x_wconf 90' lang='lat' dir='ltr'><strong>operis</strong></span> <span class='ocrx_word' id='word_1_141' title='bbox 1182 3713 1217 3776; x_wconf 92' lang='lat' dir='ltr'><strong>de</strong></span> <span class='ocrx_word' id='word_1_142' title='bbox 1241 3715 1390 3776; x_wconf 92' lang='lat' dir='ltr'><strong>coelorum</strong></span> <span class='ocrx_word' id='word_1_143' title='bbox 1411 3712 1531 3774; x_wconf 88' lang='lat' dir='ltr'><strong>harmo-</strong></span> 
     </span>
     <span class='ocr_line' id='line_1_19' title="bbox 177 3800 1532 3879; baseline 0 -20"><span class='ocrx_word' id='word_1_144' title='bbox 177 3804 234 3874; x_wconf 87' lang='lat' dir='ltr'><strong>nia,</strong></span> <span class='ocrx_word' id='word_1_145' title='bbox 257 3800 460 3879; x_wconf 79' lang='lat' dir='ltr'><strong>Pythagoram</strong></span> <span class='ocrx_word' id='word_1_146' title='bbox 481 3800 640 3863; x_wconf 87' lang='lat' dir='ltr'><strong>redolentis</strong></span> <span class='ocrx_word' id='word_1_147' title='bbox 664 3809 694 3863; x_wconf 94' lang='lat' dir='ltr'><strong>et</strong></span> <span class='ocrx_word' id='word_1_148' title='bbox 713 3802 877 3878; x_wconf 86' lang='lat' dir='ltr'><strong>Platonem,</strong></span> <span class='ocrx_word' id='word_1_149' title='bbox 902 3805 1169 3863; x_wconf 82' lang='lat' dir='ltr'><strong>convenientiorem</strong></span> <span class='ocrx_word' id='word_1_150' title='bbox 1193 3802 1355 3863; x_wconf 92' lang='lat' dir='ltr'><strong>Patronum</strong></span> <span class='ocrx_word' id='word_1_151' title='bbox 1378 3803 1458 3879; x_wconf 84' lang='lat' dir='ltr'><strong>Rege</strong></span> <span class='ocrx_word' id='word_1_152' title='bbox 1481 3802 1532 3860; x_wconf 92' lang='lat' dir='ltr'><strong>illo</strong></span> 
     </span>
     <span class='ocr_line' id='line_1_20' title="bbox 176 3884 1531 3971; baseline 0.002 -25"><span class='ocrx_word' id='word_1_153' title='bbox 176 3886 321 3965; x_wconf 76' lang='lat' dir='ltr'><strong>legissem,</strong></span> <span class='ocrx_word' id='word_1_154' title='bbox 345 3891 396 3966; x_wconf 83' lang='lat' dir='ltr'><strong>qui</strong></span> <span class='ocrx_word' id='word_1_155' title='bbox 417 3884 588 3951; x_wconf 88' lang='lat' dir='ltr'><strong>Platonicae</strong></span> <span class='ocrx_word' id='word_1_156' title='bbox 609 3890 771 3968; x_wconf 83' lang='lat' dir='ltr'><strong>sapientiae</strong></span> <span class='ocrx_word' id='word_1_157' title='bbox 794 3889 924 3951; x_wconf 91' lang='lat' dir='ltr'><strong>studium</strong></span> <span class='ocrx_word' id='word_1_158' title='bbox 947 3889 1114 3951; x_wconf 88' lang='lat' dir='ltr'><strong>domesticis</strong></span> <span class='ocrx_word' id='word_1_159' title='bbox 1129 3894 1334 3971; x_wconf 87' lang='lat' dir='ltr'><strong>monumentis,</strong></span> <span class='ocrx_word' id='word_1_160' title='bbox 1358 3907 1435 3967; x_wconf 88' lang='lat' dir='ltr'><strong>quae</strong></span> <span class='ocrx_word' id='word_1_161' title='bbox 1458 3891 1531 3949; x_wconf 87' lang='lat' dir='ltr'><strong>sub-</strong></span> 
     </span>
     <span class='ocr_line' id='line_1_21' title="bbox 179 3974 1533 4056; baseline 0.001 -22"><span class='ocrx_word' id='word_1_162' title='bbox 179 3974 305 4035; x_wconf 88' lang='lat' dir='ltr'><strong>ditorum</strong></span> <span class='ocrx_word' id='word_1_163' title='bbox 326 3979 516 4038; x_wconf 82' lang='lat' dir='ltr'><strong>veneratione</strong></span> <span class='ocrx_word' id='word_1_164' title='bbox 546 3979 634 4038; x_wconf 90' lang='lat' dir='ltr'><strong>etlam</strong></span> <span class='ocrx_word' id='word_1_165' title='bbox 663 3976 783 4056; x_wconf 88' lang='lat' dir='ltr'><strong>publica</strong></span> <span class='ocrx_word' id='word_1_166' title='bbox 809 3977 969 4053; x_wconf 82' lang='lat' dir='ltr'><strong>habemus,</strong></span> <span class='ocrx_word' id='word_1_167' title='bbox 1001 3985 1046 4039; x_wconf 91' lang='lat' dir='ltr'><strong>est</strong></span> <span class='ocrx_word' id='word_1_168' title='bbox 1072 3977 1217 4038; x_wconf 75' lang='lat' dir='ltr'><strong>testatus?</strong></span> <span class='ocrx_word' id='word_1_169' title='bbox 1246 3981 1296 4056; x_wconf 89' lang='lat' dir='ltr'><strong>qui</strong></span> <span class='ocrx_word' id='word_1_170' title='bbox 1327 3980 1533 4038; x_wconf 84' lang='lat' dir='ltr'><strong>astronomiam</strong></span> 
     </span>
     <span class='ocr_line' id='line_1_22' title="bbox 178 4062 1533 4145; baseline -0.001 -21"><span class='ocrx_word' id='word_1_171' title='bbox 178 4062 329 4141; x_wconf 76' lang='lat' dir='ltr'><strong>&#39;lychoms</strong></span> <span class='ocrx_word' id='word_1_172' title='bbox 350 4062 474 4139; x_wconf 88' lang='lat' dir='ltr'><strong>Brahei,</strong></span> <span class='ocrx_word' id='word_1_173' title='bbox 502 4066 549 4124; x_wconf 92' lang='lat' dir='ltr'><strong>cni</strong></span> <span class='ocrx_word' id='word_1_174' title='bbox 577 4081 652 4144; x_wconf 92' lang='lat' dir='ltr'><strong>opus</strong></span> <span class='ocrx_word' id='word_1_175' title='bbox 680 4064 737 4125; x_wconf 83' lang='lat' dir='ltr'><strong>noc</strong></span> <span class='ocrx_word' id='word_1_176' title='bbox 765 4066 910 4135; x_wconf 88' lang='lat' dir='ltr'><strong>innititur,</strong></span> <span class='ocrx_word' id='word_1_177' title='bbox 942 4082 1015 4145; x_wconf 91' lang='lat' dir='ltr'><strong>puer</strong></span> <span class='ocrx_word' id='word_1_178' title='bbox 1036 4064 1133 4126; x_wconf 89' lang='lat' dir='ltr'><strong>adhuc</strong></span> <span class='ocrx_word' id='word_1_179' title='bbox 1156 4069 1333 4127; x_wconf 85' lang='lat' dir='ltr'><strong>ornamentis</strong></span> <span class='ocrx_word' id='word_1_180' title='bbox 1355 4068 1464 4142; x_wconf 91' lang='lat' dir='ltr'><strong>ingenii</strong></span> <span class='ocrx_word' id='word_1_181' title='bbox 1486 4069 1533 4124; x_wconf 89' lang='lat' dir='ltr'><strong>sui</strong></span> 
     </span>
     <span class='ocr_line' id='line_1_23' title="bbox 180 4148 1534 4231; baseline 0.002 -23"><span class='ocrx_word' id='word_1_182' title='bbox 180 4148 297 4228; x_wconf 89' lang='lat' dir='ltr'><strong>dignam</strong></span> <span class='ocrx_word' id='word_1_183' title='bbox 319 4151 456 4212; x_wconf 77' lang='lat' dir='ltr'><strong>censuit?</strong></span> <span class='ocrx_word' id='word_1_184' title='bbox 485 4153 537 4228; x_wconf 88' lang='lat' dir='ltr'><strong>qui</strong></span> <span class='ocrx_word' id='word_1_185' title='bbox 559 4150 685 4229; x_wconf 87' lang='lat' dir='ltr'><strong>denique</strong></span> <span class='ocrx_word' id='word_1_186' title='bbox 706 4153 753 4211; x_wconf 85' lang='lat' dir='ltr'><strong>vir</strong></span> <span class='ocrx_word' id='word_1_187' title='bbox 774 4154 868 4212; x_wconf 87' lang='lat' dir='ltr'><strong>lactus</strong></span> <span class='ocrx_word' id='word_1_188' title='bbox 892 4160 921 4212; x_wconf 93' lang='lat' dir='ltr'><strong>et</strong></span> <span class='ocrx_word' id='word_1_189' title='bbox 943 4155 1026 4230; x_wconf 92' lang='lat' dir='ltr'><strong>regni</strong></span> <span class='ocrx_word' id='word_1_190' title='bbox 1049 4153 1248 4231; x_wconf 91' lang='lat' dir='ltr'><strong>gubernacula</strong></span> <span class='ocrx_word' id='word_1_191' title='bbox 1270 4161 1415 4227; x_wconf 86' lang='lat' dir='ltr'><strong>tractans,</strong></span> <span class='ocrx_word' id='word_1_192' title='bbox 1438 4160 1534 4212; x_wconf 90' lang='lat' dir='ltr'><strong>astro-</strong></span> 
     </span>
     <span class='ocr_line' id='line_1_24' title="bbox 179 4237 1532 4318; baseline 0.001 -23"><span class='ocrx_word' id='word_1_193' title='bbox 179 4237 306 4315; x_wconf 84' lang='lat' dir='ltr'><strong>logicam</strong></span> <span class='ocrx_word' id='word_1_194' title='bbox 320 4241 482 4300; x_wconf 81' lang='lat' dir='ltr'><strong>vauitatem</strong></span> <span class='ocrx_word' id='word_1_195' title='bbox 503 4239 624 4318; x_wconf 84' lang='lat' dir='ltr'><strong>publica</strong></span> <span class='ocrx_word' id='word_1_196' title='bbox 647 4255 769 4300; x_wconf 79' lang='lat' dir='ltr'><strong>censura</strong></span> <span class='ocrx_word' id='word_1_197' title='bbox 789 4240 927 4300; x_wconf 77' lang='lat' dir='ltr'><strong>notavit?</strong></span> <span class='ocrx_word' id='word_1_198' title='bbox 950 4258 1027 4317; x_wconf 89' lang='lat' dir='ltr'><strong>quae</strong></span> <span class='ocrx_word' id='word_1_199' title='bbox 1049 4258 1130 4316; x_wconf 87' lang='lat' dir='ltr'><strong>sane,</strong></span> <span class='ocrx_word' id='word_1_200' title='bbox 1152 4241 1228 4301; x_wconf 90' lang='lat' dir='ltr'><strong>libro</strong></span> <span class='ocrx_word' id='word_1_201' title='bbox 1251 4240 1339 4318; x_wconf 87' lang='lat' dir='ltr'><strong>hujus</strong></span> <span class='ocrx_word' id='word_1_202' title='bbox 1366 4241 1460 4317; x_wconf 89' lang='lat' dir='ltr'><strong>operis</strong></span> <span class='ocrx_word' id='word_1_203' title='bbox 1479 4238 1532 4298; x_wconf 86' lang='lat' dir='ltr'><strong>IV.</strong></span> 
     </span>
     <span class='ocr_line' id='line_1_25' title="bbox 181 4323 1533 4407; baseline -0.001 -22"><span class='ocrx_word' id='word_1_204' title='bbox 181 4323 299 4386; x_wconf 87' lang='lat' dir='ltr'><strong>detectis</strong></span> <span class='ocrx_word' id='word_1_205' title='bbox 329 4328 407 4386; x_wconf 82' lang='lat' dir='ltr'><strong>veris</strong></span> <span class='ocrx_word' id='word_1_206' title='bbox 433 4325 628 4388; x_wconf 79' lang='lat' dir='ltr'><strong>fundamentis</strong></span> <span class='ocrx_word' id='word_1_207' title='bbox 660 4326 814 4387; x_wconf 82' lang='lat' dir='ltr'><strong>effectuum</strong></span> <span class='ocrx_word' id='word_1_208' title='bbox 842 4326 1027 4403; x_wconf 86' lang='lat' dir='ltr'><strong>sideralium,</strong></span> <span class='ocrx_word' id='word_1_209' title='bbox 1058 4329 1215 4389; x_wconf 88' lang='lat' dir='ltr'><strong>clarissime</strong></span> <span class='ocrx_word' id='word_1_210' title='bbox 1237 4330 1377 4407; x_wconf 90' lang='lat' dir='ltr'><strong>patescit:</strong></span> <span class='ocrx_word' id='word_1_211' title='bbox 1408 4333 1441 4386; x_wconf 92' lang='lat' dir='ltr'><strong>nt</strong></span> <span class='ocrx_word' id='word_1_212' title='bbox 1462 4325 1533 4385; x_wconf 93' lang='lat' dir='ltr'><strong>nulli</strong></span> 
     </span>
     <span class='ocr_line' id='line_1_26' title="bbox 181 4410 1535 4501; baseline 0.002 -30"><span class='ocrx_word' id='word_1_213' title='bbox 181 4410 300 4473; x_wconf 84' lang='lat' dir='ltr'><strong>dubium</strong></span> <span class='ocrx_word' id='word_1_214' title='bbox 322 4430 388 4475; x_wconf 81' lang='lat' dir='ltr'><strong>esse</strong></span> <span class='ocrx_word' id='word_1_215' title='bbox 409 4416 517 4492; x_wconf 89' lang='lat' dir='ltr'><strong>possit,</strong></span> <span class='ocrx_word' id='word_1_216' title='bbox 540 4417 611 4492; x_wconf 87' lang='lat' dir='ltr'><strong>quin</strong></span> <span class='ocrx_word' id='word_1_217' title='bbox 634 4414 835 4501; x_wconf 78' lang='lat' dir='ltr'><strong>totiushujus</strong></span> <span class='ocrx_word' id='word_1_218' title='bbox 857 4417 957 4493; x_wconf 89' lang='lat' dir='ltr'><strong>operis</strong></span> <span class='ocrx_word' id='word_1_219' title='bbox 978 4418 1167 4492; x_wconf 86' lang='lat' dir='ltr'><strong>omniumque</strong></span> <span class='ocrx_word' id='word_1_220' title='bbox 1190 4416 1254 4492; x_wconf 70' lang='lat' dir='ltr'><strong>ejus</strong></span> <span class='ocrx_word' id='word_1_221' title='bbox 1276 4416 1402 4495; x_wconf 85' lang='lat' dir='ltr'><strong>partium</strong></span> <span class='ocrx_word' id='word_1_222' title='bbox 1423 4416 1464 4474; x_wconf 89' lang='lat' dir='ltr'><strong>sis</strong></span> <span class='ocrx_word' id='word_1_223' title='bbox 1486 4414 1535 4474; x_wconf 87' lang='lat' dir='ltr'><strong>lu·</strong></span> 
     </span>
     <span class='ocr_line' id='line_1_27' title="bbox 180 4500 577 4578; baseline 0 -17"><span class='ocrx_word' id='word_1_224' title='bbox 180 4504 261 4561; x_wconf 86' lang='lat' dir='ltr'><strong>turus</strong></span> <span class='ocrx_word' id='word_1_225' title='bbox 282 4500 577 4578; x_wconf 86' lang='lat' dir='ltr'><strong>intelligentissimus.</strong></span> 
     </span>
    </p>

    <p class='ocr_par' dir='ltr' id='par_1_7' title="bbox 267 4588 1535 4669">
     <span class='ocr_line' id='line_1_28' title="bbox 267 4588 1535 4669; baseline 0 -22"><span class='ocrx_word' id='word_1_226' title='bbox 267 4588 366 4665; x_wconf 74' lang='lat' dir='ltr'><strong>Maior</strong></span> <span class='ocrx_word' id='word_1_227' title='bbox 388 4605 459 4649; x_wconf 79' lang='lat' dir='ltr'><strong>vero</strong></span> <span class='ocrx_word' id='word_1_228' title='bbox 480 4589 553 4648; x_wconf 90' lang='lat' dir='ltr'><strong>mihi</strong></span> <span class='ocrx_word' id='word_1_229' title='bbox 576 4606 666 4650; x_wconf 92' lang='lat' dir='ltr'><strong>causa</strong></span> <span class='ocrx_word' id='word_1_230' title='bbox 692 4588 885 4651; x_wconf 87' lang='lat' dir='ltr'><strong>dedicationis</strong></span> <span class='ocrx_word' id='word_1_231' title='bbox 916 4607 952 4650; x_wconf 84' lang='lat' dir='ltr'><strong>ex</strong></span> <span class='ocrx_word' id='word_1_232' title='bbox 978 4592 1099 4666; x_wconf 89' lang='lat' dir='ltr'><strong>antiquo</strong></span> <span class='ocrx_word' id='word_1_233' title='bbox 1130 4596 1175 4650; x_wconf 92' lang='lat' dir='ltr'><strong>eet</strong></span> <span class='ocrx_word' id='word_1_234' title='bbox 1196 4591 1263 4650; x_wconf 86' lang='lat' dir='ltr'><strong>ista.</strong></span> <span class='ocrx_word' id='word_1_235' title='bbox 1309 4590 1384 4650; x_wconf 78' lang='lat' dir='ltr'><strong>(tum</strong></span> <span class='ocrx_word' id='word_1_236' title='bbox 1410 4591 1535 4669; x_wconf 88' lang='lat' dir='ltr'><strong>primum</strong></span> 
     </span>
    </p>
   </div>
   <div class='ocr_carea' id='block_1_6' title="bbox 179 4675 1655 4757">
    <p class='ocr_par' dir='ltr' id='par_1_8' title="bbox 179 4675 1655 4757">
     <span class='ocr_line' id='line_1_29' title="bbox 179 4675 1655 4757; baseline 0.002 -23"><span class='ocrx_word' id='word_1_237' title='bbox 179 4683 248 4736; x_wconf 88' lang='lat' dir='ltr'><strong>aute</strong></span> <span class='ocrx_word' id='word_1_238' title='bbox 271 4691 363 4737; x_wconf 88' lang='lat' dir='ltr'><strong>annos</strong></span> <span class='ocrx_word' id='word_1_239' title='bbox 385 4675 593 4755; x_wconf 89' lang='lat' dir='ltr'><strong>paulominus</strong></span> <span class='ocrx_word' id='word_1_240' title='bbox 614 4678 719 4754; x_wconf 85' lang='lat' dir='ltr'><strong>viginti</strong></span> <span class='ocrx_word' id='word_1_241' title='bbox 734 4680 884 4739; x_wconf 80' lang='lat' dir='ltr'><strong>materiam</strong></span> <span class='ocrx_word' id='word_1_242' title='bbox 899 4678 995 4756; x_wconf 90' lang='lat' dir='ltr'><strong>operis</strong></span> <span class='ocrx_word' id='word_1_243' title='bbox 1016 4680 1113 4737; x_wconf 88' lang='lat' dir='ltr'><strong>animo</strong></span> <span class='ocrx_word' id='word_1_244' title='bbox 1138 4679 1338 4757; x_wconf 90' lang='lat' dir='ltr'><strong>concepissem</strong></span> <span class='ocrx_word' id='word_1_245' title='bbox 1359 4678 1535 4755; x_wconf 89' lang='lat' dir='ltr'><strong>titulumque</strong></span> <span class='ocrx_word' id='word_1_246' title='bbox 1653 4752 1655 4756; x_wconf 11' lang='grc' dir='ltr'><em>Α</em></span> 
     </span>
    </p>
   </div>
   <div class='ocr_carea' id='block_1_7' title="bbox 178 4762 1535 5019">
    <p class='ocr_par' dir='ltr' id='par_1_9' title="bbox 178 4762 1535 5019">
     <span class='ocr_line' id='line_1_30' title="bbox 178 4762 1535 4856; baseline 0.002 -36"><span class='ocrx_word' id='word_1_247' title='bbox 178 4778 412 4845; x_wconf 83' lang='lat' dir='ltr'><strong>nuncupassem,</strong></span> <span class='ocrx_word' id='word_1_248' title='bbox 432 4762 563 4824; x_wconf 90' lang='lat' dir='ltr'><strong>nondum</strong></span> <span class='ocrx_word' id='word_1_249' title='bbox 585 4766 708 4841; x_wconf 90' lang='lat' dir='ltr'><strong>cognitis</strong></span> <span class='ocrx_word' id='word_1_250' title='bbox 730 4764 912 4844; x_wconf 87' lang='lat' dir='ltr'><strong>planetarum</strong></span> <span class='ocrx_word' id='word_1_251' title='bbox 935 4767 1064 4825; x_wconf 87' lang='lat' dir='ltr'><strong>motibus</strong></span> <span class='ocrx_word' id='word_1_252' title='bbox 1086 4766 1225 4856; x_wconf 84' lang='lat' dir='ltr'><strong>propriis,</strong></span> <span class='ocrx_word' id='word_1_253' title='bbox 1254 4768 1284 4823; x_wconf 94' lang='lat' dir='ltr'><strong>in</strong></span> <span class='ocrx_word' id='word_1_254' title='bbox 1307 4766 1414 4843; x_wconf 87' lang='lat' dir='ltr'><strong>quibus</strong></span> <span class='ocrx_word' id='word_1_255' title='bbox 1438 4774 1535 4825; x_wconf 87' lang='lat' dir='ltr'><strong>tamen</strong></span> 
     </span>
     <span class='ocr_line' id='line_1_31' title="bbox 180 4851 1534 4932; baseline 0.003 -24"><span class='ocrx_word' id='word_1_256' title='bbox 180 4851 278 4910; x_wconf 87' lang='lat' dir='ltr'><strong>inesse</strong></span> <span class='ocrx_word' id='word_1_257' title='bbox 299 4852 466 4912; x_wconf 87' lang='lat' dir='ltr'><strong>harmoniae</strong></span> <span class='ocrx_word' id='word_1_258' title='bbox 488 4854 642 4912; x_wconf 90' lang='lat' dir='ltr'><strong>instinctus</strong></span> <span class='ocrx_word' id='word_1_259' title='bbox 657 4861 778 4913; x_wconf 91' lang='lat' dir='ltr'><strong>naturae</strong></span> <span class='ocrx_word' id='word_1_260' title='bbox 793 4853 939 4913; x_wconf 89' lang='lat' dir='ltr'><strong>dictabat:</strong></span> <span class='ocrx_word' id='word_1_261' title='bbox 960 4852 1022 4929; x_wconf 86' lang='lat' dir='ltr'><strong>jam</strong></span> <span class='ocrx_word' id='word_1_262' title='bbox 1045 4861 1114 4912; x_wconf 92' lang='lat' dir='ltr'><strong>tnnc</strong></span> <span class='ocrx_word' id='word_1_263' title='bbox 1137 4870 1192 4930; x_wconf 90' lang='lat' dir='ltr'><strong>ego</strong></span> <span class='ocrx_word' id='word_1_264' title='bbox 1216 4855 1409 4932; x_wconf 89' lang='lat' dir='ltr'><strong>patrocinium</strong></span> <span class='ocrx_word' id='word_1_265' title='bbox 1429 4856 1534 4932; x_wconf 90' lang='lat' dir='ltr'><strong>operis,</strong></span> 
     </span>
     <span class='ocr_line' id='line_1_32' title="bbox 179 4937 1535 5019; baseline 0.001 -22"><span class='ocrx_word' id='word_1_266' title='bbox 179 4939 207 4997; x_wconf 86' lang='lat' dir='ltr'><strong>si</strong></span> <span class='ocrx_word' id='word_1_267' title='bbox 231 4937 347 5015; x_wconf 84' lang='lat' dir='ltr'><strong>quando</strong></span> <span class='ocrx_word' id='word_1_268' title='bbox 370 4937 400 5000; x_wconf 89' lang='lat' dir='ltr'><strong>id</strong></span> <span class='ocrx_word' id='word_1_269' title='bbox 422 4940 591 5002; x_wconf 88' lang='lat' dir='ltr'><strong>succederet</strong></span> <span class='ocrx_word' id='word_1_270' title='bbox 604 4939 830 5018; x_wconf 87' lang='lat' dir='ltr'><strong>absolutumque</strong></span> <span class='ocrx_word' id='word_1_271' title='bbox 856 4948 942 5016; x_wconf 89' lang='lat' dir='ltr'><strong>esset,</strong></span> <span class='ocrx_word' id='word_1_272' title='bbox 966 4940 1120 5019; x_wconf 82' lang='lat' dir='ltr'><strong>MaJ&#39;estati</strong></span> <span class='ocrx_word' id='word_1_273' title='bbox 1142 4950 1211 5004; x_wconf 90' lang='lat' dir='ltr'><strong>tuae</strong></span> <span class='ocrx_word' id='word_1_274' title='bbox 1233 4940 1397 5019; x_wconf 78' lang='lat' dir='ltr'><strong>destinavi3</strong></span> <span class='ocrx_word' id='word_1_275' title='bbox 1420 4941 1535 5018; x_wconf 87' lang='lat' dir='ltr'><strong>hocque</strong></span> 
     </span>
    </p>
   </div>
   <div class='ocr_carea' id='block_1_8' title="bbox 0 0 1797 5625">
    <p class='ocr_par' dir='ltr' id='par_1_10' title="bbox 0 0 1797 5625">
     <span class='ocr_line' id='line_1_33' title="bbox 0 0 1797 5625; baseline 0 0"><span class='ocrx_word' id='word_1_276' title='bbox 0 0 1797 5625; x_wconf 95' lang='lat' dir='ltr'><strong> </strong></span> 
     </span>
    </p>
   </div>
  </div>
 </body>
</html>
