3567 5625
200 397 207 408 ⁸
261 455 303 517 ss
644 446 787 519 queens
803 445 918 518 seiae
934 443 1103 517 mumque
1120 451 1232 503 mean

258 625 329 680 iilud
345 640 419 690 aegre
436 628 503 693 iera,
529 625 598 692 quod
614 638 710 689 paucos
728 625 865 675 admodum
887 620 994 674 lectores
1010 624 1064 675 iore
1080 624 1180 674 animus
1195 624 1336 689 presserit:
1361 621 1411 673 heu
1434 636 1511 689 quam
1530 636 1614 673 vereor

261 700 374 764 etipse,
392 711 424 747 ne
443 711 501 748 rere
519 695 630 745 divinssi
666 695 722 745 Non
739 696 857 761 equidem
874 696 975 756 ignoro,
992 708 1071 760 quam
1087 696 1164 758 pauci
1182 696 1241 758 sint,
1259 707 1324 759 quos
1342 690 1457 743 coelestis
1474 692 1537 742 haec
1554 705 1615 742 cura

259 773 364 830 tangat:
380 770 447 817 inter
463 764 539 828 mille,
557 780 621 831 qnos
639 763 797 815 familiariter
814 766 881 826 novi,
899 766 943 813 vix
961 765 1080 832 totidem,
1103 767 1166 830 quot
1185 766 1251 813 ostia
1267 764 1356 815 libeni.
1391 762 1464 824 Quae
1481 764 1571 812 raritas
1589 768 1614 811 et

260 852 309 901 me,
328 840 423 903 quippe
441 835 583 898 theologiae
601 836 728 901 escamque
744 834 840 898 linguis
857 836 1030 898 mancipatum
1049 841 1075 884 et
1091 849 1152 885 usus
1169 835 1317 884 umisa
1334 834 1414 895 magis
1432 832 1545 882 &ditum
1562 830 1613 881 ali·

260 908 391 974 quamdiu,
409 907 498 973 fateor,
515 906 794 964 emetheriabstraxit
811 912 837 956 et
853 904 937 953 adhuc
954 902 1117 967 abalienaret,
1135 905 1185 955 nisi
1203 905 1256 953 tuis
1274 904 1376 953 momds
1393 902 1462 952 velut
1473 900 1614 952 calonibus

260 978 356 1027 additis
373 991 466 1026 norum
483 979 605 1039 impetum
623 977 768 1025 sumsissem
786 983 811 1025 et
828 975 935 1025 subinde
953 971 1052 1040 aliquid
1069 975 1202 1040 temporis,
1226 972 1324 1040 reliquo
1346 971 1431 1022 studio
1449 974 1613 1038 salmasium,

259 1048 319 1097 hnic
336 1046 510 1111 impenderem
539 1046 589 1096 Sed
606 1050 663 1094 utut
678 1047 763 1107 exigui
781 1059 884 1095 numero
903 1046 962 1111 sint,
981 1049 1040 1094 tune
1053 1051 1185 1108 propterea
1201 1042 1320 1110 reliquos,
1340 1057 1446 1108 quorum
1463 1044 1539 1092 etiam
1551 1056 1614 1092 non-

259 1116 325 1167 nulli
342 1122 408 1183 sunt,
427 1119 474 1168 hoc
492 1118 558 1167 bono
577 1115 758 1166 defraudabis?
777 1117 860 1182 Erraq,
879 1116 902 1165 si
915 1120 940 1164 te
958 1116 1003 1163 uni
1021 1118 1101 1164 aetati
1119 1119 1144 1165 et
1161 1116 1221 1164 hnic
1238 1112 1288 1163 soli
1299 1111 1383 1163 seculo
1402 1114 1509 1162 scribere
1521 1112 1611 1163 credis

258 1186 417 1237 Posteritatls
434 1189 557 1237 radonem
574 1187 648 1252 habe,
666 1186 731 1235 inter
749 1200 827 1251 quam
844 1190 901 1248 post
918 1184 974 1233 iata
991 1184 1091 1234 demum
1108 1186 1201 1234 merita
1216 1183 1293 1235 laude
1311 1181 1485 1233 celebraberis.
1521 1183 1614 1244 Taceo,

258 1257 328 1321 quod
345 1255 476 1307 celebreris
493 1259 570 1307 etiam
586 1270 653 1305 nnnc
670 1257 743 1305 virus
759 1256 843 1306 adhuc
860 1269 877 1304 a
894 1256 972 1316 graus
989 1257 1040 1304 tuis
1053 1253 1191 1321 discipulis,
1209 1268 1318 1319 quorum
1333 1255 1361 1302 in
1378 1266 1480 1302 numero
1498 1267 1539 1302 me
1556 1267 1614 1315 pro·

257 1326 341 1389 titeor,
358 1329 403 1392 qui
420 1329 512 1377 absens
530 1326 561 1376 de
578 1327 683 1376 absente
700 1327 748 1375 hoc
765 1327 863 1388 passim
878 1329 934 1387 jure
951 1327 1091 1390 meritoque
1108 1326 1271 1391 iaeiozquia
1286 1337 1405 1388 praesens
1422 1324 1549 1387 praesenti
1560 1337 1614 1372 ms-

256 1400 315 1460 jora
332 1397 417 1447 oidcia
435 1398 552 1447 exhibere
568 1410 620 1446 uon
638 1409 716 1462 queo,
735 1397 775 1445 uti
792 1410 853 1445 sane
871 1394 993 1446 deberem
1030 1396 1131 1459 Debeo,
1154 1397 1273 1458 inquam,
1296 1398 1352 1458 jure
1370 1393 1544 1458 gratitudinis,
1569 1407 1614 1455 pro

258 1472 298 1516 tot
313 1470 365 1517 tuis
382 1466 471 1534 libris,
498 1468 591 1533 quibus
614 1481 654 1516 ms
675 1469 729 1527 jani
747 1466 861 1530 donasd,
884 1470 948 1528 puta
966 1463 1057 1518 Martis
1075 1464 1280 1530 Commentariis,
1305 1471 1413 1528 utraque
1430 1463 1615 1525 Stereometria,

258 1537 436 1600 liphemeride,
462 1535 612 1588 Calendario
628 1541 654 1585 et
670 1537 806 1586 severine
828 1537 906 1585 οιίιιιιι
923 1536 1100 1586 mucronis·
1118 1535 1306 1597 Oopernicanaa
1329 1535 1406 1598 priori
1429 1539 1514 1596 parte,
1542 1537 1614 1595 eujus

258 1610 420 1668 posteriorem
437 1622 488 1659 non
506 1610 561 1657 sine
578 1621 675 1656 summo
694 1606 817 1656 desiderio
836 1611 968 1668 exspecto,
994 1611 1023 1655 ut
1040 1605 1072 1655 de
1089 1613 1160 1655 motu
1177 1606 1269 1657 ‘i'errae
1286 1605 1397 1668 penitius
1414 1605 1493 1653 mam
1509 1618 1524 1652 a
1541 1604 1615 1654 theo·

257 1677 326 1727 ricae
343 1677 459 1728 doctrina
475 1680 612 1730 coniirmer.
640 1677 690 1738 Eia
706 1690 762 1742 age,
780 1690 867 1740 rumpe
884 1690 982 1742 moras,
1008 1689 1055 1726 nec
1073 1676 1168 1726 diutius
1188 1674 1257 1726 eludi
1276 1681 1363 1740 patera
1380 1688 1427 1724 nos
1444 1673 1542 1723 blantes
1560 1688 1615 1724 cor·

260 1761 312 1799 ros.
326 1745 540 1812 Reliquaingenii
557 1749 596 1796 tui
608 1752 777 1812 monumenta,
796 1746 1046 1796 utDissertationem
1064 1762 1121 1796 cum
1139 1747 1236 1796 Nuncio
1254 1746 1359 1807 alderso,
1376 1741 1492 1793 libellum
1510 1744 1540 1793 de
1552 1743 1615 1793 ilisa

258 1815 406 1884 sexangula,
425 1817 636 1867 Commentarium
654 1816 685 1865 de
702 1815 783 1867 Stella
800 1816 885 1883 Nove,
905 1820 931 1865 et
947 1817 972 1866 si
987 1817 1034 1881 qui
1051 1815 1115 1866 iorte
1132 1814 1217 1879 plures
1235 1821 1295 1865 sunt
1311 1813 1364 1881 aiii,
1383 1811 1532 1876 titulotenm
1550 1814 1614 1863 mihi

257 1886 369 1937 nondum
386 1889 455 1954 noti,
478 1889 555 1937 etiam
572 1888 717 1951 conquirere
734 1892 838 1952 estare,
862 1886 926 1936 adeo
943 1888 983 1934 tui
1000 1888 1080 1936 totius
1098 1884 1244 1949 perlegendi
1260 1900 1346 1936 amere
1363 1883 1456 1948 flagro,
1478 1890 1615 1950 postquam

257 1970 290 2005 ex
307 1957 354 2023 his,
373 1972 439 2023 quae
454 1960 509 2020 iam
526 1958 650 2021 possideo,
668 1956 817 2006 eruditionis
835 1962 895 2006 tuas
912 1954 1053 2021 aliqualem
1064 1963 1226 2020 praegustem
1243 1957 1327 2008 hausi.
1357 1955 1460 2005 Utinam
1477 1956 1543 2004 inter
1559 1969 1614 2004 cur·

257 2030 311 2076 tam
328 2026 527 2090 suppellectilem
549 2041 632 2078 msam
653 2025 759 2092 aliquod
775 2020 918 2093 antiopus
943 2027 1095 2089 invenirem,
1119 2041 1171 2093 quo
1196 2032 1222 2076 te
1246 2029 1426 2077 mmunmareri
1462 2026 1556 2088 Accipe
1573 2025 1614 2075 hic

257 2098 323 2157 grati
341 2098 429 2164 animi,
446 2113 498 2147 uon
516 2097 572 2148 dico
591 2095 766 2160 expletionem,
786 2096 831 2146 sed
847 2096 968 2146 indicium
987 2096 1084 2164 saitem,
1103 2112 1149 2162 par
1166 2098 1242 2146 hoece
1259 2094 1419 2158 globulorum
1436 2108 1611 2158 coneawrum,

257 2179 336 2228 nuper
353 2181 370 2215 a
388 2181 428 2216 me
447 2166 646 2232 exsculptomm,
669 2167 736 2232 quod
760 2167 808 2215 tibi
837 2167 988 2216 censendum
1012 2168 1131 2233 exhibeo,
1160 2169 1293 2230 obsecrans
1311 2173 1336 2216 te
1353 2179 1398 2228 per
1415 2179 1502 2215 omnes
1519 2163 1608 2214 stellas

257 2241 283 2285 et
299 2250 344 2300 per
361 2238 481 2287 honorem
497 2239 617 2287 creatoris
634 2235 748 2298 bimatu,
766 2236 830 2286 velis
846 2237 896 2286 bac
912 2238 940 2285 in
957 2241 1029 2299 parte
1044 2240 1141 2298 iurare
1177 2233 1232 2287 Scis
1250 2237 1318 2302 quod
1335 2234 1428 2285 moliar
1445 2238 1567 2298 majorem
1585 2240 1611 2284 et

256 2308 436 2357 aecmatiorem
453 2306 564 2370 globum
599 2307 744 2358 Recorderh
762 2308 847 2369 etiam
864 2306 943 2372 quod,
963 2309 1031 2356 hona
1048 2308 1247 2368 ‘l'ychonieorum
1265 2306 1400 2357 haeredum
1413 2320 1484 2371 paee,
1502 2303 1615 2370 reliqua·

233 2383 312 2425 'rum
328 2382 494 2428 mecentarum
509 2380 617 2427 irarum
638 2376 697 2426 loca
719 2390 817 2426 mecum
839 2378 1023 2442 communicare
1046 2376 1174 2440 pollicitus
1196 2378 1282 2429 meris.
1317 2379 1383 2439 Ergo
1407 2382 1448 2426 sta
1474 2377 1611 2439 promissis

257 2445 354 2508 Quodsi
372 2448 447 2497 etiam
465 2453 605 2498 exterarum
623 2444 792 2497 abotridorum
809 2445 882 2496 nobis
906 2448 1124 2509 inconspicuamm
1150 2451 1214 2498 situs
1231 2452 1257 2496 et
1274 2448 1396 2509 imagines
1413 2459 1458 2509 per
1476 2451 1502 2494 te
1520 2447 1614 2495 hahere

255 2530 362 2579 possem,
381 2517 498 2567 adderem
516 2524 542 2567 et
558 2516 626 2582 illas,
653 2524 683 2566 ut
700 2530 764 2579 opus
782 2516 893 2579 prodiret
911 2515 1060 2569 absolutius.
1096 2519 1229 2580 specimen
1247 2518 1294 2567 hoo
1311 2515 1401 2566 saltem
1419 2521 1469 2583 est,
1487 2521 1516 2565 ut
1534 2515 1613 2582 rides,

256 2589 376 2637 vastioris
392 2585 470 2652 globi,
489 2602 564 2654 quem
582 2590 686 2637 omuino
701 2588 761 2636 huic
778 2587 911 2648 prodromo
929 2588 1045 2637 comitem
1063 2589 1214 2650 subiungere
1232 2589 1324 2649 cogito,
1342 2589 1393 2636 imo
1412 2586 1490 2636 debeo
1503 2600 1535 2635 ex
1552 2584 1615 2634 liin-

256 2659 374 2707 strissimi
391 2660 441 2707 mei
458 2658 582 2722 Principis
599 2657 728 2722 mandato,
753 2657 799 2722 qui
815 2671 863 2719 me,
882 2666 939 2706 cum
957 2658 981 2706 ei
999 2656 1063 2708 iorte
1082 2656 1131 2710 hue
1148 2657 1289 2715 humenti
1306 2671 1411 2707 aeneam
1428 2654 1549 2710 tabellam
1567 2657 1614 2705 bu·

257 2725 363 2777 millime
382 2728 508 2790 oiiemem,
533 2727 567 2777 ad
584 2728 701 2791 promissi
718 2728 822 2789 maioris
840 2728 977 2776 editionem
994 2726 1128 2778 clementer
1146 2729 1294 2778 adhortatus
1312 2733 1364 2791 est,
1389 2741 1468 2792 qnam
1486 2728 1540 2776 sine
1562 2728 1614 2776 tuis

257 2797 378 2861 auspiciis
395 2803 523 2860 praestare
540 2812 647 2864 nequeo.
683 2797 778 2847 linrsns
796 2812 890 2863 quaeso
909 2801 948 2863 te,
971 2796 1025 2847 noli
1042 2813 1083 2848 me
1100 2797 1221 2852 deserere.
1256 2797 1343 2850 Scribe
1360 2797 1424 2864 quid
1443 2796 1568 2847 desideres
1585 2798 1615 2847 in

257 2881 417 2933 unoquoque·
428 2870 572 2934 anamma,
590 2882 657 2934 quaa
675 2866 799 2933 tollenda,
817 2882 884 2933 quae
902 2868 1031 2933 addenda,
1050 2882 1116 2933 quae
1134 2870 1257 2919 mumnda
1271 2869 1384 2934 judices,
1403 2873 1432 2917 nt
1449 2869 1518 2917 omni
1535 2869 1615 2917 veteri

257 2935 428 2987 Ptolemaleae
446 2937 617 3001 descriptioni,
634 2937 720 3003 quoad
738 2941 792 2998 eins
810 2939 865 2987 ilari
881 2943 977 3003 potest,
997 2940 1091 3000 optime
1109 2945 1255 3000 congruant.
1291 2940 1344 3001 Ege
1363 2936 1432 2987 solus
1455 2939 1514 2988 hnic
1530 2936 1615 2987 labori

257 3021 309 3056 non
327 3006 433 3059 sufficio.
470 3007 599 3074 Quicquid
616 3009 691 3069 indus
709 3013 760 3072 est,
779 3008 807 3056 id
824 3012 905 3056 totum
923 3009 1081 3069 Tychonicae
1099 3009 1262 3074 descriptioni
1279 3013 1411 3072 acceptum
1428 3008 1494 3071 iero,
1512 3022 1543 3057 ex
1561 3022 1615 3073 qna

258 3079 344 3126 omnia
360 3079 509 3128 transsumei
526 3084 552 3127 et
569 3079 606 3128 sio
622 3077 738 3138 etingere
756 3077 850 3144 studui,
868 3083 898 3127 ut
915 3080 1081 3128 membrorum
1099 3079 1323 3146 denominationes,
1342 3081 1375 3128 ab
1392 3080 1449 3141 ipso
1467 3084 1613 3145 usurpatae,

257 3153 381 3212 quantum
398 3148 500 3213 quidem
518 3145 639 3210 possibile
657 3152 722 3197 esset
738 3152 880 3210 manerent,
899 3149 1021 3209 imagines
1040 3163 1097 3198 vero
1115 3147 1292 3215 nihilominus,
1318 3154 1393 3212 prout
1410 3150 1439 3198 in
1457 3162 1519 3199 cavo
1536 3146 1613 3210 globo

259 3217 337 3284 decet,
356 3217 389 3266 sd
408 3232 454 3267 nos
472 3221 686 3268 oonvmtmntur:
711 3217 780 3282 qnod
797 3222 883 3266 utrum
899 3231 945 3281 per
963 3219 1049 3267 emnia
1065 3225 1194 3269 mecutm
1211 3220 1300 3270 inerim
1318 3216 1411 3284 necne,
1431 3224 1485 3269 tute
1503 3220 1614 3282 optimus

256 3288 392 3349 indicabis.
428 3287 483 3337 iioe
501 3290 567 3351 seio,
590 3288 673 3337 dextri
690 3292 716 3336 et
733 3288 829 3336 sinistri
846 3285 1032 3352 appellationes
1055 3296 1122 3338 recte
1138 3291 1243 3354 retinui,
1269 3296 1297 3339 at
1314 3291 1394 3339 antici
1410 3294 1436 3339 et
1451 3290 1544 3352 postici
1560 3302 1614 3338 non

258 3355 380 3407 similiter.
416 3357 518 3421 Semper
535 3360 611 3419 igitur
629 3371 673 3419 pro
692 3356 764 3406 dorso
782 3363 909 3423 ventrem,
936 3372 981 3421 pro
1005 3357 1117 3421 scapulis
1140 3365 1228 3423 pactus
1246 3366 1293 3413 eta
1316 3357 1456 3420 monim
1478 3360 1614 3426 oportebit,

259 3433 352 3477 veteres
371 3427 551 3491 descriptiones
568 3441 625 3477 oum
642 3429 691 3476 hae
708 3441 774 3476 nova
791 3425 960 3478 delineatione
977 3442 1034 3478 mea
1051 3429 1162 3480 conferre
1174 3429 1307 3483 volentem.
1338 3431 1439 3479 Interea
1456 3430 1518 3479 dnm
1536 3432 1614 3479 casm·

257 3499 371 3559 gationes
389 3504 447 3547 tuas
465 3504 622 3562 exspectem,
641 3498 747 3546 meditor
763 3496 862 3563 aliquid
882 3495 964 3563 aliud,
989 3499 1084 3560 pictam
1100 3498 1197 3566 scilicet
1210 3502 1369 3566 ephemerim‚
1388 3505 1417 3555 nt
1427 3501 1467 3549 ita
1477 3496 1612 3563 appellem.

200 3619 202 3622 ,
257 3567 333 3629 Quod
350 3574 379 3617 tu
395 3570 566 3618 recentissimo
585 3572 610 3616 et
627 3568 807 3617 correctissimo
819 3565 979 3631 Budolphino
997 3567 1095 3620 calculo
1112 3573 1208 3633 primus
1225 3585 1304 3634 nuper
1320 3576 1437 3620 accurate
1454 3570 1612 3633 praestitisti,

257 3636 286 3686 id
303 3652 348 3700 ego
367 3652 398 3687 ex
410 3637 587 3701 Gopernicaeis
598 3638 787 3701 hypothesibus,
806 3639 900 3688 circino
918 3643 944 3686 et
960 3638 1055 3704 regula,
1074 3642 1233 3704 mechanica,
1245 3641 1349 3704 proinde
1367 3641 1484 3690 massiori
1495 3638 1614 3690 iiinerra

257 3708 353 3757 imitari
369 3708 470 3759 anhelo.
506 3708 632 3775 Equidem
649 3706 815 3768 longitudinis
833 3714 915 3758 motus
933 3711 1010 3777 ntia,
1029 3716 1103 3773 puto,
1122 3710 1156 3760 ad
1173 3716 1282 3761 mentem
1299 3711 1423 3773 praedicti
1441 3712 1551 3759 auctoris
1569 3724 1612 3759 ex·

257 3788 346 3851 pressi,
369 3789 395 3835 in
420 3786 599 3836 latitudinibus
623 3786 728 3835 duorum
750 3786 896 3836 inferiorum
913 3775 987 3857 Q&
1007 3790 1090 3839 adhuc
1111 3791 1213 3859 haereo,
1239 3790 1357 3841 confusus
1379 3793 1418 3839 tot
1440 3787 1613 3845 reflexionuns,

259 3862 462 3929 obliquationem
480 3872 525 3916 etc
543 3866 661 3915 intricate
682 3866 796 3930 negotio;
823 3880 841 3914 a
857 3867 951 3931 quibus
973 3871 1059 3915 tamen
1076 3881 1122 3917 nos
1145 3866 1270 3935 liberasti,
1298 3870 1442 3919 acudssima
1464 3868 1613 3919 reformater

258 3937 441 4003 astronomiae,
459 3938 487 3985 in
503 3934 596 3984 Martis
614 3933 817 4000 dementante,
842 3937 888 3984 ubi
904 3937 971 3985 inter
988 3941 1070 3986 cetera
1087 3941 1281 3989 eccentricorum
1298 3937 1375 4001 plana
1386 3940 1449 3989 iacis
1467 3933 1610 3993 aarum

258 4004 340 4055 Scribi
356 4020 408 4057 uon
424 4010 520 4072 potest,
547 4010 671 4070 qnantum
688 4002 847 4072 exsultarim,
874 4005 922 4055 hoe
946 4011 990 4054 tuo
1007 4007 1109 4056 invento
1127 4008 1235 4075 primum
1252 4007 1335 4076 lecto,
1361 4009 1430 4074 quod
1447 4014 1521 4057 tanta
1539 4023 1613 4059 cruce
1668 4060 1672 4068 ,

258 4076 386 4124 cerebrum
402 4090 486 4125 meum
502 4074 633 4140 liberaris3
652 4076 765 4125 nondum
781 4080 866 4125 tamma
884 4075 943 4125 inde
961 4075 1051 4142 didici,
1072 4085 1194 4143 quantam
1210 4081 1323 4142 praecise
1340 4084 1438 4129 statuas
1455 4077 1612 4144 reliquorum

257 4152 366 4210 quatuor
382 4147 459 4195 dxam
475 4144 548 4195 illam
566 4143 764 4197 inclinationem.
800 4146 925 4209 Exspecto
949 4146 1027 4207 igion
1051 4148 1176 4198 theoricae
1198 4150 1279 4213 partis
1297 4150 1432 4200 editionem
1450 4151 1535 4198 strix
1553 4155 1612 4199 tan·

256 4217 335 4279 tisper
353 4220 497 4279 exspectare
513 4229 624 4278 posenni
660 4213 751 4264 Coram
770 4216 832 4264 heae
851 4217 937 4265 omnia
953 4229 985 4265 aa
1002 4221 1028 4267 te
1045 4216 1135 4268 melius
1154 4219 1247 4270 dirrare
1263 4218 1392 4286 licuisset,
1416 4221 1438 4270 ai
1457 4224 1517 4268 tune
1533 4220 1612 4282 buius

256 4283 416 4351 aliquamdiu
426 4287 563 4336 intermissi
579 4287 658 4336 studii
676 4299 736 4335 cura
753 4287 872 4335 severiori
887 4290 971 4335 taetm
988 4284 1100 4340 inimem.
1136 4289 1206 4339 Nihil
1223 4292 1274 4341 iere
1291 4296 1351 4341 terno
1369 4290 1522 4355 occurrebat,
1541 4290 1611 4354 quod
1631 4304 1634 4325 ¹

256 4368 287 4404 ex
304 4362 330 4406 te
347 4358 496 4423 sciscitarer,
514 4370 571 4406 oum
588 4368 706 4420 praesens
724 4362 840 4405 oretenus
857 4356 1006 4419 respondere
1024 4363 1050 4406 et
1067 4356 1171 4409 ulterius
1188 4362 1295 4410 instanti
1307 4360 1452 4410 satisfacere
1469 4360 1608 4425 potuisses;

255 4438 322 4476 nunc
339 4441 397 4476 cum
413 4429 457 4476 vix
474 4424 551 4478 semel
569 4430 646 4494 atque
663 4428 754 4476 iterum
770 4431 824 4475 toto
842 4440 908 4477 anno
925 4440 971 4489 per
986 4422 1073 4477 literas
1090 4434 1172 4479 meum
1190 4444 1263 4492 agere
1281 4430 1363 4493 datur,
1382 4428 1496 4495 quotidie
1513 4435 1553 4479 ιοι
1570 4431 1610 4478 irs·

255 4496 343 4546 sidunt
358 4499 513 4562 smigmata,
531 4510 598 4563 quae
614 4502 644 4546 tu
661 4497 840 4546 mathematica
857 4496 964 4560 sphynx
980 4496 1049 4547 solus
1067 4502 1160 4561 optime
1178 4498 1295 4550 soirerea.
1332 4500 1382 4552 Sed
1397 4500 1468 4551 rides
1485 4513 1611 4563 papyrum

254 4563 330 4627 plura
345 4582 397 4618 non
415 4581 512 4632 capere.
542 4566 607 4619 Vale
624 4569 701 4631 igitur
718 4568 794 4616 decas
811 4569 982 4617 mmouomiae
992 4567 1187 4630 pulcherrimum
1204 4576 1230 4620 et
1245 4585 1286 4621 me
1299 4571 1500 4621 commendam
1516 4570 1610 4621 babere

254 4646 336 4697 perge.
372 4638 502 4701 liirtingae
519 4639 560 4689 die
578 4638 707 4690 Passionis
725 4638 875 4689 Dominicae
893 4635 969 4692 1618.

341 4707 409 4759 Uxor
426 4722 490 4777 mea,
509 4723 577 4761 nuno
592 4722 722 4776 puerpera,
740 4707 765 4763 3.
783 4707 858 4759 liert.
876 4713 909 4760 st.
922 4722 948 4763 r.
966 4708 1046 4759 iliam
1062 4711 1147 4774 enixa,
1165 4712 1275 4761 oiddose
1292 4716 1318 4760 te
1335 4709 1438 4761 eduae

340 4812 478 4879 Sequentes
496 4814 643 4866 flchiehardl
664 4812 752 4864 literae
775 4811 1022 4876 literarumliepleri
1039 4816 1193 4865 medonem
1210 4816 1318 4881 iaciunt,
1341 4816 1369 4865 in
1393 4818 1488 4881 quibus
1510 4819 1606 4880 naras

252 4881 287 4932 ad
305 4878 469 4933 Harmoniam
485 4888 643 4935 neeemariae
660 4882 806 4934 Schiekardi
828 4881 947 4933 solertiae
972 4888 998 4933 et
1015 4887 1065 4935 arti
1082 4885 1270 4936 commendatae
1288 4890 1354 4936 sont.
1390 4886 1460 4937 ilaec
1478 4889 1546 4937 enim
1563 4904 1606 4940 re·

252 4952 356 5020 spondi
370 4953 551 5008 eemundus:
576 4953 714 5007 Plerimam
735 4952 848 5009 fidetem
871 4958 898 5005 et
921 4960 1038 5020 prompta
1060 4954 1179 5008 oiddoia
1213 4952 1309 5009 linitas
1332 4948 1456 5011 tadum
1477 4956 1565 5011 literas
1590 4974 1607 5012 a
