3567 5625
412 471 455 528 De
471 468 630 541 Figuram
646 468 869 530 Harmonicmm
885 469 1200 531 denominatione-Lib.
1218 471 1240 530 t
1439 478 1495 570 '81

153 649 244 714 udus
265 652 412 714 mutae
433 651 655 714 mathematicae
676 654 779 714 statuit
800 651 919 735 eadem
941 601 1018 732 ome
1040 654 1129 714 mom
1149 669 1202 732 per
1223 653 1321 714 omnia
1342 652 1423 714 entia
1443 670 1500 714 ra·

155 734 227 798 dunt
248 740 405 817 omniaque
426 758 446 800 a
466 757 499 802 se
519 743 656 819 gignunt,
686 741 775 802 finem
795 759 837 803 sc.
860 750 891 804 et
911 740 1071 817 inlinitum,
1098 758 1152 802 sen
1180 742 1334 801 terminum
1357 749 1387 802 ct
1407 741 1500 801 inter·

154 828 311 887 mianum:
343 828 498 889 terminum
520 829 568 890 rel
590 830 884 907 circumscriptionem
906 847 959 908 pro
980 829 1087 904 torma,
1116 830 1332 891 interminatum
1358 845 1412 908 pro
1433 844 1499 888 ma·

154 914 228 976 tesia
248 930 412 993 agnoscens
432 933 527 978 mrum
547 920 795 995 geometricarum

242 1016 447 1095 Quandtatnm
468 1040 499 1082 n.
520 1024 638 1101 propria
659 1030 727 1082 sunt
747 1021 884 1100 figuratio
907 1026 937 1083 et
957 1022 1123 1099 proportio,
1153 1019 1289 1098 figuratio
1309 1020 1499 1098 singularum,

154 1109 305 1184 proportio
324 1107 499 1186 jnncrnnm
536 1109 687 1188 Figuratio
708 1109 856 1188 perficitur
876 1110 1021 1184 terminis,
1043 1107 1123 1169 linea
1144 1125 1173 1167 n.
1197 1118 1278 1170 recta
1298 1112 1423 1187 punctis,
1446 1127 1501 1169 sn·

154 1193 288 1271 perficies
309 1196 400 1274 plana
420 1196 519 1273 lineis,
547 1214 653 1277 corpus
675 1196 883 1277 superficiebus
906 1198 1084 1270 terminatur,
1107 1197 1350 1258 circumscribitur
1372 1206 1402 1258 et
1422 1195 1501 1275 tign-

154 1289 245 1342 ratnr.
290 1280 375 1360 Quae
397 1286 486 1362 igitur
506 1283 589 1346 finita
610 1287 828 1365 circumscripta
853 1293 883 1346 et
905 1283 1031 1364 figurata
1058 1290 1139 1360 sunt,
1169 1284 1222 1345 iila
1249 1288 1337 1347 etiam
1368 1301 1502 1365 compre-

156 1369 246 1430 hendi
266 1380 366 1434 mente
386 1380 523 1451 possunt:
551 1373 665 1434 infinita
685 1383 716 1436 et
736 1373 960 1435 indeterminata
981 1379 1124 1451 quawnus
1146 1371 1218 1434 talia
1239 1373 1329 1433 nullis
1350 1375 1501 1448 scientiae,

156 1475 232 1535 qnae
255 1457 474 1522 delinitionibus
495 1469 688 1539 comparetur,
710 1461 798 1522 nullis
813 1460 1093 1522 demonstrationum
1114 1462 1263 1537 repagulis
1286 1463 1410 1522 coenari
1431 1477 1503 1538 pos·

156 1552 233 1606 sunt.
278 1545 365 1608 Prius
387 1556 487 1610 autcnr
507 1547 619 1626 figurae
641 1557 711 1610 snut
731 1553 761 1609 iu
782 1549 952 1628 archetypo,
976 1565 1064 1626 quam
1087 1551 1229 1627 inopere,
1251 1551 1330 1626 prins
1354 1551 1384 1608 iu
1405 1557 1502 1616 mente

156 1631 274 1709 divina,
305 1652 393 1713 quam
415 1639 445 1695 iu
467 1639 623 1714 creaturis3
652 1636 767 1699 disemo
795 1637 914 1716 quidem
937 1637 1062 1713 subjecti
1084 1635 1181 1710 modo,
1204 1637 1257 1697 sed
1279 1636 1381 1697 eadem
1404 1633 1502 1697 tamen

157 1723 305 1783 maentiae
326 1741 399 1786 snas
419 1724 521 1785 torma
545 1724 639 1803 Igitur
662 1727 875 1804 quantitatibus
890 1724 1027 1802 figuratio
1048 1724 1185 1784 mentalis
1208 1725 1353 1802 quaedum
1375 1727 1503 1786 essendo

156 1807 197 1883 fit,
219 1826 275 1870 sen
298 1811 473 1889 intellectio,
503 1830 604 1874 aarum
625 1813 789 1875 essentialis
818 1814 990 1874 differentia
1034 1810 1069 1871 ld
1096 1810 1188 1872 multo
1210 1815 1304 1890 magis
1326 1812 1436 1882 clarum
1458 1820 1504 1872 est

157 1911 193 1956 ex
213 1900 462 1976 proportionibus.
499 1899 574 1961 Cum
595 1917 625 1959 n.
646 1901 782 1979 figuratio
804 1901 937 1981 pluribus
959 1900 1088 1961 terminis
1109 1899 1282 1977 perficiatur,
1304 1899 1339 1962 iit
1359 1910 1393 1961 nt
1413 1918 1505 1978 prop·

156 1991 200 2044 ter
220 1984 301 2046 banc
320 1985 519 2065 pluralitatem
541 1987 677 2067 figuratio
699 1989 937 2068 proportionibus
958 1996 1068 2049 utatur.
1105 1987 1259 2065 Proportio
1282 2006 1352 2049 vero
1375 1989 1445 2067 quid
1467 1990 1506 2048 sit

156 2072 219 2133 eine
242 2077 350 2135 mentis
377 2077 507 2152 actione,
537 2075 567 2135 id
596 2094 667 2139 uero
694 2078 818 2156 intelligi
845 2076 1013 2136 nullatenus
1042 2082 1149 2152 potest
1197 2075 1300 2153 quue
1331 2079 1423 2137 etiam
1449 2074 1506 2136 boc

157 2161 290 2236 nomine,
320 2164 372 2240 qni
393 2163 605 2240 quantitatibus
635 2168 774 2226 terminos
805 2163 855 2225 dat
882 2180 936 2242 pro
966 2164 1108 2242 principio
1132 2163 1294 2239 essentiali,
1317 2166 1343 2222 is
1365 2164 1506 2242 figuratas

160 2248 340 2325 quantana
362 2250 589 2313 intellectualem
603 2255 760 2313 essentiam
774 2252 883 2313 habere
904 2254 998 2330 ponit.
1028 2250 1087 2311 Sed
1110 2265 1169 2310 non
1192 2260 1238 2312 est
1259 2269 1334 2330 opus
1349 2269 1507 2329 argumen-

159 2338 280 2412 tatione,
303 2336 418 2416 legatur
439 2346 519 2400 totus
540 2338 614 2400 liber
627 2339 739 2417 Procll3
760 2343 833 2401 satis
855 2341 1018 2418 apparebit,
1041 2339 1098 2416 ipsi
1121 2338 1297 2400 differentias
1321 2338 1507 2400 intellectua-

159 2421 202 2484 les
222 2441 321 2485 rernm
342 2429 583 2505 geometricamm
604 2443 697 2506 prope
717 2428 808 2490 inisse
832 2431 979 2506 cognitas:
1009 2428 1065 2487 etsi
1088 2425 1264 2488 uidrmatnm
1290 2427 1347 2489 hoc
1376 2427 1425 2488 ille
1447 2443 1507 2488 non

160 2511 201 2571 ita
222 2513 346 2574 seorsim
367 2515 529 2576 solitarium
551 2517 582 2575 in
604 2525 706 2594 aperto
729 2524 759 2577 et
780 2518 939 2593 conspicuo
961 2515 1059 2592 ponit,
1082 2521 1116 2573 nt
1138 2518 1227 2576 etiam
1249 2518 1420 2576 oscitantem
1443 2515 1507 2591 ejus

161 2597 334 2661 admoneat:
357 2602 423 2663 fluit
443 2621 471 2663 n
495 2602 560 2679 ejns
583 2606 676 2663 oratio
698 2604 785 2683 pleno
808 2603 890 2664 velot
911 2600 1012 2676 alveo,
1035 2603 1244 2681 copiosissimis
1266 2603 1395 2681 undique
1416 2609 1509 2662 sueta

162 2691 316 2749 sententils
337 2689 525 2752 abstrusioria
546 2689 750 2770 philosophiae
773 2690 956 2770 Platonicae,
978 2706 1052 2767 quas
1074 2691 1149 2750 inter
1171 2700 1201 2753 et
1222 2691 1279 2752 boc
1300 2699 1345 2752 cst
1364 2690 1431 2750 libri
1452 2689 1510 2749 hu·
1532 2685 1535 2696 ’

157 2775 207 2852 jus
228 2784 434 2855 argumentum
455 2778 611 2857 singulare.

246 2880 360 2942 Verum
380 2881 449 2943 buic
470 2889 571 2943 nostm
594 2882 694 2946 seculo
716 2900 775 2947 nou
797 2883 1080 2959 vaeavitbactenus,
1105 2881 1143 2943 ad
1164 2889 1225 2943 tam
1246 2882 1397 2946 recondita
1417 2897 1510 2961 pene·
1622 2950 1625 2957 ¹

161 2976 253 3031 trare:
275 2968 372 3031 lectus
395 2978 441 3031 est
461 2968 535 3032 liber
557 2970 654 3033 Procli
676 2971 764 3035 Petro
785 2972 897 3049 Remo,
919 2970 970 3033 sed
993 2970 1073 3048 qnod
1096 2971 1136 3031 ad
1157 2971 1293 3033 nucleum
1316 2972 1422 3032 attinet
1443 2970 1511 3047 pbl-

161 3055 333 3136 losepiriac,
363 3061 472 3137 pariter
494 3075 561 3119 cnm
582 3059 695 3122 decimo
718 3060 849 3123 Euclidis
871 3067 1035 3123 contemtos
1058 3065 1088 3119 et
1110 3059 1259 3136 abjectus,
1291 3061 1401 3137 quique
1430 3074 1512 3118 com·

161 3147 336 3206 meramnum
358 3149 388 3206 ln
410 3145 561 3208 Euclidem
583 3150 753 3227 scripserat,
776 3148 869 3210 veluti
891 3152 916 3210 si
939 3146 1108 3225 apologiam
1129 3162 1181 3227 pro
1204 3165 1239 3209 eo
1262 3149 1441 3227 scripsisset,
1464 3162 1513 3205 re·

58 3302 60 3309 ,
162 3231 303 3312 pudiatns
325 3239 356 3294 et
377 3234 577 3297 obmutescere
595 3236 710 3314 jomus,
739 3238 850 3298 irritata
871 3252 943 3297 nero
965 3236 1071 3295 intensi
1094 3236 1221 3295 censoris
1242 3236 1286 3295 ira
1309 3237 1337 3293 in
1360 3232 1513 3293 Euclidem

162 3329 299 3382 nircum
321 3323 424 3400 vertit,
447 3323 602 3384 damnatus
624 3331 669 3385 est
690 3327 781 3386 atroci
804 3326 950 3386 sententia
971 3321 1101 3382 Euclidis
1124 3324 1262 3393 decimus,
1284 3332 1318 3382 nt
1340 3339 1376 3382 ne
1399 3320 1515 3397 legere·

162 3415 216 3485 tar,
241 3411 293 3486 qni
315 3408 409 3472 leotns
429 3411 655 3489 intellectusque
682 3412 885 3492 philosophiae
910 3412 1051 3490 mysteria
1083 3411 1210 3487 pandere
1239 3417 1363 3488 poteret.
1408 3407 1515 3484 Legite

164 3510 275 3573 quaem
298 3498 390 3558 verba
411 3496 506 3575 Remi,
529 3500 637 3575 quibua
660 3499 710 3560 ilie
732 3501 804 3560 nihil
826 3517 957 3578 unquam
978 3496 1126 3574 indignius
1148 3498 1243 3559 Ramo
1266 3496 1395 3578 protulit,
1419 3495 1515 3556 Scho-

162 3584 256 3645 larom
270 3582 367 3648 Mati.
390 3585 441 3647 lib.
465 3590 523 3646 21:
549 3578 690 3659 Materiae,
712 3589 816 3669 inquit,
839 3592 942 3649 decium
954 3589 1026 3647 tetro
1033 3593 1182 3662 proposito
1201 3605 1232 3646 eo
1253 3588 1334 3646 modo
1349 3593 1389 3644 cet
1400 3584 1515 3657 audita,

161 3684 193 3735 et
214 3678 248 3733 iss
270 3678 401 3735 bream
421 3678 509 3735 iitcrt'e
532 3685 614 3750 utque
636 3679 745 3736 undas
766 3679 881 3736 andem
904 3680 1097 3739 obcoenitatem
1122 3693 1259 3749 nmquam
1281 3673 1516 3746 deprehenderim,

163 3757 359 3814 Mateta
375 3757 436 3814 dico
453 3774 512 3815 aon
529 3759 569 3814 od
584 3758 801 3831 eudemum,
825 3757 892 3829 potu
904 3760 1065 3830 peroptat
1081 3757 1212 3814 Euclides
1235 3754 1278 3823 (id
1294 3772 1321 3810 a.
1339 3755 1381 3808 orl
1397 3752 1518 3808 ledonis

162 3842 189 3891 at
204 3836 356 3906 Μ,
372 3835 404 3891 id
419 3836 515 3906 coisse
535 3839 609 3909 puod
626 3839 704 3896 odeat
720 3838 844 3910 medeae
856 3854 991 3910 procerus
1009 3846 1060 3909 est,
1078 3836 1262 3903 intuentibus,
1277 3832 1367 3904 poerit
1385 3847 1441 3887 esse
1453 3846 1517 3901 per-

160 3914 310 3985 vum),
328 3914 375 3970 aa
393 3914 432 3971 au
444 3917 667 3987 ommam
678 3919 793 3988 peneus
809 3923 835 3974 a
852 3917 1066 3988 memnonem,
1090 3917 1151 3988 que
1167 3916 1232 3983 aaa
1252 3914 1290 3969 or
1312 3918 1338 3968 a
1358 3926 1426 3967 aas
1442 3910 1519 3980 oport

156 3995 332 4065 Μυσίαι,
350 4010 420 4064 quoe
435 4011 545 4068 gemo,
563 3995 672 4067 specics,
690 3996 861 4064 differentiae
877 3996 934 4052 siat
945 4011 1038 4051 rerum
1050 3996 1248 4064 mmmm:
1264 3991 1335 4049 urbii
1351 4008 1379 4047 re
1396 4004 1519 4060 unum

161 4078 221 4129 m
237 4072 383 4141 coemat
398 4075 441 4131 ecl
456 4075 609 4133 inmittam
633 4075 686 4147 ieci
707 4076 750 4131 eei
767 4074 870 4131 cadim
908 4073 983 4145 Quin
1006 4076 1165 4146 moestitia
1181 4071 1372 4144 Pytbaport'ea
1394 4070 1427 4126 in
1448 4069 1520 4125 tone

160 4161 245 4232 guad
260 4173 370 4230 epm
386 4160 502 4219 munao
517 4162 644 4219 uideatur
660 4168 708 4218 etc
737 4158 777 4218 At
799 4156 904 4231 hercle,
926 4156 1031 4238 Rame,
1053 4161 1111 4218 nisi
1129 4159 1252 4217 nimium
1272 4153 1389 4215 facilem
1411 4151 1450 4212 ed
1472 4154 1520 4210 in·

161 4239 359 4319 teiiigcndum
378 4242 457 4304 bunc
477 4242 584 4305 librum
598 4244 780 4321 credidisses,
804 4261 956 4321 nunqnam
979 4253 1091 4306 tantam
1114 4245 1322 4306 obscuritatem
1336 4241 1443 4300 luisses
1465 4256 1518 4297 ca·

160 4328 336 4390 lumniatos.
382 4329 497 4394 Labore
518 4332 630 4411 majora
660 4349 735 4411 opus
757 4341 817 4408 eat,
847 4335 946 4410 quiete
969 4349 1044 4413 opus
1066 4340 1125 4408 est,
1160 4328 1356 4392 sollicitudine
1379 4344 1452 4407 opus
1475 4332 1520 4385 est

161 4427 194 4477 ct
216 4418 382 4478 munuum
404 4421 561 4500 praecipua
586 4422 707 4498 mentia,
737 4420 830 4482 donec
853 4418 1083 4500 comprehendas
1110 4420 1254 4480 intentum
1275 4416 1439 4495 scriptoris:
1468 4412 1520 4472 ubl

162 4521 202 4566 eo
224 4504 314 4564 tuerit
336 4507 419 4565 enisa
439 4524 521 4569 mens
542 4524 694 4586 generosa,
716 4515 779 4569 tum
801 4506 918 4568 demum
941 4525 1007 4570 sese
1032 4506 1194 4567 inlumina
1218 4498 1285 4565 deri
1315 4503 1426 4562 vmsari
1455 4516 1520 4559 cer·

159 4608 248 4667 nens,
270 4590 435 4652 incredibili
457 4595 609 4674 voluptate
631 4594 813 4674 pertunditur
828 4595 979 4657 exsultans
1001 4602 1032 4656 et
1052 4593 1091 4654 ab
1112 4593 1165 4656 illa
1179 4592 1270 4654 veluti
1284 4588 1405 4669 specula
1426 4594 1520 4658 totum

159 4676 308 4742 mnndum
332 4696 492 4759 omnesque
513 4682 579 4760 ejus
599 4685 726 4764 partium
749 4683 927 4745 maurentius
942 4684 1126 4745 exactissime
1140 4681 1287 4761 perspicit
1319 4677 1360 4736 at
1381 4675 1447 4754 tibi,
1468 4677 1520 4752 qni

158 4768 224 4828 boc
244 4765 312 4827 loeo
335 4776 491 4846 patronum
512 4773 576 4848 agis
599 4773 782 4849 ignorantiae
804 4771 947 4849 vulgique
975 4771 1139 4844 hominurn,
1169 4768 1252 4829 lucra
1280 4765 1462 4843 captantium
1484 4780 1521 4824 ex

160 4856 290 4917 omnire
303 4853 413 4931 diuina,
435 4856 573 4934 bumana,
595 4861 682 4921 robis
704 4860 824 4937 inquam
846 4863 905 4920 eint
927 4861 987 4919 ista
1000 4854 1412 4939 „prodigiosasopbismata“,
1436 4851 1522 4911 robis

159 4944 251 5021 „otio
279 4941 367 5004 inerit
388 4943 525 5009 Euclides
553 4947 778 5027 intemperanter
804 4948 946 5023 ebusus“,
974 4948 1062 5011 robis
1091 4946 1247 5023 „acumina
1277 4944 1336 5002 ista
1361 4939 1458 4999 locum
1489 4941 1518 4997 lu

220 5050 317 5104 teplart
330 5051 404 5105 opere
417 5054 444 5096 V.
1347 5046 1366 5107 6
