3567 5625
245 332 309 392 aaa
656 317 980 389 communicantes
1000 278 1179 377 numanae

330 503 416 567 Haec
438 502 513 564 adeo
537 508 702 573 causaest,
725 516 776 560 cur
798 499 1005 576 dodecagouus
1026 503 1212 578 potissimum
1234 503 1335 577 gignat
1350 504 1501 579 depactum
1515 501 1597 562 vali-

246 593 332 663 dum,
359 597 390 650 et
419 607 477 649 uon
505 592 607 667 gignat
636 591 795 648 sectionem
824 588 1038 662 harmonicam,
1069 589 1167 649 idest
1199 592 1420 650 consonantiam
1443 588 1596 666 triplicem,

245 682 316 740 licet
336 681 441 756 gignat
463 678 632 753 simplicem.
677 676 752 734 Nam
774 675 923 735 residuum
950 680 999 749 ll,
1023 676 1123 736 ablata
1145 676 1326 749 duodecima,
1350 677 1473 754 impedit
1487 680 1597 737 sectio·

246 786 314 827 nem
335 766 551 837 harmonicam,
580 781 640 824 uon
662 762 784 840 impedit
807 763 1011 823 eilicucitatcm
1034 767 1126 841 partis
1148 764 1347 824 duodecimae.
1392 764 1452 824 Sed
1480 763 1516 825 de
1540 765 1598 824 boc

243 857 307 932 jam
328 852 418 930 paulo
442 860 510 931 post
531 852 616 930 plura
639 851 743 910 dicam.

333 941 408 1001 Nam
429 949 463 999 ut
486 957 571 1014 vera,
601 939 811 1000 mathematica
833 946 863 998 et
885 938 1013 999 causalis
1036 941 1143 998 existat
1171 942 1351 1017 comparatio
1374 938 1599 999 concordantia·

247 1049 310 1089 rum
333 1045 399 1088 cum
421 1029 598 1106 aspectibus,
621 1027 709 1104 plane
732 1025 920 1086 evertendum
944 1034 989 1088 est
1011 1029 1144 1099 axioma,
1168 1029 1277 1104 quippe
1300 1026 1380 1102 quod
1403 1042 1460 1085 non
1483 1036 1599 1086 tautum

248 1127 292 1178 est
314 1114 501 1189 insufficiens,
524 1115 576 1173 sed
599 1117 689 1175 etiam
710 1115 827 1172 ueritati
849 1132 865 1174 e
886 1115 1030 1193 diametro
1046 1117 1230 1174 contrarium.
1275 1115 1381 1173 Nullus
1401 1117 1477 1173 enim
1492 1131 1599 1191 aspec-

247 1214 294 1264 tus
317 1205 433 1280 proprie
456 1200 612 1279 respondet
633 1201 688 1261 ulli
718 1200 944 1262 concordantiae
966 1203 1086 1274 minori,
1117 1209 1321 1279 praeterquam
1350 1205 1503 1278 oppositus
1526 1219 1600 1261 cou-

247 1292 415 1352 cordantiae
439 1289 591 1367 diapason,
615 1288 667 1349 sed
689 1287 866 1365 respondent
888 1290 996 1366 singuli
1020 1290 1234 1349 concordandis
1256 1290 1430 1366 majoribus,
1454 1292 1599 1349 minorum

248 1381 354 1453 sociis,
377 1396 415 1437 ex
437 1380 514 1453 triga
536 1379 674 1436 sectionis
697 1377 936 1453 uniuscujusque.
980 1378 1122 1437 Nimimm
1147 1386 1284 1453 aspectus
1306 1375 1424 1453 quidem
1453 1377 1599 1436 deliniun-

248 1476 295 1526 tur
317 1467 475 1542 segmentis
500 1464 601 1525 circnli
622 1463 744 1535 iisdem,
773 1465 880 1539 quibus
902 1473 932 1525 et
956 1467 1083 1541 majores
1106 1464 1344 1538 concordantiae,
1372 1467 1498 1524 minores
1527 1483 1598 1524 vero

249 1553 473 1615 concordantiae
496 1552 596 1612 circuli
618 1549 750 1613 residuis.
792 1551 885 1611 Verbi
908 1568 1013 1626 causa,
1047 1555 1179 1628 trigonus
1202 1560 1338 1629 aspectus
1361 1569 1419 1611 non
1441 1553 1600 1629 respondet
1632 1586 1635 1599 ·

249 1640 473 1701 concordantiae
496 1639 649 1717 diapente,
679 1638 732 1699 sed
762 1637 904 1716 diapason
934 1640 1138 1717 epidiapente3
1170 1640 1331 1715 quadratus
1359 1657 1417 1697 uon
1441 1640 1600 1715 respondet

253 1729 449 1799 diatessaron,
480 1726 531 1787 scd
554 1726 760 1803 disdiapason3
784 1725 915 1804 quintilis
937 1746 995 1787 nou
1019 1731 1121 1788 tertiae
1144 1727 1248 1800 durae,
1278 1726 1331 1787 sed
1359 1730 1538 1804 compositae
1562 1747 1599 1788 ex

131 1814 138 1829 ¹
249 1817 305 1877 hac
328 1824 358 1876 et
380 1832 416 1875 ex
439 1815 646 1891 disdiapason3
670 1813 782 1872 sextilis
803 1831 861 1873 non
884 1816 986 1874 tertiae
1010 1815 1100 1888 molli,
1123 1816 1174 1874 sed
1193 1815 1380 1891 disdiapason
1397 1815 1597 1891 epidiapente3

250 1903 414 1980 biquiutilis
437 1920 496 1961 uon
519 1911 620 1961 sextae
644 1901 748 1973 durae,
777 1909 921 1978 utsupra
943 1904 1150 1979 opinabamur,
1178 1902 1230 1962 sed
1252 1905 1430 1979 compositae
1453 1920 1491 1961 ex
1511 1907 1600 1964 tertia

251 1991 324 2079 dura
346 1997 376 2050 et
397 2008 433 2049 ex
457 1992 613 2066 diapason,
636 1987 813 2065 sesquadrus
835 2006 892 2049 non
916 1999 1017 2050 sextae
1040 1989 1131 2064 molli,
1153 1990 1204 2049 sed
1228 1993 1407 2067 compositae
1430 2008 1465 2049 ex
1488 1989 1597 2051 diates·

251 2095 338 2138 sarou
362 2086 391 2137 et
414 2095 450 2136 ex
471 2078 629 2153 diapason,
652 2084 685 2133 nt
706 2084 789 2152 patet
812 2095 848 2137 ex
862 2076 965 2136 eadem
980 2080 1116 2154 utrinque
1131 2080 1319 2155 proportione
1334 2081 1426 2153 partis
1441 2076 1479 2136 ad
1495 2086 1596 2140 totum.

338 2164 373 2222 In
395 2165 451 2224 hec
472 2168 560 2242 igitur
582 2163 839 2240 correspondentia
861 2164 959 2224 nullus
983 2174 1145 2225 occurreret
1161 2165 1226 2223 linis
1241 2175 1421 2242 aspectuum,
1445 2182 1511 2224 cum
1529 2184 1597 2225 ma-

250 2253 329 2330 jores
359 2253 584 2312 concordantiae
612 2250 743 2310 infinitae
773 2253 850 2326 siut3
880 2259 911 2311 et
940 2255 990 2329 qui
1020 2252 1075 2313 bac
1097 2250 1163 2312 sola
1184 2270 1274 2312 causa
1300 2256 1443 2322 nituntur,
1476 2270 1513 2311 ex
1539 2272 1600 2329 qua
1647 2309 1650 2317 .

252 2338 404 2399 stabiliant
425 2339 642 2416 semiquadmm
665 2344 832 2415 aspectum,
861 2342 932 2415 quia
953 2341 1088 2399 nimirum
1118 2339 1168 2399 illc
1197 2340 1353 2415 respondet
1375 2339 1599 2403 concordantiae

252 2427 463 2504 trisdiapason,
496 2429 712 2488 excusationem
741 2422 853 2485 nullam
874 2427 999 2500 babent,
1032 2430 1101 2503 quin
1124 2435 1154 2487 et
1181 2427 1304 2489 decilem
1327 2431 1468 2504 recipiant
1497 2436 1527 2487 et
1546 2432 1600 2487 tri-

253 2513 375 2575 decilem
398 2523 429 2573 et
450 2514 613 2592 vigintilem
636 2520 666 2573 et
687 2513 827 2590 plurimos
850 2513 934 2589 alios,
957 2532 1031 2591 quos
1046 2523 1143 2574 mmen
1157 2515 1309 2588 rejiciunt3
1331 2515 1510 2591 respondent
1525 2520 1601 2576 enim

253 2610 283 2663 et
303 2602 335 2660 bi
356 2603 417 2661 suis
441 2601 655 2662 concordantiis
677 2601 847 2676 majoribus,
869 2619 945 2677 quae
967 2604 1055 2661 toties
1078 2602 1264 2662 accumulant
1286 2620 1373 2662 unam
1397 2590 1532 2663 octavam
1550 2605 1600 2662 ul-

256 2692 356 2763 terius,
381 2693 497 2765 quoties
519 2690 626 2748 divisio
649 2689 750 2747 circuli
772 2688 904 2765 duplicat
925 2706 1078 2749 numerum
1099 2690 1275 2767 portionum.

341 2774 420 2853 Quid
449 2779 538 2854 igitur
570 2786 615 2837 est
644 2774 735 2848 illud,
758 2776 837 2854 quod
868 2785 976 2836 metam
1004 2779 1088 2854 ponit
1117 2794 1237 2837 numero
1267 2778 1463 2854 aspectuum?
1495 2784 1525 2836 et
1551 2794 1601 2837 cur

254 2865 352 2924 nullus
374 2865 608 2946 semiquadretus
632 2864 679 2923 vel
702 2865 807 2938 octilis,
829 2863 928 2923 nullus
951 2864 1052 2925 ducilis
1075 2867 1122 2924 vel
1145 2864 1299 2937 tridecilis,
1322 2868 1379 2923 nisi
1401 2875 1514 2925 tantum
1536 2876 1602 2940 psst

254 2951 406 3030 principia,
429 2951 645 3013 introducitur?
668 2968 719 3011 cur
740 2951 918 3027 maquadrus
940 2956 1053 3012 musica
1068 2956 1242 3029 cognatione
1257 2953 1429 3012 nobilitatus
1451 2954 1498 3012 vel
1515 2957 1601 3012 onit-

255 3043 326 3099 titur
348 3038 397 3098 vel
418 3040 487 3099 uilis
508 3040 643 3112 babetur,
666 3040 850 3111 semisertus,
873 3041 1027 3099 inmusica
1049 3043 1228 3117 peregrinus,
1251 3057 1309 3100 uon
1325 3043 1460 3101 inseritur
1482 3049 1600 3115 tanum,

256 3127 309 3188 sed
332 3134 361 3187 et
382 3130 458 3187 inter
480 3130 589 3204 primos
612 3126 797 3185 ostentatur?
841 3125 918 3201 Quia
938 3145 998 3186 non
1021 3130 1134 3188 musica
1155 3128 1260 3187 iormat
1282 3137 1432 3205 aspectus,
1455 3127 1508 3188 sed
1530 3146 1601 3204 ger·

254 3216 360 3275 metria
381 3222 536 3292 utrumque
559 3230 666 3292 genus,
698 3214 764 3272 aliis
795 3222 892 3273 minen
920 3213 1035 3291 legibus
1066 3214 1163 3286 illam,
1196 3216 1262 3275 aliis
1292 3216 1356 3275 bos.
1402 3215 1454 3274 Est
1475 3217 1553 3275 enim
1573 3226 1602 3276 et

255 3303 456 3362 harmonicum
484 3305 515 3361 in
536 3303 662 3376 musica,
694 3309 723 3360 et
744 3300 846 3360 efficax
875 3304 904 3359 in
928 3305 1078 3372 meteoris,
1110 3302 1249 3379 quicquid
1271 3313 1316 3363 est
1348 3303 1481 3380 atigura
1503 3305 1601 3377 nobili,

257 3407 333 3466 quae
355 3390 516 3465 singularia
538 3391 638 3466 aliqua
660 3389 750 3448 babet
772 3390 800 3446 in
816 3393 977 3465 geometria
992 3390 1157 3468 privilegia.
1202 3389 1260 3450 Sed
1282 3400 1350 3450 suut
1365 3390 1498 3450 diversae
1512 3392 1604 3451 ualui

256 3485 370 3555 gentes,
393 3478 603 3554 meteorologia
626 3484 655 3535 et
677 3477 797 3548 musica,
822 3494 856 3535 ex
880 3477 982 3537 eadem
1005 3480 1102 3554 patria
1122 3481 1284 3555 geometria
1305 3477 1460 3552 oriundae,
1484 3496 1603 3554 quaruu

257 3564 364 3638 altera
393 3566 450 3626 boc
480 3574 523 3625 est
551 3566 754 3642 proportiones
780 3563 966 3625 harmonicae
992 3565 1043 3625 lib.
1066 3565 1128 3639 111,
1160 3557 1284 3641 patriam
1316 3564 1434 3642 quidem
1467 3567 1602 3626 circulun

257 3654 425 3713 fatebantur
448 3656 534 3729 eique
556 3671 641 3712 suam
664 3654 806 3728 originem
820 3652 953 3712 ferebant
968 3661 1128 3728 acceptam,
1152 3669 1209 3711 non
1224 3657 1320 3712 minus
1336 3671 1424 3730 quam
1440 3654 1488 3713 bic
1502 3671 1605 3730 aspec-

214 3759 218 3774 ·
257 3747 315 3813 tus,
338 3740 391 3799 sed
414 3749 511 3799 tamen
534 3733 602 3799 illae
625 3757 762 3816 egressae
786 3738 869 3798 velut
890 3757 926 3799 ex
948 3740 1065 3814 circulo,
1089 3739 1234 3800 coloniam
1257 3744 1404 3819 propriam
1426 3742 1610 3801 deduxerunt

257 3830 379 3903 suisque
409 3826 524 3902 legibus
549 3828 688 3903 degentes
715 3843 781 3885 sese
810 3836 1025 3903 propagaruut3
1056 3838 1193 3903 aspectus
1216 3831 1292 3887 intra
1315 3827 1454 3888 circulum
1483 3833 1611 3905 patriam

257 3932 344 3974 suam
374 3923 542 3988 manentes,
576 3914 691 3990 legibus
724 3930 783 3971 non
817 3913 883 3972 aliis
914 3922 1050 3989 utuntur,
1085 3933 1173 3991 quam
1208 3933 1283 3991 quas
1314 3916 1414 3975 mrculi
1442 3918 1611 3977 rotunditas

258 4004 331 4080 ipsis
360 4003 543 4079 praescribit,
576 4002 726 4061 desumtas
757 4018 794 4060 ex
823 4001 922 4077 liguris
952 4001 1049 4078 planis
1076 4003 1259 4078 regularibus
1282 4006 1417 4080 congruis
1447 4013 1478 4063 et
1500 4004 1610 4064 circulo

259 4087 454 4165 mscnptis.*)
1230 4107 1233 4112 ’

345 4175 422 4236 llam
444 4179 474 4234 in
496 4169 610 4237 musica
631 4177 857 4253 septemviratua
884 4172 936 4233 ille
958 4179 1121 4236 sectionum
1144 4180 1330 4236 constituitur
1357 4196 1394 4239 ex
1416 4181 1612 4240 matrimoniis

259 4265 362 4339 certis,
392 4267 546 4325 accessitis
573 4263 663 4325 etiam
692 4264 815 4324 leminis.
861 4261 953 4322 Verbi
975 4280 1083 4338 causa,
1114 4265 1256 4324 subtensa
1285 4267 1379 4325 tribus
1410 4269 1523 4327 octavis
1556 4286 1612 4328 seu

259 4351 345 4412 stella
375 4353 572 4429 octangularis
603 4369 638 4412 ex
668 4353 782 4410 civibus
811 4349 929 4426 quidem
959 4360 1005 4410 est
1034 4355 1063 4409 in
1085 4354 1245 4429 geometria
1275 4363 1304 4413 et
1327 4354 1419 4414 classe
1450 4354 1611 4429 figurarum

259 4440 450 4517 regularium,
473 4448 505 4501 at
532 4443 706 4517 praecipuae
738 4437 902 4497 nobilitatis
933 4456 992 4497 non
1023 4448 1076 4498 est.
1121 4440 1156 4498 Iu
1183 4443 1296 4500 musica
1328 4457 1399 4501 vero
1429 4459 1513 4502 arcus
1545 4444 1612 4518 ejus

260 4529 337 4615 (tres
360 4536 482 4591 octavae
506 4530 620 4605 circuli)
642 4528 739 4587 locum
763 4532 942 4600 estractus,
966 4532 1037 4604 quia
1059 4534 1147 4587 uatus
1169 4538 1214 4587 est
1236 4545 1272 4588 er
1289 4530 1445 4602 connubio,
1468 4547 1528 4605 quo
1543 4532 1613 4607 ple·

338 4724 362 4779 ⁸)
375 4724 436 4765 Eine
449 4725 536 4774 corrige
550 4723 606 4764 libro
620 4723 648 4764 de
662 4719 734 4765 Stella
747 4721 822 4769 uon,
841 4728 890 4774 cap.
905 4722 946 4762 tx.
959 4720 999 4761 toi.
1012 4718 1039 4760 38
1053 4721 1076 4759 et
1089 4717 1116 4759 lb
1129 4718 1169 4770 (11.
1183 4721 1243 4771 644),
1266 4723 1348 4773 quippe
1362 4733 1390 4763 ex
1403 4723 1446 4763 boo
1459 4723 1531 4770 libro,
1546 4735 1612 4775 quem

260 4778 293 4818 lbl
306 4777 345 4819 iol.
360 4778 386 4821 tt
400 4775 461 4827 (645)
475 4777 539 4818 rides
559 4779 702 4827 promissum.
730 4775 789 4818 Hluc
810 4775 877 4817 etlam
898 4775 1016 4826 suppletu
1029 4785 1078 4816 roeo
1092 4775 1170 4816 Tertia
1186 4776 1355 4827 iutewauleute
1368 4785 1482 4816 sumerum
1496 4775 1549 4816 tax
1568 4781 1612 4824 suh

261 4832 334 4878 duom
350 4832 382 4886 (l.
396 4830 454 4885 filil.)
