3567 5625
247 455 310 522 140
778 459 820 516 De
836 455 1062 530 Propertiombne

245 631 285 687 sic
303 631 384 688 etlam
402 635 580 691 consonantia
597 636 715 691 identica
738 650 792 691 aaa
811 642 854 689 est
878 640 970 689 tamen
987 635 1132 703 ιιείεοιιιιε,
1158 641 1186 689 ct
1203 649 1299 690 vocum
1316 633 1381 690 licat
1401 633 1520 691 identice
1536 651 1601 691 can·

247 714 400 769 manutium
418 715 505 769 altera
523 723 614 772 tamen
630 717 717 770 minor
736 723 786 782 est,
806 715 892 769 altera
909 716 1011 784 maror,
1038 714 1085 768 illa
1103 715 1207 770 scilicet
1225 722 1319 782 acuta,
1345 713 1413 768 baec
1430 716 1533 784 gravia
1559 717 1601 773 illi

247 807 282 845 ex
299 794 427 861 opposito
446 795 532 851 velati
549 796 731 866 respondens:
749 795 823 851 unde
841 794 1021 851 consonantia
1035 792 1103 847 haec
1121 809 1154 848 ex
1174 793 1299 862 opposito
1317 792 1436 847 identica
1452 792 1557 854 dicitnr.

339 871 431 928 Habes
450 872 532 941 igitur
556 890 667 930 causam
690 876 835 942 genuinam
858 889 892 927 ex
911 872 1043 927 diametro
1064 873 1171 942 circuli,
1196 889 1245 928 oar
1268 888 1351 926 sonus
1375 871 1493 927 chordas
1516 874 1600 929 totius

246 967 307 1005 cum
326 967 392 1005 sono
411 952 528 1008 chordae
547 952 687 1020 dimidiae,
712 953 832 1022 quamvis
851 952 922 1008 inter
940 968 969 1006 se
988 952 1087 1007 diversi
1105 953 1171 1020 sint,
1199 952 1233 1007 ab
1252 951 1345 1007 auditu
1365 958 1454 1005 tamen
1474 962 1600 1021 respecta

245 1030 497 1086 concordantiamm
520 1038 669 1086 ceterarum
693 1029 891 1101 quodammodo
917 1047 966 1100 pro
991 1031 1086 1085 eodem
1110 1030 1249 1085 habeatur.
1284 1030 1398 1086 Frustra
1420 1031 1467 1085 alii
1490 1047 1600 1087 causam

243 1107 325 1174 hujus
347 1108 575 1165 identisonautiae
600 1119 697 1180 petunt
720 1127 753 1164 ex
779 1127 890 1165 numero
915 1124 1010 1162 vocum
1029 1115 1105 1177 octo,
1133 1126 1194 1163 cum
1218 1109 1428 1165 identitonantia
1450 1112 1487 1165 sit
1503 1119 1601 1166 natura

244 1186 318 1255 prior
337 1187 469 1243 divisione
488 1189 622 1243 interualli
640 1189 770 1257 hrrjusJin
789 1189 922 1244 concinna
940 1195 1057 1258 septem,
1076 1189 1175 1259 quibus
1193 1190 1253 1244 soni
1272 1197 1333 1245 octo
1353 1190 1538 1261 designantur.

331 1265 453 1321 Nondum
473 1277 564 1324 autem
582 1276 689 1339 tempus
707 1276 761 1339 est,
787 1269 851 1324 hnic
869 1271 1063 1324 consonantiae
1084 1284 1182 1323 nomen
1202 1269 1297 1337 dandi,
1323 1270 1364 1323 uti
1381 1285 1468 1338 neque
1486 1272 1599 1328 ceteris:

241 1342 420 1401 differendum
439 1347 508 1402 enirn
527 1348 580 1402 lroo
598 1357 640 1403 eat
657 1348 686 1402 in
703 1355 786 1417 caput
804 1350 829 1402 5.
866 1349 940 1402 Nota
957 1354 1048 1402 tamen
1075 1350 1186 1413 etheo,
1214 1349 1287 1417 quod
1311 1348 1428 1404 ldentioe
1450 1357 1601 1405 consonent

243 1424 323 1478 etiam
343 1425 413 1480 aliae
431 1434 536 1493 panas,
562 1443 632 1497 quae
650 1443 704 1482 non
723 1427 928 1481 constituuntur
946 1441 996 1496 per
1013 1427 1191 1496 diametmm3
1216 1428 1264 1482 sed
1282 1443 1337 1482 non
1354 1428 1382 1481 in
1400 1428 1486 1497 primo
1504 1430 1600 1496 gradu,

242 1519 292 1558 nec
310 1511 342 1561 ut
358 1521 409 1574 per
425 1507 536 1576 figuras,
554 1508 604 1563 sed
622 1514 654 1562 nt
670 1522 721 1576 per
737 1507 973 1576 propagationem,
991 1507 1025 1562 de
1043 1523 1098 1576 qua
1116 1516 1262 1575 sequentes
1281 1514 1345 1562 snut
1361 1507 1570 1577 propositiones
1658 1531 1663 1541 ¹

328 1616 562 1696 Propositio
585 1618 625 1678 ΙΙ.
670 1618 702 1680 Si
725 1620 848 1680 duarum
871 1618 971 1679 circuli
994 1620 1121 1696 partium
1144 1621 1239 1676 minor
1262 1616 1299 1676 ad
1314 1617 1454 1693 maj0rem
1477 1621 1520 1678 sie
1542 1618 1599 1677 ba·

206 1721 208 1726 ⁴
244 1704 354 1778 buerit,
384 1713 418 1764 nt
440 1707 533 1783 major
561 1725 593 1767 se
616 1706 706 1768 habet
727 1708 765 1768 ad
789 1714 884 1766 totum
914 1706 1073 1785 circulum,
1102 1708 1290 1783 proportione
1313 1703 1373 1765 alia
1398 1723 1486 1783 qaam
1509 1706 1601 1784 dupla

243 1794 398 1867 continua,
430 1802 501 1855 tanc
522 1795 634 1873 maiore
655 1803 836 1864 consonante
859 1812 925 1855 cum
948 1793 1056 1856 cuculo
1081 1802 1161 1869 toto,
1192 1796 1285 1852 minor
1310 1811 1379 1870 pars
1410 1802 1513 1855 atoto
1536 1793 1599 1854 dis·

244 1880 370 1940 sonabit.

329 1963 398 2019 Nam
416 1972 480 2032 post
497 1965 607 2035 duplam
626 1972 668 2020 est
686 1965 778 2035 tripla,
806 1964 889 2036 tripla
907 1980 970 2019 vero
998 1966 1128 2021 continua
1150 1964 1292 2020 constitnit
1308 1961 1369 2017 loco
1387 1965 1469 2020 tertio
1492 1974 1598 2034 partem
1652 1987 1659 1992 ·

241 2043 325 2096 totius
343 2043 437 2099 circuli
455 2060 562 2112 aonam,
581 2044 723 2114 quincupla
740 2045 893 2101 vicesimam
913 2045 1042 2113 quintam,
1063 2043 1190 2113 sextuplo
1207 2041 1330 2111 implicat
1347 2059 1458 2113 nouam,
1481 2046 1598 2115 decupla

240 2119 393 2176 vicesimam
412 2124 541 2193 quintam,
559 2127 624 2193 quia
641 2127 658 2180 e
676 2125 766 2179 sexies
784 2131 849 2180 sunt
866 2124 909 2191 36,
927 2123 1000 2191 quod
1020 2129 1063 2177 est
1080 2131 1178 2191 qnater
1195 2137 1303 2188 novem,
1326 2128 1355 2176 et
1375 2123 1407 2178 10
1424 2122 1515 2179 decies
1533 2134 1598 2181 sunt

242 2204 300 2266 100,
318 2203 390 2273 qnod
409 2213 452 2260 ast
469 2213 568 2275 quater
585 2207 627 2263 25.
663 2207 701 2261 Et
719 2207 759 2261 sic
776 2206 856 2260 ctiam
875 2204 910 2261 de
927 2204 1033 2260 ceteris.
1070 2203 1155 2272 Atqui
1173 2218 1246 2258 nona
1263 2205 1291 2256 et
1308 2200 1364 2259 25²·
1382 2210 1410 2258 et
1428 2203 1529 2259 similes
1543 2204 1596 2260 dis·

241 2290 342 2339 sonant
360 2290 466 2351 atsto,
485 2302 535 2354 per
552 2286 701 2342 axiomad.
738 2285 807 2340 Vide
824 2285 894 2340 libro
912 2285 1000 2355 primo
1018 2301 1097 2355 prop.
1116 2285 1158 2339 47.

327 2376 546 2452 Propositio
568 2378 624 2436 111.
670 2376 804 2438 Obordae
828 2381 855 2435 iu
878 2380 1068 2454 proportione
1090 2379 1228 2462 ooutlnue
1250 2376 1341 2453 dupla
1366 2363 1527 2439 consonant
1550 2383 1597 2438 iu-

242 2471 286 2522 ter
306 2479 339 2525 se
363 2481 463 2523 omnes
486 2465 628 2539 identice,
652 2466 840 2526 distantiores
863 2472 961 2524 tamen
984 2465 1078 2542 mado
1101 2467 1259 2527 remotiori.

328 2548 440 2603 Habent
462 2548 534 2601 eninr
560 2548 632 2604 inter
656 2564 685 2604 se
703 2557 797 2602 mutuo
822 2555 878 2602 tres
902 2547 1042 2617 proximae
1068 2557 1099 2603 nt
1124 2555 1201 2626 totus
1225 2546 1343 2603 circulus
1368 2557 1395 2603 et
1411 2550 1551 2606 dimidium
1570 2559 1598 2607 et

241 2635 339 2696 quarta
355 2637 420 2696 pars
439 2645 469 2688 sa
487 2627 590 2682 habent
606 2628 679 2683 inter
695 2644 725 2683 se
742 2635 846 2682 mutuo.
877 2629 915 2682 At
932 2643 992 2683 cunr
1010 2634 1070 2682 toto
1082 2627 1184 2682 circulo
1201 2634 1258 2680 tam
1271 2625 1388 2694 dimidia,
1407 2645 1487 2697 qnam
1500 2637 1598 2698 quarta

242 2721 305 2775 pars
323 2715 480 2774 consonant,
500 2723 551 2775 per
568 2725 612 2762 ax.
633 2712 656 2762 i.
694 2708 761 2762 Cum
781 2708 891 2763 dimidio
910 2722 973 2761 vero
992 2714 1125 2763 consonat
1143 2713 1171 2760 et
1189 2712 1300 2775 quarta,
1319 2721 1369 2775 per
1387 2724 1430 2763 ax.
1450 2711 1476 2764 5.
1507 2710 1598 2777 Quare

241 2802 335 2840 omnes
352 2793 408 2841 tres
426 2787 567 2856 proximae
585 2789 656 2842 inter
674 2802 704 2842 ae
723 2796 881 2844 consonant.
919 2786 1041 2842 identica
1065 2801 1129 2841 vero
1147 2793 1190 2841 est
1209 2785 1387 2841 consonantia
1411 2789 1492 2844 etiam
1510 2789 1598 2858 partis

241 2870 355 2932 quartae
374 2880 435 2920 cnm
453 2870 512 2921 toto
531 2866 641 2934 circulo,
660 2867 725 2934 qnia
743 2874 817 2921 totus
835 2874 864 2921 et
881 2865 1020 2922 dimidium
1034 2867 1094 2933 ejus
1108 2873 1258 2921 consonant
1274 2864 1400 2937 identice,
1419 2882 1469 2934 per
1479 2884 1557 2937 prop.
1574 2872 1597 2924 1.

240 2943 285 2999 Sic
302 2945 385 2999 etiam
402 2960 466 3014 pars
485 2951 584 3014 quarta
601 2962 662 3000 cnm
681 2945 792 3001 dimidia
809 2962 859 3015 per
877 2945 1006 3014 eandem,
1031 2960 1115 3015 qnare
1138 2961 1188 3011 per
1205 2961 1247 2996 ax.
1266 2946 1290 2998 7.
1314 2945 1396 2999 etiam
1418 2954 1515 3012 quarta
1532 2960 1597 3015 pars

242 3040 303 3079 cnm
321 3030 380 3079 toto
399 3025 500 3080 circulo
519 3023 636 3080 identioe
654 3030 799 3087 consonat,
824 3031 852 3079 et
869 3040 920 3092 per
937 3041 980 3078 ax.
1001 3026 1025 3080 5.
1053 3022 1193 3094 quodlibet
1211 3021 1392 3092 quadruplum
1411 3041 1471 3079 cum
1490 3026 1598 3094 simplo,

325 3104 385 3158 Jam
406 3119 471 3157 vero
489 3119 560 3171 quae
573 3103 643 3158 ratio
662 3112 705 3159 est
722 3103 833 3172 primae,
852 3103 990 3159 secundae
1008 3112 1037 3157 et
1053 3103 1150 3158 tertiae
1163 3102 1414 3173 proportionalium,
1433 3103 1527 3158 eadem
1545 3107 1599 3160 erit

240 3189 268 3236 et
287 3181 431 3249 secundae,
449 3183 547 3237 tertiae
566 3189 594 3236 et
612 3191 740 3249 quartae;
759 3191 786 3237 et
805 3184 845 3236 sic
863 3180 992 3236 continue
1010 3182 1092 3237 trium
1110 3182 1182 3236 inter
1198 3195 1229 3234 se
1247 3179 1372 3235 identice.

325 3261 399 3318 licta
416 3263 500 3332 igitur
525 3262 552 3316 in
570 3260 673 3317 talibus
696 3261 840 3316 discrimen
865 3262 1061 3316 consonantiae
1084 3260 1112 3315 in
1135 3273 1247 3327 genere,
1275 3265 1303 3313 et
1319 3257 1546 3315 identisonautiae
1569 3263 1598 3318 in

242 3341 342 3413 specie.
380 3341 536 3403 consonant
554 3349 645 3408 partes
666 3351 769 3410 quarta,
789 3351 894 3404 octava
913 3341 1049 3397 sedecima
1067 3348 1096 3396 et
1113 3339 1215 3395 similes
1232 3339 1314 3392 etiarn
1326 3346 1439 3407 propter
1450 3340 1558 3396 axioma
1572 3345 1597 3397 i.

139 3462 140 3469 ,
239 3427 267 3475 et
286 3418 389 3485 ligures
407 3424 592 3486 tetragonum,
612 3428 775 3489 octogonum
795 3428 863 3491 etc,
881 3421 1000 3476 identice
1025 3425 1271 3485 rememorant,
1291 3425 1404 3485 propter
1424 3418 1599 3475 accedentem

238 3497 462 3566 propagationem
480 3499 561 3568 hujus
580 3507 672 3555 sectae
690 3499 838 3570 figurarum
857 3516 891 3555 ex
910 3499 1060 3554 bisectione
1079 3497 1180 3551 circuli.
1216 3496 1287 3551 Nam
1305 3495 1328 3550 si
1346 3498 1452 3563 absque
1465 3495 1518 3551 hac
1535 3514 1598 3565 pro·

238 3579 384 3646 pagatione
395 3579 502 3648 fnisset,
521 3596 577 3634 non
594 3579 711 3635 fuissent
728 3580 863 3634 identicae
881 3595 976 3634 earum
989 3578 1191 3634 consonantiae.
1224 3576 1290 3630 Cum
1303 3575 1374 3628 enim
1387 3574 1491 3645 flgnrae
1504 3591 1598 3633 omnes

238 3652 340 3712 iaciant
362 3658 404 3711 rel
423 3658 521 3714 multas
547 3668 639 3728 partes
660 3658 766 3725 circuli,
793 3658 816 3713 si
835 3657 975 3727 aequales,
993 3658 1035 3710 vel
1055 3653 1229 3723 inaequales,
1247 3654 1270 3707 si
1292 3661 1400 3708 tantum
1418 3653 1511 3722 binas,
1539 3672 1600 3712 cnm

239 3754 329 3793 aream
349 3730 594 3806 comprehendant,
618 3738 783 3793 neccirculi
802 3754 894 3793 aream
913 3739 941 3793 in
961 3736 1092 3805 aequalia'
1104 3735 1237 3805 dividant,
1261 3748 1312 3788 nec
1331 3750 1423 3788 earum
1444 3733 1532 3788 latera
1548 3751 1600 3806 per

240 3824 362 3873 centrum
382 3816 523 3875 ducantur.
542 3817 631 3872 necin
645 3833 675 3871 εε
688 3820 747 3886 ipsa
758 3816 889 3885 recidant,
908 3831 959 3869 nec
978 3823 1132 3882 aequentur
1143 3814 1288 3875 diametro,
1308 3812 1503 3867 consonantiae
1516 3816 1599 3871 etiam

239 3912 274 3952 ex
292 3894 387 3962 liguris
406 3895 590 3961 tetragonicae
609 3904 701 3950 sectae
727 3904 804 3950 ortae
831 3894 991 3949 dilatassent
1016 3908 1046 3946 se
1064 3892 1262 3959 quodammodo
1286 3891 1427 3945 inaudita
1450 3900 1478 3945 et
1497 3891 1598 3949 disten·

242 3974 347 4029 dissent
362 3975 479 4027 animum
498 3972 629 4027 varietate
648 3982 676 4028 ct
694 3974 850 4029 diversitate
862 3989 958 4027 vocum
972 3973 1129 4039 manifesta,
1149 3980 1180 4025 nt
1192 3971 1296 4025 iaciunt
1307 3973 1509 4041 consonantiae,
1529 3990 1599 4042 qnae

240 4060 304 4110 sunt
322 4067 338 4105 a
355 4051 450 4121 liguria
469 4052 575 4121 ceteris,
594 4064 706 4106 numero
725 4067 780 4105 non
797 4052 903 4120 pariter
920 4052 980 4119 pari
999 4051 1115 4105 laterum
1135 4049 1337 4118 constantibns3
1355 4065 1406 4117 per
1422 4067 1500 4121 prop.
1520 4057 1544 4108 1.

324 4128 388 4187 lion
407 4131 493 4185 omnis
511 4138 602 4186 tamen
626 4130 667 4185 ris
686 4129 795 4185 ademta
819 4136 862 4185 est
888 4129 952 4184 hnic
974 4129 1123 4196 figurarum
1147 4136 1238 4183 sectae
1262 4127 1383 4181 variandi
1407 4133 1599 4190 consonantias

245 4218 273 4265 et
292 4208 453 4263 deflectendi
471 4207 533 4262 illas
551 4224 567 4263 a
584 4209 705 4278 puritate
723 4207 953 4264 identisonautiae
972 4209 1058 4278 (sicut
1082 4209 1159 4278 ipsae
1183 4226 1200 4264 a
1218 4205 1392 4276 simplicitate
1415 4208 1539 4263 diametri
1556 4227 1600 4266 re·

241 4288 403 4348 cesserunt).
439 4286 558 4342 Primum
577 4288 655 4354 eninr,
676 4288 727 4342 etsi
745 4287 831 4356 partis
850 4288 945 4343 circuli
968 4305 985 4343 a
1001 4288 1090 4358 figura
1113 4289 1246 4343 rescissae
1269 4288 1448 4343 consonantia
1465 4293 1599 4347 converti-

240 4376 286 4423 tur
302 4367 331 4420 in
349 4381 451 4420 meram
469 4365 707 4422 identisonautiam
727 4369 849 4434 (propter
866 4366 965 4421 dictem
984 4368 1209 4437 propagationem
1226 4367 1342 4437 partium
1363 4365 1456 4420 circuli
1477 4384 1494 4421 a
1512 4372 1600 4437 prima

139 4470 141 4478 ¹
242 4445 360 4500 omnium
378 4444 551 4515 bisectione),
570 4454 662 4501 tamen
680 4447 781 4517 gradm
799 4446 1029 4500 identisonautiae
1047 4446 1117 4501 flunt
1129 4448 1309 4513 remotiores,
1336 4460 1444 4515 semper
1461 4449 1531 4502 eninr
1550 4459 1598 4511 mi-

242 4539 293 4577 nor
310 4538 371 4578 cnm
389 4523 513 4592 proxima
532 4541 562 4578 se
579 4524 683 4593 majore
701 4542 855 4581 consonans
874 4543 909 4580 ex
928 4526 1054 4595 opposito
1079 4526 1197 4582 identice
1219 4527 1250 4581 fit
1268 4532 1385 4599 acutior,
1411 4528 1599 4598 multiplicatis

243 4602 443 4672 oppositionum
463 4603 580 4673 uicibus,
606 4603 698 4673 itaque
717 4620 825 4674 semper
848 4613 983 4676 augentur
1007 4623 1103 4660 vocum
1124 4607 1274 4663 intervalla.
1312 4610 1449 4678 Secundo,
1473 4608 1599 4678 inparia

242 4681 348 4750 quidem
375 4689 467 4736 manet
490 4681 703 4737 identisonautia
725 4687 767 4751 (nt
789 4685 817 4740 in
842 4687 963 4740 sectione
986 4700 1035 4753 per
1059 4684 1243 4753 diametrum),
1262 4694 1291 4741 at
1313 4687 1340 4742 in
1362 4687 1473 4743 residuo
1495 4703 1598 4755 nequa·

242 4775 338 4828 qnam3
357 4757 389 4812 tlt
409 4759 480 4813 enim
503 4761 643 4815 residuum
660 4762 713 4816 hoc
731 4777 839 4830 semper
860 4763 888 4817 in
906 4764 1001 4835 figuris
1019 4765 1214 4832 posterioribus
1234 4780 1263 4820 se
1282 4765 1342 4835 ipso
1362 4766 1492 4829 deterius,
1512 4780 1597 4833 qnan-

241 4844 300 4893 tum
318 4836 352 4890 ad
370 4843 495 4893 naturam
512 4838 706 4895 harmonicam.
742 4841 796 4897 Sed
815 4840 850 4898 de
866 4842 984 4898 residuis
1002 4843 1102 4898 talibus
1122 4852 1274 4913 sequnntur
1295 4845 1495 4916 propositiones
1512 4858 1596 4914 peen·

240 4914 330 4972 larsa
366 4915 404 4971 Et
419 4917 546 4987 musam,
564 4932 619 4975 non
637 4917 697 4975 sola
714 4921 884 4993 tetragoaioa
901 4928 978 4980 secta
989 4922 1122 4981 identitas
1133 4923 1220 4994 gignit
1237 4924 1438 4991 consonantias,
1455 4921 1598 4979 sedetiam
