3567 5625
562 509 569 528 1
591 473 771 534 namanes,
806 476 890 536 biber
906 477 956 537 111.
975 478 1065 549 caput
1080 479 1104 535 1.
1316 567 1320 577 Ι
1464 482 1529 544 lb!

173 650 381 724 cognationem
410 654 440 710 in
469 653 535 715 loco
563 671 621 715 non
652 658 707 717 erit
734 657 921 734 negligenda.
965 657 1096 718 Primum
1124 661 1201 719 enim
1224 656 1332 718 batim
1352 655 1528 734 significatio

172 738 267 810 vocis,
291 743 497 814 congruentia,
526 744 550 801 si
574 745 673 802 omnia
695 748 837 818 excutias,
860 744 939 806 idem
960 755 1063 820 sonat,
1087 746 1165 823 quod
1189 744 1304 806 Graeca
1326 762 1384 805 vox
1409 745 1528 806 barmo-

173 824 234 896 nia,
258 823 295 883 de
319 828 426 901 quibus
449 829 506 889 boc
527 829 601 890 libro
624 849 754 908 memus,
778 835 834 892 nisi
857 834 937 911 quod
959 851 1029 895 nsns
1051 850 1141 894 voces
1162 832 1218 894 bas
1240 851 1256 893 a
1278 835 1365 894 rebus
1388 834 1529 910 subjectis

172 927 331 988 parumper
353 913 494 989 distinxit,
519 917 622 978 deinde
646 924 837 998 congruentia
859 922 1016 997 figurarum
1039 922 1175 981 conciliat
1193 923 1322 981 motibus
1345 917 1528 1003 (dequibus

172 998 231 1056 boc
254 1007 284 1058 et
306 1003 409 1076 quinto
432 1001 524 1086 libro)
547 1005 676 1085 aliquam
700 1003 929 1087 congruentiam.
974 1009 1074 1070 Tertio
1097 1012 1151 1069 etsi
1174 1027 1232 1068 nnn
1259 1017 1320 1068 tam
1344 1007 1382 1068 ad
1404 1007 1528 1085 liguram

172 1092 265 1144 totam
287 1090 471 1166 respicimus,
492 1110 580 1169 quam
603 1093 641 1154 ad
664 1114 753 1157 unum
776 1098 841 1174 ejus
863 1097 942 1157 latus
966 1114 1112 1174 quamque
1134 1096 1164 1156 id
1187 1104 1297 1176 partem
1320 1094 1467 1170 rescindit,
1492 1113 1528 1157 ca

173 1190 304 1233 consona
327 1186 388 1254 est3
412 1187 443 1238 at
465 1180 551 1240 simul
573 1190 602 1242 et
623 1182 680 1243 hoc
702 1203 813 1256 verum,
838 1185 918 1263 quod
939 1202 998 1245 non
1020 1192 1080 1245 tam
1103 1183 1133 1243 id
1156 1184 1388 1258 consideremus,
1416 1190 1527 1261 quanta

172 1279 241 1339 pars
265 1264 366 1324 circuli
387 1268 426 1326 sit
449 1270 623 1348 intercepta,
654 1279 741 1348 quain
765 1272 929 1350 cujusmodi
952 1272 1046 1350 ligura
1068 1272 1098 1332 id
1120 1274 1158 1332 sit
1184 1272 1310 1344 iactum,
1342 1270 1526 1332 demonstra-

171 1350 225 1408 bili
247 1357 278 1409 et
300 1369 429 1428 congrua
451 1373 488 1416 an
512 1360 666 1420 contraria.
711 1359 786 1419 Nam
808 1360 903 1437 ligura
924 1360 1074 1437 quaelibet
1095 1378 1133 1421 cx
1154 1360 1271 1437 angulis
1292 1361 1369 1431 suis,
1400 1376 1437 1420 ex
1459 1361 1528 1434 qni-

171 1438 228 1497 bus
250 1438 327 1500 libro
342 1440 382 1504 11.
406 1446 624 1519 congruentiam
647 1449 833 1521 sortiebatur,
857 1446 966 1527 adepta
988 1458 1034 1509 est
1055 1456 1086 1508 et
1110 1448 1389 1508 demonstrationem
1410 1446 1526 1507 libroL

170 1526 239 1586 Non
263 1536 309 1587 ost
332 1530 420 1605 igitur
442 1532 480 1592 ab
502 1531 662 1594 harmoniis
684 1535 859 1596 auferendus
881 1544 1032 1614 respectus
1055 1538 1264 1614 congruentiae
1286 1534 1454 1611 liguarum

257 1669 492 1750 Propositio
515 1672 538 1731 Ι.
583 1675 706 1736 Dimidii
729 1695 795 1737 cum
818 1684 880 1738 toto
904 1680 1098 1738 consonantia
1120 1684 1188 1756 post
1210 1677 1367 1736 unisonum
1397 1674 1463 1736 sols
1484 1681 1529 1736 est

172 1761 201 1816 in
222 1758 319 1836 primo
342 1758 450 1837 gradu,
473 1761 613 1839 simplex,
635 1766 766 1842 perlecta
788 1773 817 1826 et
839 1766 983 1839 identica,
1006 1766 1118 1826 scilicet
1139 1782 1175 1825 ex
1199 1765 1345 1844 opposito.

258 1864 325 1916 iiam
344 1860 417 1929 qnod
434 1862 579 1929 figuratum
598 1870 650 1934 cst,
668 1864 697 1919 id
715 1881 748 1920 cx
768 1865 883 1921 diversis
901 1873 944 1920 est
962 1865 1157 1937 compositum,
1176 1881 1231 1921 non
1248 1864 1333 1933 igitur
1350 1864 1393 1919 val
1412 1864 1528 1935 simplex

169 1941 212 1995 'rel
236 1939 394 1996 identicam.
429 1941 532 2010 Figura
558 1942 628 1997 enim
653 1945 735 1999 habet
756 1960 847 1999 aream
874 1951 904 2000 at
928 1952 1021 2015 partes
1039 1944 1186 2004 secundam
1205 1960 1265 2000 eam
1290 1951 1319 1998 et
1341 1943 1454 2012 angulos
1472 1943 1526 1999 situ

171 2017 336 2074 differentes.
373 2018 451 2088 Quod
469 2035 533 2075 vero
548 2020 694 2089 liguratnm
712 2039 768 2077 non
785 2030 840 2092 cst,
864 2023 938 2095 quod
957 2022 1061 2078 scilicet
1078 2037 1159 2078 areae
1176 2020 1322 2077 latitudine
1340 2029 1417 2077 caret
1439 2029 1468 2078 et
1485 2038 1528 2078 se·

169 2097 288 2151 cundum
311 2113 370 2152 eam
394 2108 422 2152 et
445 2099 567 2168 partibus
591 2107 619 2153 et
643 2101 762 2170 augulis,
787 2102 908 2158 existens
934 2118 990 2158 una
1012 2117 1088 2160 mera
1109 2099 1183 2157 linea
1199 2106 1276 2156 recta
1300 2113 1388 2170 eaque
1405 2100 1528 2170 aequalis

169 2184 314 2224 mensurae
333 2169 505 2238 propositae,
522 2170 550 2225 id
570 2172 603 2225 ob
622 2171 691 2227 baec
708 2171 769 2240 ipsa
787 2181 815 2226 et
833 2172 948 2243 simplex
967 2178 1010 2228 cst
1033 2179 1061 2228 et
1078 2170 1151 2226 idem
1170 2187 1231 2226 cum
1249 2187 1389 2235 mensura,
1413 2173 1467 2227 hoc
1485 2178 1529 2229 cst

168 2249 325 2305 identicam.
361 2247 511 2305 illiusmodi
528 2266 592 2304 vcro
616 2259 680 2306 sunt
697 2251 802 2322 figuras
818 2252 958 2321 regulares
984 2247 1086 2307 circulo
1104 2252 1269 2322 inscriptae,
1294 2250 1453 2321 hujusmodi
1471 2251 1528 2310 slis·

170 2335 255 2381 meter
272 2328 375 2383 circuli.
413 2333 437 2396 il
454 2330 616 2399 Figurarnm
633 2332 704 2386 euim
724 2333 814 2387 omnia
831 2333 919 2387 latera
937 2330 1086 2387 deflectunt
1102 2330 1255 2401 aequaliter
1272 2338 1407 2400 econtra,
1426 2329 1527 2387 diame-

168 2417 210 2462 ter
227 2422 280 2477 per
296 2407 386 2478 ipsum
404 2417 524 2465 centrum
545 2411 673 2467 ducitur·
696 2412 723 2479 2)
742 2414 862 2481 Mentor,
880 2411 1013 2468 circulum
1030 2411 1064 2465 ab
1085 2427 1140 2466 uno
1156 2415 1260 2481 puncto
1278 2409 1440 2466 comittere
1457 2409 1526 2479 tigu-

167 2503 213 2542 rae
232 2486 371 2552 dividam,
397 2488 443 2542 nbi
461 2489 612 2557 perrexerit
633 2489 686 2545 hoc
710 2490 836 2547 iaciendo
867 2491 1029 2560 aliquoties,
1053 2490 1094 2547 sic
1110 2490 1222 2546 nudem
1245 2505 1308 2546 cum
1323 2488 1412 2546 altero
1430 2490 1526 2546 lateris

168 2567 285 2623 armine
303 2565 374 2621 redit
392 2565 426 2621 ad
444 2575 575 2636 punctum
593 2567 722 2637 primnm3
742 2568 873 2628 diametm
891 2586 964 2638 vero,
983 2576 1166 2639 porcastrum
1178 2569 1267 2639 ipsum
1279 2568 1421 2632 musicus,
1438 2568 1528 2636 prima

168 2645 260 2697 statim
278 2645 442 2712 repetitione
459 2646 529 2701 redit
548 2647 582 2702 ad
600 2647 704 2703 initiale
721 2657 861 2718 punctum.
897 2650 922 2716 :ii
940 2649 1059 2717 figurae
1075 2647 1198 2715 reliquae
1218 2651 1246 2701 et
1262 2645 1459 2718 longitudinem
1477 2645 1526 2703 lis·

168 2726 233 2779 bant
250 2725 369 2780 laterum
388 2733 415 2779 et
433 2726 604 2795 superficiem
623 2743 716 2794 areae,
741 2721 822 2796 quam
840 2728 1023 2796 circumdatum
1051 2729 1180 2784 diameter
1202 2725 1304 2781 nullam
1326 2724 1403 2795 plani
1419 2729 1526 2794 partam

167 2802 339 2859 circumdem
356 2803 541 2875 includemus,
560 2805 767 2876 repetitionibus
784 2807 891 2863 iteratis
909 2807 937 2862 in
955 2824 986 2864 se
997 2807 1085 2877 ipsam
1103 2806 1225 2863 secunda
1236 2804 1294 2862 vice
1311 2812 1371 2862 tots
1388 2802 1525 2860 coincidit.

168 2886 191 2949 il
209 2883 331 2951 Figurae
354 2891 461 2939 ceterae
482 2886 612 2941 circulum
637 2885 788 2943 dividentes
812 2887 922 2956 iaciunt,
934 2892 1028 2956 partes
1045 2886 1162 2955 multss3
1188 2885 1320 2941 diameter
1343 2881 1410 2940 facit
1430 2889 1525 2952 partas

167 2961 276 3018 minimo
296 2962 414 3017 omnium
432 2958 555 3028 numero,
573 2980 610 3017 sc.
630 2963 838 3032 tantominus,
862 2979 913 3019 nec
931 2962 1002 3020 euim
1026 2964 1161 3034 partitnrs
1182 2970 1272 3022 totum
1296 2962 1441 3031 pannosas
1459 2961 1525 3017 dna·

168 3041 217 3095 bns
238 3039 334 3096 iacere
349 3041 457 3096 omnino
475 3041 574 3111 potuit
610 3044 636 3108 b)
656 3042 778 3110 Cumque
795 3040 927 3097 diameter
944 3042 981 3097 sit
997 3042 1045 3097 ills
1062 3059 1198 3112 mensura,
1216 3041 1252 3099 ad
1264 3056 1347 3111 quam
1357 3040 1445 3097 latera
1456 3041 1525 3112 lign-

168 3138 259 3179 rsrum
276 3121 461 3190 comparanda
486 3128 551 3176 sunt
573 3122 691 3178 notionis
716 3131 744 3176 et
761 3121 1000 3178 demonstrationis
1018 3138 1115 3192 causa,
1140 3123 1228 3179 latera
1248 3120 1359 3193 quidem
1375 3120 1524 3191 mmmm

166 3203 332 3272 reliquarum
356 3202 498 3271 operosius
523 3202 714 3265 describuntur
740 3201 987 3272 imperiectionqne
1009 3202 1250 3262 demonstrationis
1270 3199 1357 3277 gradu
1380 3199 1410 3255 in
1433 3205 1524 3255 sctum

167 3278 297 3342 smmum
314 3282 514 3353 perducuntnr;
539 3288 568 3337 at
587 3282 720 3341 diameter
744 3273 837 3337 circuli
860 3279 1061 3348 simplicissima
1086 3280 1161 3349 lege·
1174 3281 1336 3340 describitur
1364 3279 1450 3337 ductu
1474 3294 1525 3349 per
1624 3328 1629 3339 .

167 3373 292 3422 centrum
311 3363 418 3419 abnuo
436 3361 531 3417 cuculi
548 3368 650 3430 puncto
669 3362 704 3417 ad
721 3359 888 3431 oppositum,
915 3367 1069 3429 aequatque
1086 3359 1195 3431 ipsese
1212 3362 1301 3433 ipsam
1319 3364 1417 3434 suique
1435 3363 1523 3435 ipsius
1623 3410 1627 3427 .

164 3460 292 3503 mensura
316 3449 365 3497 est.
402 3444 429 3509 6)
446 3439 607 3508 Figurarnm
630 3440 711 3494 etiam
735 3439 822 3495 latera
844 3439 871 3492 in
897 3437 1031 3493 &risione
1056 3455 1112 3494 uua
1129 3439 1223 3495 circuli
1250 3458 1302 3499 sen
1318 3443 1348 3498 in
1366 3443 1523 3501 memnone

163 3526 250 3597 partis
267 3523 375 3577 faciunt
390 3519 530 3588 portiones
547 3518 703 3587 inaequales
726 3528 755 3574 et
771 3525 877 3586 partem
894 3518 1026 3573 minorem
1038 3518 1167 3600 'residuo;
1195 3519 1326 3578 diameter
1349 3527 1456 3592 partem
1475 3522 1523 3576 ab·

164 3605 266 3655 wasta
284 3592 415 3663 relinquit
433 3590 574 3658 aequalem
591 3589 710 3644 residuo.
747 3590 822 3643 Haec
838 3604 903 3643 sero
921 3594 1063 3659 proportio
1081 3589 1255 3660 aequalitatis
1272 3608 1343 3662 pura
1356 3599 1400 3649 cst
1416 3599 1445 3649 et
1460 3592 1522 3648 sim·

162 3680 225 3748 pla
245 3684 273 3732 et
291 3672 422 3744 perfecta,
440 3669 505 3738 qnia
521 3676 622 3739 partes,
641 3676 793 3737 quaesunt
814 3669 884 3722 inter
910 3682 940 3723 se
958 3667 1100 3737 aequales,
1123 3668 1188 3725 illas
1211 3686 1294 3727 cansa
1311 3670 1522 3727 mensurationis

163 3758 231 3810 idem
253 3759 328 3809 sunt
365 3752 391 3818 s)
409 3750 533 3818 Denique
558 3748 662 3819 tignrae
690 3755 797 3804 cessam
822 3745 1066 3803 circumferentiam
1088 3748 1199 3819 quidem
1223 3750 1319 3807 circuli
1344 3750 1469 3828 dividunt
1493 3751 1522 3808 in

163 3842 255 3905 partae
273 3831 403 3902 aequales
421 3828 648 3897 aliqnsmmnltas,
666 3834 695 3884 at
713 3843 803 3883 aream
821 3826 916 3882 circuli
933 3827 962 3881 in
980 3834 1073 3898 partes
1090 3829 1256 3900 inaequales,
1278 3830 1344 3899 quis
1359 3831 1523 3903 relinquitur

163 3913 188 3968 in
205 3911 298 3967 medio
316 3925 385 3977 nna,
412 3924 452 3965 sc.
470 3924 534 3963 ares
551 3907 667 3977 figurae,
693 3906 780 3976 major
797 3904 920 3977 quolibet
937 3912 1157 3977 segmentorumy
1181 3908 1313 3965 diameter
1335 3925 1392 3967 non
1409 3910 1521 3966 cumm-

164 3990 307 4047 ierentiam
325 3994 445 4055 tantum,
465 3986 512 4042 ssd
531 3987 611 4042 simul
630 3987 710 4042 etiam
728 4001 819 4041 aream
836 3985 865 4039 in
883 3984 937 4040 duo
956 3983 1051 4040 dividit
1068 3986 1200 4058 aequalia

248 4068 305 4124 Sed
322 4084 373 4136 per
391 4067 498 4122 amoma
515 4068 540 4121 2.
559 4067 654 4122 lateris
673 4082 722 4122 sen
740 4065 842 4133 meae,
866 4079 938 4133 quae
957 4063 1087 4120 circulum
1105 4065 1201 4122 dividit
1222 4074 1420 4137 consonanter,
1446 4068 1521 4141 inge·

164 4148 235 4203 nium
253 4147 354 4201 transit
370 4145 398 4199 in
416 4145 622 4201 consonantiam
639 4146 735 4215 ipsam.
772 4145 846 4212 Ergo
863 4143 958 4212 partis,
978 4158 1059 4214 quam
1077 4143 1110 4199 de
1123 4145 1224 4202 decula
1237 4145 1369 4203 mandit
1382 4147 1521 4220 diameter,

163 4227 187 4281 id
205 4233 249 4281 est
267 4223 431 4280 semicirculi
448 4239 509 4278 cam
526 4231 585 4280 toto
604 4223 705 4280 circulo
724 4222 905 4279 consonantia
923 4229 966 4277 est
986 4222 1112 4293 simplex,
1129 4223 1254 4293 perlecta
1276 4233 1305 4280 et
1321 4225 1448 4283 idsnnca
1484 4229 1523 4283 Ε)

161 4320 207 4373 per
224 4304 335 4360 axioma
352 4305 377 4362 b.
397 4302 477 4359 etiarn
495 4319 588 4358 omnes
606 4301 676 4359 alise
694 4300 886 4370 longitudines,
907 4317 977 4370 quae
995 4309 1060 4357 sunt
1078 4301 1150 4358 inter
1162 4318 1192 4358 se
1210 4312 1241 4360 nt
1258 4311 1334 4361 totns
1347 4305 1465 4361 cbcnlru
1484 4305 1520 4361 ad

164 4384 202 4437 sai
221 4382 369 4445 dimidium,
389 4381 493 4438 iaciunt
510 4381 631 4449 eandem,
649 4381 678 4437 id
697 4386 739 4437 cst
756 4380 911 4448 identicam,
928 4380 1079 4449 perlectam
1101 4381 1288 4451 etsimplicem
1306 4383 1519 4445 consonantiam.

165 4461 198 4515 Et
214 4462 243 4515 in
262 4462 383 4517 numeris
402 4464 466 4523 (non
484 4460 564 4531 plane
582 4461 690 4531 quidem
707 4458 854 4514 abstractis
873 4468 901 4512 et
918 4459 1139 4529 numerantibus,
1166 4461 1215 4516 sed
1231 4461 1449 4531 longitudinibus
1466 4479 1519 4517 uu·

165 4538 279 4605 merens)
297 4540 440 4608 proportio
459 4538 550 4607 dupla,
569 4539 638 4595 inter
656 4555 694 4595 sc.
715 4541 725 4594 i
748 4547 776 4592 et
792 4538 818 4605 2,
839 4544 870 4593 ut
888 4542 917 4592 et
932 4539 1005 4594 inter
1021 4554 1115 4593 aarum
1133 4556 1219 4609 seque
1236 4540 1413 4612 multiplices,
1434 4543 1522 4611 gignit

165 4618 367 4671 consonantiam
385 4617 538 4672 identicam.
1135 4610 1142 4621 ’

244 4694 319 4749 Nota
337 4694 391 4757 hic,
409 4695 634 4764 quemadmodum
653 4696 785 4753 diameter
806 4713 863 4767 per
879 4714 974 4755 omnes
992 4697 1181 4768 simplicitates
1206 4706 1234 4755 ct
1254 4698 1437 4770 perfectiones
1455 4715 1519 4760 suas

164 4788 213 4826 non
230 4779 322 4827 umen
340 4779 397 4827 tam
415 4773 529 4843 simplex
549 4781 598 4841 cst,
616 4784 647 4830 nt
664 4784 803 4846 punctum,
821 4777 871 4833 sed
888 4782 981 4832 manet
998 4775 1078 4843 lines,
1098 4776 1207 4834 duobus
1226 4776 1322 4833 circuli
1337 4776 1446 4847 punctis
1465 4786 1518 4835 ter·

167 4850 272 4917 minata,
290 4852 424 4908 menium
443 4866 538 4909 secans
556 4854 584 4909 in
601 4853 669 4929 locis
687 4855 821 4925 oppositis
845 4863 874 4912 et
889 4861 983 4925 partes
1001 4856 1070 4911 duas
1090 4856 1272 4926 constituens,
1298 4864 1328 4912 et
1345 4855 1517 4924 quemadmo-

167 4928 225 4987 dum
243 4930 313 4987 usae
330 4938 433 5003 partes,
451 4929 515 4989 licet
532 4932 603 4989 inter
620 4948 650 4988 se
665 4932 724 4991 sint
740 4934 884 5007 aequales,
910 4932 1035 5009 ungulae
1051 4938 1143 4994 tamen
1160 4951 1210 4994 sno
1233 4941 1293 4997 toto
1310 4936 1376 4995 snut
1392 4934 1518 5010 minores,
