3567 5625
258 452 323 511 214
674 438 715 494 De
733 435 999 506 configurationibus
1015 432 1194 491 Harmonicis.

259 642 330 684 num
352 640 385 684 se
405 621 477 700 ipsis
508 635 545 679 au
568 619 599 675 iu
621 617 708 678 rebus
730 615 819 677 aliisi
864 613 951 691 Quod
973 615 1062 692 igitar
1083 614 1206 674 sendles
1237 614 1404 675 harmonias
1426 616 1544 690 attinet,
1575 614 1612 677 ad

260 730 360 774 earnm
376 709 447 770 Esse
469 712 595 785 quatuor
616 706 674 765 ista
696 712 885 779 concurrunt:
914 698 946 784 l)
970 700 1046 762 duae
1068 720 1113 762 res
1136 702 1259 763 sensiles
1282 702 1414 780 ejusdem
1436 705 1560 779 generis,
1584 711 1613 763 et

262 807 412 878 quantae,
443 794 489 855 ιιιΙ
504 797 579 854 inter
607 810 640 853 se
669 793 830 870 comparari
860 793 975 867 possint
1003 807 1092 850 causa
1123 791 1310 867 quantitatis,
1351 791 1382 866 ι)
1405 793 1504 851 anima
1533 808 1614 851 conr-

260 905 382 967 parsns,
417 880 449 956 3)
470 883 598 958 receptio
626 878 776 939 sensilium
806 881 978 950 introrsum,
1013 877 1045 957 4)
1072 878 1179 938 idonea
1204 880 1369 961 proportio,
1400 896 1476 955 quae
1509 877 1614 940 defini·

262 987 309 1051 tur
338 971 500 1034 harmonia
544 968 658 1028 Homm
689 984 747 1027 uno
770 966 904 1041 sublato,
935 964 1046 1025 tollitur
1068 964 1183 1025 sensitis
1205 964 1366 1025 humenis.
1414 966 1515 1028 Facile
1538 969 1615 1028 enim

263 1070 307 1125 est
329 1059 508 1135 intelligere,
538 1064 672 1116 usturam
694 1055 862 1115 harmoniae
894 1069 951 1112 nou
981 1069 1045 1112 esse
1069 1052 1264 1114 definiendam
1293 1070 1345 1132 per
1372 1054 1451 1114 solas
1477 1071 1523 1115 res
1545 1072 1615 1118 sen·

262 1149 340 1222 siles,
363 1155 397 1208 ut
418 1163 470 1224 per
492 1162 597 1205 sonum
621 1142 668 1203 rel
690 1142 803 1202 rudium
825 1140 938 1201 mellae.
985 1139 1075 1199 abad
1099 1158 1127 1201 n.
1153 1149 1198 1200 est
1219 1156 1322 1215 sonus,
1353 1141 1433 1202 alind
1456 1140 1527 1203 ordo
1551 1159 1616 1203 eer-

263 1247 310 1298 tus
334 1238 410 1296 inter
431 1232 565 1295 diversos
587 1247 692 1306 sonos,
723 1229 788 1290 dico
817 1237 914 1289 autem
946 1225 1077 1287 ordinem
1106 1227 1266 1302 hocloco,
1296 1246 1354 1288 nou
1377 1247 1467 1290 cause
1488 1232 1563 1290 situs
1586 1233 1615 1290 iu

263 1324 363 1402 aliquo
390 1322 457 1382 loco
484 1321 621 1400 physico,
649 1334 703 1378 nee
733 1332 823 1377 causa
851 1317 1004 1393 temporis,
1032 1313 1084 1374 sed
1116 1331 1206 1376 eausa
1228 1318 1369 1376 acuminis
1400 1323 1429 1377 et
1451 1319 1614 1395 gravitatis.

264 1413 393 1473 Possunt
414 1411 504 1486 igitur
525 1426 590 1468 esse
612 1409 676 1465 soni
699 1403 817 1480 diversi,
840 1414 871 1463 at
893 1405 949 1462 nisi
972 1405 1010 1462 sit
1032 1404 1107 1464 inter
1129 1392 1211 1482 ipsda
1233 1412 1328 1464 certus
1351 1403 1432 1479 ordo,
1456 1409 1505 1483 qui
1528 1406 1616 1465 certis

263 1498 499 1579 proportionibus
531 1495 683 1569 delinitur,
712 1510 743 1551 ιι
774 1491 999 1571 mathematica,
1029 1490 1112 1553 nulla
1139 1493 1194 1551 erit
1226 1493 1301 1552 inter
1333 1510 1422 1553 voces
1454 1492 1615 1554 harmonia.
1707 1512 1711 1519 ⁴

265 1587 403 1647 Vicissim
424 1602 498 1644 sono
521 1581 651 1654 sublato,
682 1597 827 1656 quaenam
850 1578 976 1667 confingi
998 1581 1092 1657 possit
1116 1578 1269 1639 harmonia
1291 1579 1445 1661 audibilis,
1475 1587 1505 1641 et
1525 1580 1618 1642 radiis

265 1675 450 1754 planetarum
473 1671 606 1744 sublatis,
629 1682 775 1745 quaenam
797 1667 950 1727 harmonia
964 1666 1249 1742 configurationem?
1295 1668 1438 1745 rtmplius,
1462 1670 1532 1745 quis
1545 1667 1618 1728 har·

264 1764 364 1824 monia
386 1761 499 1820 musica
520 1775 579 1817 non
602 1763 646 1816 est
668 1772 766 1828 sonus,
790 1755 843 1814 sed
865 1753 991 1832 plurium
1014 1770 1153 1814 sonorum
1177 1755 1257 1827 ordo,
1281 1755 1349 1816 binc
1370 1759 1510 1833 sequitur,
1535 1755 1619 1816 illam

266 1869 331 1912 esse
353 1851 382 1907 in
406 1845 641 1927 praedicamento
663 1841 822 1903 relationis
868 1840 948 1902 Ordo
977 1843 1068 1916 enim,
1101 1840 1220 1919 dequo
1249 1843 1296 1903 bic
1319 1843 1482 1921 loquimur,
1512 1844 1617 1904 relatio

267 1948 312 1998 est
341 1944 371 1997 ιι
393 1935 529 1994 ordinata
554 1938 622 1992 sunt
649 1929 688 1991 ad
716 1932 841 1990 invicem
873 1929 974 1990 relata.
1020 1927 1087 2004 Qua
1108 1931 1198 2006 igitur
1219 1948 1250 1989 re
1279 1934 1343 1990 soni
1367 1940 1435 1991 sunt
1456 1932 1618 2005 harmonia,

148 2072 151 2089 .
266 2024 297 2084 id
319 2023 454 2084 accidens
477 2030 530 2093 est,
554 2023 663 2096 qnippe
685 2017 764 2094 qnod
787 2020 816 2075 in
838 2018 980 2093 subjectis
1003 2019 1096 2091 inest,
1129 2033 1184 2077 uec
1204 2020 1326 2078 seorsim
1349 2022 1482 2079 consistit
1503 2014 1620 2096 potest·

181 2128 191 2139 ²
267 2131 324 2190 que
347 2112 451 2171 abesse
474 2111 546 2168 citra
569 2108 767 2182 subJectornm
789 2107 1012 2182 corruptionem.
1060 2102 1191 2179 Deinde,
1221 2108 1296 2165 sicut
1318 2109 1468 2185 quantitas
1497 2108 1526 2166 io
1550 2108 1619 2166 uni·
1671 2136 1675 2155 ι

267 2217 384 2261 ιιιιιιι
413 2215 430 2256 a
462 2194 632 2272 corporibus
661 2194 762 2270 nequit
790 2195 919 2270 separari
948 2193 1023 2266 suis,
1052 2190 1104 2253 sed
1127 2199 1225 2269 potest
1246 2193 1321 2255 bene
1351 2197 1452 2272 augeri
1475 2200 1505 2254 et
1527 2196 1621 2256 minui

269 2305 336 2348 eum
356 2287 428 2363 ipsis
452 2283 631 2361 corporibus,
653 2287 682 2341 et
705 2289 800 2340 tamen
824 2279 962 2340 accidens
985 2287 1038 2354 est,
1058 2281 1101 2339 sic
1123 2281 1211 2339 etiam
1230 2280 1300 2341 ordo
1316 2283 1380 2359 ipse
1403 2300 1549 2358 sonorum,
1572 2285 1633 2343 cui-

268 2382 302 2435 ut
323 2375 421 2453 generi
442 2372 624 2431 harmoniam
647 2368 833 2444 subjecimus,
857 2366 920 2428 tolli
944 2383 1002 2426 non
1017 2371 1116 2445 potest
1138 2384 1157 2427 a
1181 2371 1261 2427 sonis
1282 2370 1416 2445 pluribus
1431 2388 1500 2443 uno,
1523 2386 1621 2448 quau-

268 2465 353 2523 titate
375 2461 517 2520 acuminis
540 2458 745 2534 etgravitatis
767 2459 841 2515 inter
863 2472 895 2516 se
916 2455 1076 2530 abanan,
1104 2471 1172 2514 uam
1194 2465 1246 2514 aut
1269 2455 1366 2533 plures
1388 2476 1462 2518 esser
1479 2458 1621 2532 desinent,

269 2557 322 2611 aut
343 2550 368 2608 si
390 2547 504 2625 plures,
533 2549 588 2605 erit
610 2548 684 2603 inter
706 2546 785 2621 ipsos
814 2542 886 2602 ordo
909 2542 1069 2603 secuudum
1098 2560 1248 2603 excessum
1279 2554 1309 2604 et
1331 2545 1493 2620 deiectum3
1521 2552 1621 2605 muta·

269 2637 337 2697 bilis
359 2635 408 2696 iile
432 2632 559 2713 quidem,
582 2633 607 2692 si
631 2630 827 2707 subiectorum
850 2629 1006 2691 relatorum
1021 2632 1143 2690 alterum
1165 2638 1301 2692 mutetur.
1347 2631 1426 2694 Ordo
1442 2635 1530 2711 igitur
1553 2650 1621 2692 eum

271 2724 485 2804 quantitatibus
516 2714 556 2782 et'
576 2722 606 2778 in
638 2719 736 2796 specie
767 2734 832 2777 eum
860 2734 981 2778 numero
1011 2719 1075 2795 pari
1098 2735 1184 2796 passu
1213 2720 1353 2779 ambulat
1399 2721 1515 2794 Tertio,
1545 2723 1623 2780 sicut

270 2830 406 2873 numerus
439 2808 573 2870 definitur
600 2824 664 2867 esse
694 2804 850 2866 multitudo
881 2823 917 2867 ex
947 2805 1109 2866 unitatibus
1140 2806 1280 2883 conflata,
1314 2809 1342 2866 in
1367 2827 1425 2886 quo
1449 2807 1623 2869 Aristoteles

271 2903 407 2979 agnoseit
438 2894 550 2973 aliquid
579 2896 718 2954 materiae
752 2893 914 2970 analogon,
948 2896 1075 2955 astutas
1103 2892 1214 2955 sedicet
1241 2895 1320 2971 ejus,
1354 2895 1467 2975 aliquid
1488 2896 1622 2971 formale,

270 2990 377 3048 mentis
400 2991 582 3061 conceptum,
606 2998 682 3058 quae
705 2998 793 3040 unam
816 2999 991 3057 quoeunque
1015 2989 1148 3059 respectu
1170 2990 1335 3058 separatam
1359 2986 1519 3057 secteris,
1543 2984 1623 3043 mul·

271 3074 424 3137 titudinem
453 3071 568 3132 illarum
608 3070 753 3128 unitatum
788 3069 979 3145 singularium
1010 3073 1158 3147 agnoscit3
1194 3073 1295 3147 itaque
1325 3070 1396 3132 alibi
1428 3070 1623 3149 philosophus

184 3199 189 3210 ι
257 3159 368 3236 idem,
390 3158 508 3221 sublata
531 3159 630 3219 anima
650 3164 835 3231 numerante,
868 3156 932 3216 tolli
956 3158 999 3217 ait
1025 3173 1140 3218 omnem
1162 3173 1328 3231 numerum,
1361 3166 1393 3218 at
1414 3176 1471 3218 oon
1493 3161 1624 3220 unitates

273 3249 421 3327 singulas,
451 3255 485 3306 ut
511 3248 553 3306 its
582 3261 718 3322 numerus
747 3243 934 3304 materialiter
962 3247 1000 3305 sit
1031 3246 1059 3302 in
1088 3246 1175 3306 rebus
1199 3247 1284 3324 ipsis,
1314 3246 1388 3313 nibil
1409 3255 1524 3324 praeter
1546 3245 1624 3322 illas,

273 3341 330 3398 nisi
353 3333 474 3396 accedat
495 3350 578 3398 meus
600 3347 771 3406 numerans3
801 3339 870 3391 tunc
892 3330 1009 3392 demum
1031 3334 1108 3393 enim
1130 3349 1267 3393 numerus
1288 3342 1403 3410 praeter
1423 3352 1468 3395 res
1491 3336 1571 3412 ipsus
1596 3342 1627 3395 et

275 3425 401 3486 erebus
425 3423 590 3483 abstractus
611 3426 657 3479 est
679 3418 825 3478 diversum
848 3418 960 3496 aliquid
983 3422 1021 3481 ab
1044 3423 1131 3498 ipsis,
1163 3429 1206 3481 est
1228 3438 1269 3481 sc
1293 3430 1451 3499 concaptus
1473 3425 1508 3482 in
1525 3429 1626 3483 mente

273 3511 451 3592 pluralitatis
472 3527 567 3570 rerum
590 3506 823 3583 individuarum
845 3509 888 3566 sic
911 3510 997 3568 etiarn
1021 3508 1092 3568 ordo
1115 3511 1176 3586 ipse
1199 3525 1335 3569 sonorum
1359 3518 1389 3570 et
1410 3509 1532 3569 aliorum
1553 3527 1627 3569 seu·

274 3600 389 3673 silium,
413 3614 472 3675 quo
495 3598 531 3658 de
553 3596 601 3655 bie
625 3597 753 3671 agimus,
783 3610 842 3654 nou
866 3603 911 3655 est
933 3597 1089 3673 quicquam
1112 3591 1206 3670 aliud,
1237 3613 1326 3673 qnam
1352 3599 1407 3674 ipsi
1428 3599 1492 3658 soni
1514 3596 1626 3673 piures,

275 3690 332 3747 nisi
353 3684 475 3747 accedat
496 3702 587 3758 mens,
611 3699 781 3759 comparans
804 3698 892 3742 sonos
916 3685 990 3743 inter
1011 3701 1044 3744 se
1066 3683 1229 3745 differentes
1249 3688 1390 3760 acumine,
1415 3693 1444 3745 ιι
1466 3687 1495 3743 in
1517 3702 1627 3761 genere

275 3775 378 3836 relatio
407 3775 500 3832 omnis
529 3775 591 3831 sine
620 3778 715 3830 mente
743 3769 815 3829 nihil
837 3777 882 3831 est
904 3778 1107 3849 praeterquam
1136 3789 1191 3830 sua
1211 3771 1317 3846 relata,
1351 3775 1421 3848 quia
1451 3771 1543 3832 relata
1564 3788 1627 3831 non

276 3869 345 3924 suut
370 3860 400 3919 id
423 3858 502 3936 qnod
527 3858 674 3930 dicuntur,
706 3859 762 3916 nisi
784 3875 865 3917 mens
895 3858 996 3934 alique
1018 3868 1213 3936 supponatur,
1243 3876 1319 3937 quae
1347 3859 1452 3920 referat
1473 3876 1563 3921 unum
1586 3859 1627 3921 ad

275 3949 408 4010 alterum.

325 4025 328 4030 ’
364 4031 450 4109 Quod
478 4032 567 4109 igilur
597 4033 625 4088 in
649 4047 755 4108 genere
782 4030 819 4091 de
849 4029 949 4091 ordine
979 4030 1074 4115 deque
1096 4021 1236 4094 relatione
1264 4050 1365 4093 veram
1386 4040 1448 4108 est,
1479 4033 1507 4092 id
1531 4033 1627 4094 multo

278 4122 403 4183 maxime
426 4116 655 4179 subsumendnm
679 4118 714 4178 de
736 4118 902 4193 harmonia,
932 4136 1007 4196 quae
1031 4123 1059 4178 in
1082 4124 1269 4200 proportione
1296 4121 1428 4181 consistit
1456 4123 1545 4199 inque
1567 4137 1628 4181 uu·

279 4210 438 4298 meratioua
460 4205 587 4284 partium
610 4206 783 4283 quantitatis
805 4205 986 4283 aequalium,
1010 4208 1121 4270 scilicet
1143 4216 1176 4267 ut
1190 4210 1331 4269 subsistat
1352 4216 1382 4268 at
1402 4216 1436 4267 ιιι
1451 4225 1508 4268 ease
1529 4211 1629 4285 possit

278 4298 378 4377 aliqua
405 4293 522 4358 sensilis
545 4293 707 4368 harmonia,
738 4300 854 4370 praeter
875 4292 949 4354 duos
979 4295 1100 4358 sensiles
1123 4300 1259 4357 terminos
1288 4304 1419 4374 oportere
1446 4304 1476 4355 et
1497 4297 1628 4358 animam

278 4404 341 4448 esse
354 4379 595 4463 'comparantem
618 4382 674 4441 hae
696 4382 772 4442 enim
794 4380 928 4456 sublata,
952 4384 1065 4444 termini
1088 4383 1204 4459 quidem
1228 4390 1311 4445 erunt
1333 4383 1391 4444 duo
1414 4382 1549 4461 sensilis,
1572 4384 1628 4445 sed

278 4491 338 4536 non
360 4481 445 4533 erunt
466 4487 526 4530 una
543 4470 714 4545 harmonia,
738 4486 790 4529 ans
812 4471 942 4529 rationis.

363 4558 532 4621 Videndum
562 4559 753 4618 nuncetiam
781 4555 817 4617 de
845 4558 948 4630 tertio,
979 4574 1018 4616 sc.
1052 4556 1087 4619 de
1109 4560 1275 4636 receptione
1305 4573 1398 4618 rarum
1420 4556 1571 4619 sensilium
1594 4560 1626 4616 in

280 4651 407 4710 animum
430 4648 553 4724 ejusque
574 4648 749 4707 necessitate
777 4653 807 4704 ιι
828 4643 925 4705 modo.
970 4644 1112 4710 Nimirum
1140 4646 1293 4707 harmonia
1314 4653 1360 4706 ιιι
1389 4662 1435 4706 ιιι
1458 4663 1533 4720 ιιι,
1565 4655 1628 4706 ter-

280 4739 351 4796 mini
372 4735 493 4797 sensiles
515 4735 585 4796 ioris
608 4741 689 4795 extra
710 4735 837 4794 animam
859 4749 918 4791 uon
941 4739 1008 4791 sunt
1029 4750 1076 4794 res
1098 4752 1173 4806 arra,
1204 4751 1256 4793 nec
1278 4734 1392 4809 uspiam
1414 4734 1472 4792 nisi
1494 4735 1574 4793 intus
1595 4734 1628 4790 in

282 4826 380 4884 anima
400 4829 524 4902 possunt
546 4820 678 4881 adunari.
723 4821 789 4881 Non
810 4826 935 4898 possunt
948 4837 1018 4881 vero
1041 4823 1119 4883 intus
1142 4839 1214 4896 esse,
1237 4823 1292 4880 nisi
1308 4823 1463 4881 introrsum
1477 4822 1629 4898 recipian-

281 4919 337 4990 tur,
359 4910 438 4989 quod
458 4908 557 4970 multis
579 4910 676 4970 verbis
698 4909 736 4970 ab
759 4909 938 4989 experientia
958 4910 1075 4987 probari
1103 4927 1162 4969 nou
1185 4916 1230 4969 est
1252 4926 1335 4988 opus.
1379 4908 1484 4970 Potest
1506 4906 1629 4985 quidem
