3567 5625
576 359 579 366 ·
667 347 749 402 Lrlssr
766 346 814 403 111.
833 347 922 418 Caput
938 346 987 402 111.
1435 358 1497 422 343

158 530 254 617 natura
272 523 424 657 ιιιίιῖιιιιιήε
442 539 496 580 uon
515 523 584 579 enim
603 523 696 593 quanti
714 523 769 580 sint
786 527 875 578 motus
893 524 1111 597 considerantur,
1138 526 1186 582 sed
1203 534 1319 598 quantos
1337 530 1365 587 in
1383 530 1442 588 visu
1458 531 1498 589 la·

157 612 230 661 munt
247 619 321 675 sagn
333 620 371 659 os.

242 684 318 740 Nota
333 683 421 739 XXII.
457 682 522 737 'lhia
539 681 645 738 diversa
663 682 819 738 ostenderat
835 684 863 737 in
880 692 984 738 mente:
1010 681 1235 755 speculationem,
1258 686 1405 760 acdouem,
1423 692 1499 748 hahi-

157 778 226 834 tum;
244 764 274 817 in
293 764 386 819 eadem
403 762 456 818 tria
474 761 648 816 distribuerat
665 761 746 817 edam
764 768 848 817 totam
866 762 1092 817 mathematicam.
1129 763 1207 830 Quod
1222 764 1305 834 igitur
1321 785 1375 823 nou
1393 777 1498 826 tantum

157 849 315 920 speculetur
332 840 553 908 mathematicus,
571 839 717 896 sedetiam
735 847 863 909 operetur
880 856 915 897 ax
933 847 992 896 arte
1010 857 1060 896 sua
1082 849 1110 897 et
1128 842 1244 912 denique
1261 848 1434 904 artifidosum
1451 851 1499 907 ha·

156 927 242 984 bitum
261 928 313 984 subi
331 927 479 991 comparet,
503 919 559 988 iam
582 934 663 988 porro
680 918 778 989 prohat
803 917 997 990 ascusillbus,
1025 920 1124 989 quibus
1147 922 1240 977 utitur.
1276 927 1435 995 Argumenti
1459 931 1500 988 sis

156 1008 225 1063 haec
243 1013 301 1062 est:
322 1016 418 1060 seusus
437 1005 479 1054 est
495 1013 584 1055 rerum
601 1004 681 1053 extra
698 998 988 1054 animam‘rationalem
1006 998 1191 1068 existentium,
1218 1003 1289 1059 chen
1306 1022 1373 1077 quas
1392 1025 1500 1068 seman·

157 1097 200 1142 tur
218 1086 340 1142 aofioaes
365 1088 394 1137 et
417 1078 601 1148 operationem
629 1077 653 1132 si
677 1093 741 1147 ergo
767 1077 882 1146 subjecti
899 1076 1081 1133 mathematici
1106 1078 1280 1148 pulchritudo
1309 1101 1370 1142 sese
1395 1093 1500 1145 tantum

156 1168 227 1221 intra
244 1164 343 1219 mentm
361 1160 463 1215 lumina
481 1159 642 1226 contineret,
669 1172 720 1212 nec
738 1157 810 1212 ioras
829 1156 857 1211 in
876 1157 995 1212 actiones
1013 1166 1041 1212 et
1059 1156 1167 1213 habitas
1185 1174 1245 1214 sese
1263 1163 1409 1236 proferret,
1435 1175 1501 1224 tunc

156 1245 243 1315 primo
258 1240 449 1297 mathematica
466 1253 521 1292 non
539 1243 661 1292 uteretur
679 1235 803 1291 sensibus
816 1235 905 1306 certis,
923 1235 1020 1292 deinde
1039 1236 1113 1292 nulla
1126 1246 1198 1294 esset
1210 1238 1345 1296 distinctio
1357 1242 1428 1299 inter
1440 1261 1501 1302 sen·

158 1340 214 1391 sus,
233 1335 318 1378 causa
335 1317 545 1390 propinquitatis
562 1315 597 1369 ad
614 1317 758 1385 rationem,
778 1314 858 1370 tertio
876 1314 904 1369 in
922 1315 1066 1371 sensilibus
1085 1314 1176 1371 nullus
1194 1311 1267 1372 esset
1284 1327 1424 1389 respectus
1441 1323 1501 1393 pul·

159 1399 331 1467 chritndinis,
350 1406 380 1452 ut
398 1396 444 1465 qui
463 1403 505 1451 est
522 1409 570 1449 ens
588 1394 708 1449 ratioms.
744 1396 781 1448 At
798 1401 861 1448 sunt
878 1393 1089 1464 praestantiores
1109 1394 1182 1451 risus
1201 1402 1228 1450 et
1240 1397 1348 1453 auditus
1366 1402 1502 1458 etrationi

157 1478 317 1546 viciniores,
335 1484 363 1531 et
381 1481 423 1530 est
440 1489 525 1545 penes
542 1472 650 1527 illorum
669 1472 792 1540 subiecta
811 1480 951 1542 respectus
969 1473 1191 1543 pulchritudinis;
1211 1474 1326 1546 denique
1343 1478 1418 1534 hisce
1436 1480 1501 1538 duo·

158 1562 210 1615 bus
228 1556 355 1612 sensibus
373 1569 438 1624 prae
457 1552 554 1608 ceteris
573 1552 658 1606 utitur
675 1550 870 1606 mathematice.
908 1552 981 1619 Ergo
1001 1551 1069 1606 haec
1087 1551 1202 1607 facultas
1220 1551 1405 1623 complectitur
1420 1560 1502 1614 etiam

157 1636 279 1694 actiones
298 1643 326 1690 et
342 1631 478 1688 exercitia.
1434 1683 1438 1690 ·

244 1715 319 1771 Nota
335 1712 435 1767 xxm.
471 1711 541 1766 Esse
559 1723 622 1763 vero
640 1708 723 1764 hosce
742 1709 810 1764 duos
828 1724 925 1764 sensus
942 1709 1040 1763 rationi
1059 1723 1139 1777 quant
1158 1711 1273 1767 maxime
1286 1722 1423 1785 cognatos,
1440 1734 1522 1788 pro-.

156 1796 203 1850 bat
221 1810 256 1850 er
275 1799 369 1848 mutus
386 1792 504 1861 ipsarum
523 1789 682 1858 cognatione
695 1786 888 1856 exercitioque,
907 1788 1003 1858 inquo
1019 1788 1163 1858 plurimum
1180 1790 1293 1846 rationis
1310 1792 1421 1866 relucet,
1440 1785 1502 1854 nans

157 1876 184 1929 in
201 1874 257 1929 hoc
276 1870 401 1926 consistit
418 1867 525 1923 illorum
545 1867 682 1936 cognatio,
702 1865 773 1937 qnod
789 1863 886 1934 juvant
904 1865 1036 1921 ratiomm
1053 1866 1131 1935 eique
1149 1867 1323 1925 famulantur.

247 1950 321 2006 Nota
337 1948 436 2004 XXIV.
472 1948 514 2002 De
531 1945 734 2001 mathematicas
752 1946 872 2015 practica
889 1951 968 2013 parte
985 1943 1123 1999 indefinite
1141 1944 1258 2015 dixerat;
1278 1947 1336 2017 jam
1354 1967 1423 2020 quae
1440 1959 1504 2013 sunt

156 2029 317 2101 potissimae
335 2027 470 2098 practicae
486 2024 689 2081 mathematicas
707 2024 826 2093 species,
850 2038 901 2092 per
924 2022 1032 2078 eosdem
1051 2037 1148 2079 sensus
1171 2024 1300 2096 explicat,
1325 2029 1422 2096 quibus
1440 2033 1503 2091 hac

157 2117 239 2167 tenus
257 2122 319 2163 esse
337 2105 442 2176 aliquas
460 2105 488 2159 in
506 2118 604 2173 genere
621 2102 789 2172 probaverat.
825 2102 907 2157 Visus
930 2102 1000 2156 euim
1022 2102 1120 2158 rationi
1146 2106 1229 2158 servit
1251 2104 1286 2160 ad
1312 2113 1503 2169 anonumum

160 2187 330 2248 discendam,
349 2185 458 2241 auditus
475 2183 510 2239 ad
527 2181 711 2237 harmonicen.

231 2267 305 2322 Nota
322 2265 405 2319 XXV.
442 2264 481 2318 Et
498 2269 613 2331 utraque
629 2259 723 2331 autur,
740 2266 795 2314 tam
814 2259 961 2327 geometria
978 2274 1059 2328 quam
1071 2258 1247 2314 arithmetica
1282 2261 1351 2317 Nam
1374 2264 1507 2323 inastro·

159 2347 249 2404 nomia
266 2345 363 2413 figaris
383 2358 452 2413 opas
470 2349 520 2411 est,
539 2341 575 2396 ad
593 2337 707 2395 formam
724 2346 846 2394 motuum
864 2338 1110 2407 demonstrandam,
1128 2340 1247 2395 numsms
1265 2341 1300 2396 ad
1317 2352 1440 2413 tempora
1457 2345 1505 2400 ali·

159 2442 212 2498 qus
231 2422 433 2480 dinumeranda
468 2420 513 2476 ilic
539 2420 621 2474 stiam
643 2420 671 2473 in
695 2417 850 2473 harmonice
873 2416 968 2487 figuris
992 2415 1078 2471 utitur
1101 2416 1272 2472 Ptolemaeus
1294 2420 1330 2476 ad
1354 2421 1502 2478 sectionem

159 2502 278 2558 chordae
296 2501 465 2570 canonicam,
489 2514 540 2569 ego
558 2513 621 2553 sero
639 2495 733 2551 iisdem
753 2501 814 2549 ntor
835 2493 921 2549 multo
940 2493 1069 2563 maxime3
1093 2497 1212 2551 numeris
1229 2512 1293 2552 sero
1315 2499 1419 2571 indiget
1443 2517 1504 2569 pro·

158 2582 328 2650 portionum,
349 2579 395 2649 qai
413 2576 604 2633 consonantias
628 2582 656 2630 ct
673 2581 764 2631 cetera
781 2573 938 2628 harmonica
960 2572 1102 2628 intervalla
1119 2572 1243 2641 gignum,
1266 2578 1341 2632 saria
1364 2584 1392 2632 et
1414 2578 1503 2634 multi·

157 2660 221 2731 plex
240 2658 367 2718 maudo
385 2656 577 2712 arithmeticae.

244 2747 319 2802 Nota
336 2744 433 2800 XXVI.
470 2741 651 2798 Consobrinus
669 2740 790 2813 appellat
807 2739 1000 2813 mtronomiam
1018 2745 1046 2794 et
1063 2739 1243 2811 harmoniam,
1266 2742 1330 2812 quia
1346 2745 1446 2801 matres
1464 2747 1505 2817 ip.

158 2843 267 2895 mmm,
289 2824 362 2880 illius
385 2824 459 2877 maus
477 2830 504 2878 et
522 2822 603 2891 hujus
621 2819 742 2886 auditus,
769 2834 876 2874 sorores
903 2825 982 2886 sunt;
1009 2832 1116 2874 sorores
1139 2826 1228 2874 autem
1250 2820 1324 2877 visus
1342 2826 1370 2877 et
1387 2823 1505 2897 auditus,

160 2906 224 2976 quia
242 2919 411 2962 communem
429 2910 542 2958 matrem
560 2901 663 2956 habeut
679 2899 825 2962 rationem,
842 2896 886 2951 sel
904 2897 968 2967 quia
985 2896 1063 2951 ambo
1082 2904 1145 2952 sunt
1163 2897 1212 2953 sub
1231 2914 1330 2968 genere
1347 2898 1452 2960 sensus.

247 2993 323 3048 Nota
339 2990 451 3046 XXVII.
487 2988 626 3044 Educatas
644 2987 683 3057 ait
700 3002 717 3040 a
733 2983 896 3053 nutricibus,
920 3000 956 3041 er
974 2985 1134 3069 cognatione
1153 3001 1203 3041 sua
1220 2988 1363 3057 proximis,
1386 2990 1506 3062 intellige

161 3088 178 3128 a
196 3069 347 3144 geometria
366 3076 393 3123 et
411 3067 580 3123 arithmetica
597 3071 625 3121 et
643 3071 785 3133 utramque
804 3063 912 3132 quidem
924 3066 959 3122 ab
972 3071 1094 3136 utraque,
1113 3066 1198 3134 magis
1210 3073 1300 3122 tamen
1313 3072 1506 3126 astronomiam

159 3150 351 3224 ageometria,
371 3148 404 3203 ob
425 3146 577 3213 schemata,
602 3143 688 3214 magis
706 3143 880 3199 harmonicen
900 3145 933 3198 ab
952 3144 1133 3210 arithmetica,
1156 3147 1190 3201 ab
1207 3146 1395 3217 proportiones
1414 3166 1506 3206 numa·

159 3247 263 3300 rurum,
293 3236 321 3284 et
344 3227 408 3297 quia
430 3221 621 3280 consonantias
640 3220 974 3290 Ptolemaeusinsastigat
997 3237 1047 3292 per
1064 3238 1190 3279 numeros
1216 3225 1384 3294 abstractos,
1412 3236 1507 3284 contm

162 3325 245 3382 quam
263 3322 323 3376 ego.
359 3305 486 3359 Proxima
504 3304 586 3357 etiam
604 3307 647 3357 est
663 3302 810 3370 geometria
827 3302 897 3355 sisui
914 3301 942 3357 in
960 3302 1130 3371 cognatione,
1148 3299 1212 3372 qui'a
1222 3302 1359 3358 schemata
1372 3306 1430 3360 solo
1447 3307 1506 3363 sisu

160 3384 358 3459 percipiuntur,
376 3399 431 3438 non
451 3380 559 3449 auditu,
577 3379 701 3449 proxima
719 3386 762 3435 cst
778 3378 948 3434 arithmetica
964 3378 1076 3447 auditui,
1095 3381 1159 3449 quia
1177 3397 1302 3437 numerus
1317 3398 1370 3436 non
1383 3385 1507 3454 expedite

160 3470 221 3525 risu
239 3466 405 3538 percipitur,
433 3462 486 3518 nisi
503 3476 603 3533 parvus
621 3460 669 3528 sit,
687 3465 716 3515 at
732 3459 882 3529 percipitur
899 3456 1024 3526 expedite
1043 3472 1091 3526 per
1109 3458 1243 3528 auditum,
1268 3468 1382 3531 propter
1401 3479 1507 3519 succes·

161 3549 252 3605 mones
274 3542 453 3614 temporarias
475 3539 625 3605 sonituum,
652 3538 687 3592 ad
705 3537 918 3593 numerationem
936 3535 1005 3590 euim
1023 3537 1170 3606 requiritur
1194 3545 1301 3607 tempus
1324 3546 1351 3593 et
1369 3541 1506 3605 memoria,

160 3627 260 3696 Aptior
279 3631 322 3679 est
338 3623 434 3678 horum
457 3634 586 3675 swanum
604 3616 741 3672 distinctio
759 3634 793 3673 ex
811 3617 994 3684 subjectorum
1013 3612 1179 3671 differentiis.
1214 3617 1284 3671 Nam
1305 3618 1380 3674 risus
1402 3619 1507 3688 subjec-

161 3716 218 3762 tnm
236 3705 267 3760 iu
285 3719 341 3760 csse
359 3709 495 3768 versatur,
516 3696 623 3753 auditus
642 3698 669 3752 in
686 3700 755 3766 fieri.
792 3697 954 3767 Propterea,
975 3709 1044 3761 quae
1063 3693 1199 3763 videntur,
1224 3702 1358 3765 quatenus
1375 3696 1507 3764 videntur,

163 3801 194 3841 ea
211 3791 279 3842 aaut
294 3790 325 3849 et
341 3779 369 3835 in
387 3785 522 3835 momento
543 3785 615 3845 sunt,
634 3791 703 3845 quae
722 3790 784 3830 vero
803 3775 958 3837 audiuntur,
981 3789 1013 3826 ea
1031 3770 1159 3842 temporis
1177 3778 1294 3829 hactum
1311 3775 1459 3845 requirunt,
1476 3772 1513 3830 ut'

160 3864 240 3931 fiant,
259 3867 288 3917 et
304 3860 372 3915 lucis
391 3856 508 3912 effluxus
527 3863 569 3910 est
585 3854 613 3908 iu
632 3860 776 3914 momento.
795 3852 853 3907 soni
866 3852 892 3906 in
907 3858 1035 3921 tempore.
1071 3853 1166 3920 ltaque
1179 3848 1270 3921 fulgur
1286 3852 1418 3922 fragorem
1431 3869 1508 3923 prae-

162 3943 278 3997 vertitur
295 3940 324 3993 in
342 3939 454 4004 effluxu,
473 3934 524 3991 etsi
542 3934 569 3988 in
587 3934 661 3987 tonte
678 3932 733 3987 sint
751 3931 838 4004 simul.
875 3932 941 3986 Cum
960 3931 1041 3999 igitar
1063 3930 1143 3985 etiam
1166 3932 1315 3987 nammatio
1337 3940 1443 4001 tempus
1467 3947 1507 3986 re·

164 4020 263 4088 quirat,
282 4033 337 4072 non
355 4017 443 4071 minus
462 4030 541 4083 qnam
560 4026 651 4076 sonus,
667 4011 725 4067 sive
739 4010 796 4079 jans
814 4009 944 4065 audibilia
961 4022 1139 4075 numeremus,
1158 4011 1213 4064 sisu
1226 4011 1353 4081 risibilia,
1371 4012 1434 4066 hinc
1453 4025 1507 4064 mo

161 4105 283 4152 mentum
301 4094 411 4165 aliquod
429 4092 533 4148 accedit
551 4089 586 4145 ad
604 4089 790 4160 cognationem
808 4089 917 4143 auditus
935 4105 996 4144 cnm
1014 4089 1191 4144 arithmetica.

250 4174 290 4231 Ut
308 4182 398 4230 autem
417 4178 555 4242 appareat,
574 4168 708 4239 quomodo
726 4167 853 4223 distincta
871 4166 971 4222 sintin
989 4167 1065 4223 hisce
1081 4167 1179 4222 mentis
1198 4165 1385 4221 affectionibus
1403 4167 1508 4222 theoria

163 4264 190 4313 et
205 4256 316 4327 praxis.
344 4254 448 4309 animus
471 4251 505 4306 ad
524 4250 697 4321 geometriam
718 4248 864 4317 praecipue
889 4253 933 4301 est
955 4245 1159 4301 convertendus.
1194 4244 1227 4298 In
1254 4260 1287 4298 ea
1309 4245 1507 4314 propositiones

163 4337 302 4407 pertinent
320 4332 356 4389 ad
373 4330 566 4402 speculativam
583 4336 703 4398 partem,
729 4342 790 4383 nam
807 4326 925 4381 formant
950 4332 1109 4394 concaptnm
1130 4323 1317 4377 theoreticum.
1352 4326 1507 4393 Apparatus

164 4426 191 4471 ct
208 4412 337 4471 formatio
362 4409 505 4466 schematis
530 4424 564 4465 ex
586 4406 778 4478 propositionis
800 4404 969 4476 praescripto
994 4410 1022 4458 et
1045 4400 1169 4458 deductio
1188 4400 1424 4456 demonstrationis
1443 4406 1507 4456 sunt

164 4493 346 4551 mdimentum
357 4490 513 4545 manuariae
525 4484 789 4557 repraesentationis.
813 4483 885 4539 Usus
898 4497 961 4535 sero
973 4478 1171 4550 propositionis,
1189 4484 1220 4532 ut
1228 4477 1285 4546 jam
1298 4476 1506 4547 demonstratae,

165 4573 197 4628 ad
216 4573 271 4629 alia
289 4579 373 4639 atque
391 4569 443 4623 aha
462 4565 638 4639 expedienda,
656 4564 713 4620 rica
732 4561 878 4619 habitualis
898 4558 1018 4615 exercitii
1036 4565 1106 4613 sunt.
1137 4556 1175 4610 Et
1186 4554 1300 4624 amplius
1319 4555 1346 4609 in
1365 4558 1436 4611 omni
1454 4557 1507 4628 syl-

164 4651 288 4724 logismo,
307 4649 467 4719 praesertim
485 4645 688 4711 mathematico,
706 4642 793 4711 major
801 4639 959 4710 propositio
977 4637 1061 4691 ricem
1080 4632 1271 4705 speculationis
1290 4634 1358 4701 obit,
1377 4643 1419 4690 est
1437 4635 1507 4690 enim

166 4732 198 4787 de
215 4731 370 4797 abstracto,
395 4727 482 4781 minor
499 4726 584 4780 sicem
602 4721 730 4789 actionis,
754 4721 817 4790 quia
835 4717 968 4774 subsumit
985 4714 1094 4784 aliquod
1111 4712 1270 4784 plerumque
1287 4719 1457 4781 mactatum,
1475 4720 1508 4768 ut

166 4826 247 4867 sonos
265 4807 312 4862 sel
330 4804 445 4861 chordas
464 4802 507 4860 sel
523 4801 614 4858 radios
633 4809 660 4857 ot
679 4798 774 4854 similia
791 4799 820 4854 in
837 4796 1029 4868 propositionis
1047 4793 1169 4863 subjecto
1181 4792 1277 4864 posita,
1295 4792 1392 4863 quibus
1410 4792 1506 4849 tribuit
