3567 5625
172 416 175 421 <
260 384 324 445 280
501 401 509 423 r
674 380 717 435 De
736 377 1002 451 Gouiipuretiomhus
1020 379 1200 438 Ηιιιιιιιιιιιι.
1281 456 1284 463 Ι

261 578 352 621 unum
379 558 428 622 rel
458 560 557 621 omnia
578 566 660 619 motu
691 556 820 636 quodam
847 558 1062 635 longitudinem
1088 562 1131 621 rei
1152 570 1320 639 percurrant
1348 566 1522 643 terminique
1544 564 1611 625 hant

259 650 386 728 partium
408 647 616 726 longitudinis,
648 649 723 707 inter
753 664 827 723 quas
849 649 889 707 sit
911 650 1078 724 proportio,
1110 657 1139 709 et
1161 649 1217 708 hoe
1245 649 1284 709 ed
1306 652 1466 711 minimum.
1514 652 1608 729 Atque

261 736 291 796 id
313 736 347 795 iit
368 754 404 797 ex
425 742 510 813 parte
532 737 562 793 iu
586 734 879 813 configurationibus,
903 735 991 811 hujus
1014 735 1065 796 lib.
1082 734 1136 797 IV.
1159 740 1277 814 proprio
1293 739 1438 814 subjecto.
1484 739 1559 800 Nam
1581 748 1612 799 ut

260 824 372 885 dicetur
393 826 489 900 capite
511 825 655 899 sequenti,
679 823 848 883 harmoniae
871 822 989 899 quidem
1013 825 1042 880 in
1065 823 1199 899 angulis,
1228 842 1303 901 quos
1325 830 1443 886 metitur
1464 826 1609 902 zodiacus,

262 912 481 975 considerantur
501 914 565 970 sine
587 918 683 985 motu,
712 910 813 988 anguli
835 918 934 970 tamen
957 911 1014 987 ipsi
1036 910 1088 969 alii
1110 928 1146 971 ex
1168 910 1235 992 aliis
1259 930 1412 989 corporum
1435 913 1610 975 radiantium

261 1008 343 1060 motu
364 1016 417 1077 per
438 996 591 1059 zodiacum
615 999 840 1059 constituuntur.
886 996 962 1058 Sunt
984 1006 1082 1058 tamen
1105 999 1184 1058 modi
1206 1004 1449 1077 praestantiores,
1479 1002 1518 1063 ad
1541 1020 1613 1064 eun·

262 1089 327 1148 dem
348 1087 436 1146 linem
458 1086 625 1160 tendentes,
649 1093 770 1146 uicum
793 1101 924 1163 corpora,
948 1102 1024 1162 quae
1047 1086 1156 1146 habeut
1179 1086 1399 1164 longitudinem,
1423 1094 1539 1167 ipsust
1562 1090 1612 1150 de·

261 1177 451 1237 terminentur
473 1173 582 1233 talibus
604 1176 706 1249 signis,
728 1190 843 1234 sursum
866 1173 1003 1233 deorsum
1025 1175 1203 1248 errantibus,
1227 1184 1257 1235 et
1279 1179 1371 1237 munci
1394 1177 1527 1254 qualibet
1551 1180 1613 1238 vice

261 1262 412 1340 intercepti
434 1262 521 1321 simul
543 1268 713 1337 moventur,
746 1269 779 1321 ut
801 1262 844 1319 its
865 1278 925 1320 non
943 1262 1007 1337 jam
1030 1278 1166 1341 corpora,
1189 1261 1242 1322 sed
1264 1271 1361 1323 motus
1384 1266 1440 1342 ipsi
1462 1282 1614 1343 corpmum

262 1368 352 1412 causa
373 1349 564 1425 longitudinis
588 1358 617 1409 et
639 1350 793 1409 brevitatis
814 1365 873 1407 nou
897 1349 1066 1428 temporalis
1095 1348 1148 1409 sed
1170 1366 1327 1427 corporeae
1350 1348 1476 1434 (quippe
1502 1355 1613 1432 species

262 1446 396 1499 motuum
416 1439 675 1514 incorporatornm,
699 1454 751 1496 sen
774 1452 929 1514 corporum
956 1439 986 1495 in
1009 1444 1092 1496 motu
1114 1434 1354 1521 constitutorum)
1377 1443 1452 1500 iuter
1478 1458 1510 1500 se
1533 1457 1614 1500 com·

261 1532 409 1606 parentur.
455 1522 709 1601 Quemadmodum
737 1540 775 1583 se
798 1540 845 1584 res
872 1524 963 1584 habet
989 1542 1056 1585 oum
1084 1526 1181 1585 sonis:
1214 1543 1281 1586 nam
1310 1545 1400 1586 sonus
1430 1535 1477 1589 est
1503 1532 1615 1607 species

263 1616 370 1675 emissa
392 1629 408 1672 e
431 1629 567 1691 corpore,
591 1619 621 1671 et
641 1619 674 1671 ut
696 1618 838 1688 quantum
861 1609 948 1682 illud,
981 1620 1011 1672 et
1033 1620 1066 1671 ut
1087 1611 1245 1689 figuratum
1272 1613 1500 1690 quadamtenus,
1531 1626 1562 1676 et
1583 1622 1616 1675 ut

263 1706 292 1762 iu
315 1708 397 1760 motu
421 1702 611 1760 constitutum
635 1707 697 1773 est3
725 1701 796 1775 quia
816 1716 870 1775 pro
893 1698 1057 1776 aptitudine
1080 1699 1190 1778 figurae
1220 1708 1266 1761 ost
1287 1710 1317 1761 et
1338 1711 1436 1762 motus
1464 1711 1494 1763 et
1516 1721 1615 1763 sonus.

351 1786 450 1863 sitque
479 1787 553 1847 haec
577 1787 639 1863 jem
666 1785 760 1846 altera
789 1789 883 1861 magis
913 1785 1034 1847 evidens
1063 1804 1155 1848 cansa
1185 1797 1243 1864 est,
1278 1804 1330 1850 cur
1358 1800 1463 1850 natura
1491 1792 1616 1851 hominis

263 1893 402 1937 sonorum
424 1876 610 1952 potissimum
631 1874 869 1952 proportionibus
890 1873 1067 1935 harmonicis
1089 1878 1129 1935 sit
1150 1874 1258 1936 dedita.
1302 1877 1351 1936 Fit
1372 1895 1401 1938 ιι.
1425 1878 1482 1938 hoe
1503 1897 1616 1939 rursum

265 1966 303 2025 cb
327 1964 587 2024 conformationem
618 1965 665 2021 sui
696 1964 841 2038 corporis,
872 1963 902 2018 in
926 1979 985 2037 quo
1012 1970 1113 2038 guttur
1142 1962 1215 2022 illud
1238 1981 1343 2040 corpus
1373 1975 1432 2040 est,
1463 1966 1543 2042 quod
1565 1983 1617 2043 pro

264 2053 421 2129 superioris
443 2051 490 2109 ιιι
515 2051 658 2109 interioris
681 2049 781 2108 circuli
803 2049 985 2124 cartilaginei
1008 2052 1037 2109 in
1060 2068 1165 2127 aspera
1186 2053 1292 2111 arteria
1314 2056 1517 2114 constrictione
1541 2071 1618 2113 nunc

263 2140 384 2215 longum
411 2155 488 2196 nunc
510 2139 599 2198 breve
622 2145 674 2197 est
690 2135 827 2213 quodque
850 2137 1010 2213 impulsum
1031 2140 1134 2216 spiritu
1162 2156 1198 2198 er
1225 2138 1395 2216 pulmonum
1422 2141 1543 2201 iollibns
1566 2158 1618 2202 ex·

264 2243 366 2304 presso
395 2228 524 2284 cavitate
557 2242 612 2285 sua
641 2223 747 2304 (figura
774 2221 889 2304 nempe)
906 2234 1031 2285 motum
1061 2225 1122 2285 edit
1152 2226 1291 2301 similem,
1330 2229 1413 2304 cujus
1446 2238 1475 2288 et
1504 2231 1618 2308 speeies

263 2313 373 2373 accidit
395 2312 531 2384 auribus,
561 2320 591 2372 ιι
612 2314 711 2372 sensio
734 2308 869 2391 (ariense
892 2312 1000 2388 ipsius,
1031 2320 1064 2372 ut
1085 2321 1131 2372 ιιι
1152 2316 1181 2372 in
1204 2323 1285 2374 motu
1308 2314 1478 2396 constituta)
1501 2319 1619 2376 animae

154 2396 160 2421 ⁵
264 2403 401 2461 sentienti
427 2406 545 2477 praesto
568 2406 631 2474 est3
658 2400 767 2476 quippe
796 2398 852 2459 hoc
880 2402 1026 2458 communi
1049 2417 1137 2461 seusu
1159 2405 1266 2462 sentire
1297 2412 1356 2476 est,
1386 2404 1441 2462 isui
1463 2406 1620 2482 speciebus

262 2491 459 2549 membrorum
491 2488 634 2564 eorporis,
664 2494 695 2545 nt
724 2494 792 2545 snut
820 2485 872 2546 illa
902 2490 991 2547 variis
1018 2488 1122 2549 affecta
1151 2496 1180 2549 et
1211 2491 1296 2565 quasi
1326 2491 1451 2553 tornata
1473 2494 1621 2568 motibus3

265 2594 342 2653 quae
364 2578 486 2653 species,
509 2582 544 2634 ut
564 2576 595 2632 in
610 2573 770 2650 Dioptrieis
791 2573 947 2651 explicavi,
970 2578 1124 2652 spirituum
1142 2578 1333 2637 continuitate
1348 2579 1479 2639 seruntur
1493 2598 1512 2639 a
1526 2598 1622 2640 mem·

264 2666 325 2724 bris
348 2665 487 2741 corporis,
512 2664 601 2721 etiam
622 2658 750 2735 remdtis,
773 2659 812 2721 ad
834 2660 934 2721 sedem
956 2679 1059 2723 sensus
1081 2667 1253 2725 communis.
1297 2666 1346 2725 Fit
1369 2668 1470 2742 igitur,
1494 2675 1528 2727 ut
1551 2671 1623 2746 quia

264 2752 353 2813 horno
388 2751 489 2812 crebra
521 2751 658 2812 sensione
691 2766 813 2826 asperae
836 2766 909 2809 suae
939 2752 1064 2812 arteriae
1097 2754 1126 2811 iu
1158 2762 1240 2813 mutu
1272 2754 1448 2816 constitutae
1479 2757 1624 2817 combibit

265 2839 363 2900 ideam
386 2835 533 2915 quandam
557 2837 796 2898 conformationis
820 2854 974 2915 corporum
996 2839 1218 2926 quomodolibet
1237 2845 1414 2918 sonantium,
1437 2842 1515 2904 idem
1539 2854 1623 2905 tauto

265 2925 381 2986 lucilius
404 2932 546 3002 agnoscat
575 2932 606 2985 et
628 2924 769 2999 dijudicet
791 2928 876 3000 quasi
906 2927 1151 2988 conformationes
1174 2944 1326 3005 corporum
1356 2941 1439 2990 extra
1460 2950 1492 2992 se
1522 2941 1624 2992 moto·

268 3032 331 3072 rum
368 3030 462 3088 coque
492 3021 573 3072 motu
603 3014 717 3071 sonitus
748 3014 942 3072 emittentium
974 3032 1084 3092 eosque
1115 3019 1189 3076 inter
1210 3034 1242 3076 ιι
1265 3027 1449 3094 comparatos
1480 3019 1518 3078 ad
1542 3021 1625 3098 leges

267 3101 501 3162 harmonicorum
522 3102 742 3177 proportionum
765 3102 919 3188 examinet

831 3333 974 3406 CAPUT
1001 3336 1053 3406 lV.

268 3479 357 3551 Quid
381 3480 604 3536 discriminis
631 3482 678 3540 sit
703 3483 801 3536 inter
826 3481 1029 3538 harmonias
1054 3492 1193 3553 quarto,
1225 3491 1259 3539 et
1289 3486 1381 3542 inter
1407 3486 1488 3542 illas
1517 3490 1626 3543 tertio

760 3568 852 3637 lih2ro
876 3568 1129 3625 consideratas.
1221 3591 1225 3604 ·

523 3667 526 3673 ¹
773 3681 780 3692 .
873 3665 881 3690 ι

356 3712 466 3787 Quanti
487 3730 534 3774 res
556 3715 696 3773 momenti
717 3717 757 3773 sit
777 3714 816 3773 ad
838 3715 913 3774 bene
930 3713 1206 3793 philosophandum,
1230 3715 1409 3795 distinguere
1426 3737 1522 3780 rerum
1541 3721 1626 3793 fines,

270 3805 346 3862 inter
367 3818 399 3859 se
423 3808 550 3877 cognata
572 3801 714 3874 conferre,
742 3819 778 3861 ne
800 3820 853 3880 pro
875 3801 981 3861 iisdem
1003 3803 1176 3878 habeantur,
1204 3808 1340 3882 opposite
1362 3809 1561 3883 committere,
1595 3817 1629 3869 ut

272 3888 462 3960 illustrentur,
494 3888 524 3946 id
543 3887 620 3964 ¹nibil
641 3892 747 3947 attinet
768 3887 892 3964 longiori
915 3907 1047 3950 sermone
1068 3891 1205 3967 praelati.
1248 3892 1345 3967 Quare
1370 3907 1477 3971 operae
1499 3900 1632 3971 pretium

269 3977 365 4048 luerit,
390 3977 497 4047 omnia,
523 3991 598 4051 quae
620 3974 763 4035 hactenus
784 3974 822 4034 ad
844 3975 900 4036 hoc
922 3979 1008 4037 utilia
1031 3978 1077 4037 ιιι
1093 3982 1215 4056 sparsim
1231 3981 1280 4040 ιιι
1296 3984 1448 4043 obscurius
1462 3984 1511 4043 ιιι
1529 3986 1629 4045 obiter

269 4062 446 4135 dictasunt,
470 4063 525 4123 suh
547 4079 638 4120 ιιιιιιιιι
660 4070 812 4138 aspectum
833 4079 994 4140 proponere
1016 4073 1046 4125 et
1066 4067 1160 4125 sicubi
1182 4084 1255 4144 opus
1270 4079 1315 4129 ast
1337 4071 1463 4146 amplius
1477 4071 1629 4132 illustrare

151 4139 159 4164 '
269 4149 366 4226 adque
389 4151 598 4228 praescriptum
622 4150 727 4226 capitis
742 4147 848 4208 lemma
863 4168 899 4210 ex
915 4153 1044 4228 professo
1060 4155 1288 4216 accommodare.
1334 4156 1515 4234 Quintuplex
1536 4163 1637 4236 igitur,

269 4238 423 4298 discrimen
453 4245 497 4298 est
526 4240 601 4298 inter
628 4236 717 4313 hujus
747 4245 778 4297 et
804 4237 1004 4314 praecedentis
1037 4240 1103 4300 libri
1133 4243 1393 4321 contemplationes
1421 4245 1627 4308 harmonicas:

270 4319 362 4386 unum
385 4329 414 4385 in
437 4343 468 4385 re
489 4326 555 4403 ipsa
576 4325 755 4399 harmonica,
779 4342 869 4385 causa
890 4342 962 4385 suae
984 4327 1193 4404 amplitudinis,
1217 4330 1339 4390 alterum
1362 4333 1391 4391 in
1411 4336 1544 4395 terminis
1562 4337 1628 4413 ejus

270 4413 438 4488 sensilibus,
461 4415 577 4473 tertium
602 4415 630 4470 in
654 4430 752 4488 eausa,
776 4430 853 4489 quae
877 4414 1013 4473 conciliat
1035 4415 1203 4477 harmoniae
1226 4436 1308 4479 snam
1333 4425 1502 4496 essentiam,
1534 4440 1631 4500 quar·

269 4509 331 4561 tum
354 4503 385 4560 in
407 4500 494 4561 modo
518 4499 679 4575 inessendi,
711 4502 844 4578 quintum
867 4502 897 4559 in
920 4501 1021 4561 ordine
1042 4521 1212 4579 cansarum,
1235 4523 1311 4582 quae
1333 4508 1459 4568 sormunt
1481 4514 1628 4570 terminos

269 4590 464 4668 proportionis
486 4589 682 4649 harmonicae.

356 4676 381 4736 L
405 4675 491 4753 Quod
513 4694 574 4736 rem
596 4679 690 4755 ipsam
714 4675 825 4748 attinet,
850 4691 928 4751 quae
949 4674 1119 4737 harmonica
1140 4681 1289 4755 proportio
1312 4680 1430 4756 dicitur,
1452 4682 1523 4742 iliae
1548 4684 1627 4745 libro

270 4766 356 4824 tertio
379 4766 502 4840 primum
526 4772 606 4824 ortae
629 4780 647 4823 a
668 4763 848 4824 sectionibus
871 4762 971 4823 circuli
998 4781 1049 4840 per
1070 4764 1178 4841 figuras
1200 4767 1347 4842 regulares
1371 4770 1473 4846 planae
1497 4770 1627 4833 demon·

270 4850 415 4935 strabitur,
438 4868 506 4928 mor
530 4850 568 4911 ad
589 4859 684 4913 rectas
705 4849 801 4913 lineas
822 4850 983 4921 hunslatae
997 4853 1131 4929 interque
1146 4872 1179 4915 se
1194 4856 1367 4916 commissae
1387 4864 1418 4922 et
1434 4860 1627 4937 conjugatae,
