3567 5625
224 412 264 474 86
662 406 704 460 De
721 404 880 475 Figuratum
900 407 1122 462 Harmonicarum

223 584 312 639 ductis
330 579 524 650 diagonalibns.
560 579 625 634 Cnm
649 585 740 634 autem
764 594 842 634 omne
868 579 924 633 tale
943 579 1105 650 triangulum
1131 583 1232 639 habeat
1248 589 1303 639 tres
1323 582 1448 651 (angulos)
1466 581 1573 641 duobus

222 664 304 723 rectis
323 661 463 731 aequales:
491 661 518 714 in
536 659 660 731 trigonici
677 659 760 726 igitur
778 658 878 726 angulo
897 665 940 712 est
962 675 1026 728 pars
1046 661 1143 730 tertia,
1169 661 1200 716 in
1220 661 1379 730 tetragonici
1402 659 1574 718 elementaris

223 740 322 812 angulo
340 755 403 809 para
421 746 525 809 quarta,
544 738 571 791 in
588 737 761 808 pentagonici
778 754 843 808 pars
862 737 965 807 quinta,
983 735 1011 791 in
1029 738 1203 808 heptagonici
1221 753 1285 809 pars
1304 738 1419 807 septima
1437 745 1488 793 eto.
1508 738 1573 795 duo·

223 836 284 875 rum
300 827 443 873 rectorum.
479 817 517 870 Et
533 817 567 870 ab
586 817 637 870 hac
656 815 807 885 quantitate
826 814 919 884 anguli
938 815 1032 884 incipit
1051 815 1247 872 demonstratio
1265 818 1405 886 cujusque.

309 891 366 951 XI.
391 891 582 952 Definitio.
626 891 789 967 Impropria
812 891 1021 950 demonstratio
1050 899 1108 966 est,
1137 908 1205 952 cum
1234 893 1382 971 proportio
1412 892 1513 953 lateris
1535 892 1575 958 ad

226 982 396 1042 diametrum
419 997 455 1039 er
478 980 541 1056 ipso
564 980 737 1056 angulorum
759 995 881 1039 numero
909 979 1075 1039 immediate
1107 979 1241 1040 adbibita
1265 982 1366 1056 nequit
1389 978 1574 1041 determinari

222 1068 492 1219 ¹gneeqrpeltppppl}moisi
515 1066 689 1127 adhibeatur
710 1065 788 1126 latus
811 1065 921 1144 figurae
945 1065 1079 1141 alterius,
1103 1084 1161 1127 non
1186 1066 1277 1147 duplo
1300 1075 1352 1128 aut
1373 1066 1495 1128 dimidio
1516 1079 1575 1129 nu·-¹

310 1259 382 1321 xli.
406 1258 608 1318 Definitio.
654 1255 772 1316 Gradus
793 1256 933 1317 scientiae
956 1255 1064 1318 diversi
1087 1266 1173 1332 sant,
1204 1258 1256 1318 alli
1278 1259 1396 1330 remoti,
1430 1258 1481 1318 alii
1503 1277 1574 1337 pro-

223 1352 334 1430 pinqui.
372 1346 486 1406 Primus
509 1352 538 1403 et
560 1345 708 1421 proximus
730 1342 850 1421 modus,
874 1362 940 1403 cnm
963 1343 1070 1405 lineam
1085 1344 1216 1423 aliquam
1239 1347 1300 1405 scio
1323 1353 1352 1406 et
1374 1344 1573 1407 demonstrare

223 1455 342 1516 possum
364 1451 429 1495 esse
452 1433 592 1492 diametro
615 1432 786 1508 aequalem,
811 1441 862 1491 snt
884 1432 1013 1508 planum,
1037 1433 1106 1493 licet
1129 1436 1214 1494 aliter
1236 1434 1406 1509 formatum,
1431 1433 1586 1511 quadrato

223 1525 355 1586 diametri
378 1521 510 1598 aequale.
1498 1599 1502 1604 Δ

308 1607 360 1662 Hic
377 1620 503 1660 mensura
520 1608 585 1656 nota
601 1601 728 1672 perfecte,
747 1600 851 1657 scilieet
868 1617 900 1658 ss
917 1601 977 1671 ipsa
995 1607 1023 1658 et
1040 1619 1094 1657 nno
1108 1611 1178 1672 actu,
1197 1608 1338 1658 mensurat
1355 1603 1493 1683 noscibile.

309 1696 397 1757 Xlll.
427 1694 626 1753 Definitio.
671 1693 823 1754 Secundus
851 1693 975 1770 gradus,
1006 1711 1073 1753 cum
1101 1693 1242 1754 diametro
1271 1696 1301 1752 in
1333 1683 1449 1771 aliquot
1476 1704 1575 1773 partes

224 1786 362 1864 aequales
384 1789 462 1843 certo
485 1798 605 1840 numero
629 1780 739 1861 divisa,
770 1780 818 1840 vel
840 1781 904 1857 ejus
928 1779 1071 1856 quadrato
1094 1782 1243 1855 similiter,
1272 1781 1352 1842 Dnea
1379 1781 1428 1842 vei
1451 1782 1574 1861 pianum

222 1876 403 1953 propositum
427 1875 569 1945 aequatur
590 1867 643 1926 tali
666 1872 741 1946 parti
764 1867 812 1928 vel
833 1869 975 1946 partibus.
1021 1868 1103 1929 Talis
1126 1870 1204 1929 linea
1233 1868 1338 1928 dieitur
1360 1867 1472 1930 Graeca
1503 1867 1575 1950 ρητη

223 1979 316 2037 pqaes,
347 1957 470 2019 effabilis
492 1955 683 2032 longitudine.
728 1955 854 2015 Planum
876 1972 947 2015 vero
970 1956 1029 2017 tale
1051 1957 1222 2034 simpliciter
1244 1955 1350 2016 dicitur
1372 1951 1475 2037 ρηωτ,
1499 1960 1574 2019 efis-

224 2049 292 2109 bile.
336 2047 479 2105 Numerus
502 2045 578 2102 enim
602 2050 646 2103 eat
667 2053 882 2118 geometrarum,
902 2060 1006 2102 sermo.

310 2128 354 2184 Ad
379 2128 451 2182 hunc
469 2125 597 2180 scientiae
615 2124 729 2195 gradum
746 2127 789 2180 nel
808 2143 858 2196 per
877 2126 1088 2194 descriptionem
1115 2125 1374 2196 inscriptionemquc
1391 2129 1573 2196 pervenimus,

223 2210 265 2266 rel
284 2209 362 2265 aliter
379 2205 458 2260 etiam
476 2219 526 2273 per
543 2205 731 2272 cognationem
749 2221 811 2259 cnm
828 2205 882 2258 alia
899 2204 991 2274 aliqua
1009 2204 1175 2272 quantitate,
1203 2203 1338 2274 adquam
1355 2219 1405 2274 per
1421 2205 1469 2261 tila
1484 2210 1575 2265 madia

223 2288 447 2363 perveniebatur·
459 2284 555 2353 quue
573 2299 628 2338 non
645 2281 806 2339 determinat
823 2283 1025 2354 haecqualitas
1043 2299 1125 2339 unam
1136 2278 1257 2354 aliquam
1270 2285 1465 2354 quantitatem
1484 2301 1574 2357 neque

224 2370 294 2426 enim
313 2366 414 2424 sufficit
431 2365 466 2419 ad
483 2361 747 2430 determinationem,
773 2370 804 2417 ut
822 2362 922 2432 sciam,
950 2361 1053 2432 aliquid
1078 2377 1161 2419 cansa
1183 2364 1454 2419 commensurationis
1472 2366 1511 2421 sic
1528 2365 1573 2426 iel

118 2447 123 2470 ⁸
224 2449 263 2506 sic
281 2462 341 2503 esse
360 2449 551 2513 comparatum,
570 2447 678 2509 oportet
689 2441 771 2496 etiam
782 2441 836 2496 hoc
847 2442 926 2511 scire,
945 2440 1089 2510 quomodo,
1107 2442 1190 2498 idest
1206 2458 1261 2511 qno
1279 2458 1392 2500 numero
1405 2444 1441 2498 sit
1453 2442 1573 2504 effabile.

309 2520 394 2580 XIV.
419 2517 623 2577 Definitio.
668 2514 785 2575 Tertius
814 2516 922 2593 gradus
951 2524 996 2575 eat
1018 2516 1080 2586 iric,
1113 2534 1179 2577 cum
1210 2516 1290 2578 linea
1316 2518 1498 2595 longitudine
1528 2528 1573 2582 est

224 2609 393 2681 ineffabilis,
433 2611 464 2665 at
496 2603 560 2679 sjns
593 2602 767 2679 quadratum
802 2603 919 2663 effabile
949 2611 979 2665 at
1013 2605 1160 2682 pertinens
1189 2602 1229 2664 ad
1256 2606 1417 2668 secundnm
1439 2606 1571 2684 gradum.

202 2761 205 2772 ,
225 2698 339 2758 Dicitur
360 2689 432 2774 ῥητη
454 2698 580 2763 dascusa,
602 2691 728 2751 effabilis
750 2693 890 2768 potentia.

310 2783 380 2845 XV.
403 2779 596 2851 Definitio.
641 2776 699 2854 Qui
722 2786 884 2855 sequuntur
905 2776 1029 2855 padus,
1053 2794 1156 2840 omnes
1177 2778 1364 2859 appellantur
1385 2778 1500 2862 ἄλογοι,
1523 2783 1572 2842 in-

226 2872 365 2935 affabiles.
409 2868 584 2943 Interpretes
606 2865 703 2925 Latini
725 2875 875 2927 verterunt
897 2866 1088 2941 irrationales,
1111 2885 1219 2943 magno
1243 2870 1443 2945 ambiguitatis
1465 2878 1495 2930 et
1517 2872 1573 2931 ab·

225 2959 375 3029 surditatis
397 2954 536 3036 periculo.
567 2953 628 3013 Nos
651 2953 827 3031 sepeliamus
849 2953 927 3013 bunc
950 2957 1032 3015 vocis
1046 2972 1142 3035 nsum,
1165 2957 1237 3031 qnia
1250 2956 1361 3017 multae
1374 2966 1445 3017 sunt
1466 2957 1572 3036 lineae,

225 3065 300 3123 qnae
324 3046 457 3123 quamvis
481 3041 655 3115 ineffabiles,
687 3044 804 3120 optimis
831 3050 928 3101 tamen
960 3044 1144 3102 continentur
1170 3044 1343 3103 rationibus.
1388 3044 1573 3107 Arithmetlcl

225 3133 367 3195 consimili
390 3129 581 3192 translatione
605 3127 753 3207 appellant
776 3146 912 3189 numeros
935 3129 1056 3206 surdos,
1080 3129 1110 3189 id
1132 3138 1177 3190 est
1199 3134 1249 3207 qni
1273 3148 1331 3190 non
1354 3132 1422 3208 plns
1444 3133 1573 3211 loquun-

224 3210 278 3294 tur,
302 3239 389 3298 qnam
404 3217 510 3280 surdus
526 3216 623 3277 audit:
647 3218 699 3277 sed
722 3218 777 3278 sub
799 3217 856 3277 lroc
878 3218 995 3278 nomine
1018 3223 1078 3276 tam
1094 3217 1227 3278 affabiles
1241 3219 1305 3278 sola
1319 3223 1460 3296 potentia,
1484 3239 1574 3298 qnam

224 3309 387 3368 ineffabiles
411 3308 590 3385 quantitates
614 3305 787 3382 intelligunt.
833 3305 885 3364 Est
900 3307 989 3382 igitur
1012 3313 1132 3382 quartus
1155 3307 1185 3364 in
1206 3305 1306 3366 ordina
1322 3306 1439 3384 gradus,
1462 3311 1573 3387 primns

223 3414 293 3456 nero
316 3395 522 3467 ineffabilium,
551 3393 668 3469 qnando
696 3411 749 3453 nee
778 3393 858 3452 linea
887 3409 941 3452 nec
965 3392 1028 3469 ejus
1052 3391 1226 3470 quadratum
1250 3401 1318 3452 sunt
1346 3395 1489 3471 effabilia,
1520 3397 1574 3458 sed

223 3493 319 3544 tamen
343 3482 517 3560 quadratum
539 3481 568 3539 in
584 3480 642 3541 tale
657 3480 858 3558 rectangnium
874 3479 1071 3540 transformari
1087 3488 1193 3558 potest,
1217 3481 1301 3557 cnjus
1316 3480 1409 3543 latera
1424 3487 1482 3543 sint
1498 3485 1573 3545 effa-

222 3573 292 3632 bilia
307 3571 410 3631 saltem
427 3570 566 3650 potentia.
611 3566 694 3629 Haec
709 3570 787 3628 linea
804 3569 909 3629 dicitnr
924 3586 1004 3628 mese
1019 3566 1124 3651 (prop),
1147 3571 1217 3644 qnia
1232 3577 1276 3627 est
1292 3568 1389 3630 media
1404 3574 1573 3649 proportio·

179 3694 181 3703 ν
222 3659 298 3720 nelis
321 3662 395 3720 inter
418 3659 490 3718 duas
514 3656 643 3718 affabiles
666 3657 731 3717 sola
751 3659 883 3735 potentia
899 3655 1189 3717 commensurabiles:
1213 3664 1246 3714 ut
1268 3658 1292 3714 si
1316 3674 1376 3715 nna
1392 3659 1510 3734 quidem
1532 3662 1572 3720 sit

223 3745 346 3808 effabilis
368 3744 559 3823 longitndine,
584 3744 676 3805 altera
698 3744 762 3805 sola
784 3748 929 3822 potentia,
954 3752 1005 3804 aut
1028 3746 1052 3802 si
1077 3750 1201 3820 utraque
1223 3743 1287 3803 sols
1309 3749 1442 3821 potentia
1465 3747 1572 3807 effabi-

222 3833 267 3907 lis,
291 3836 440 3918 potentiae
463 3841 560 3892 tamen
584 3833 711 3892 interae
735 3850 792 3892 non
815 3836 873 3891 sint
897 3840 929 3890 nt
951 3829 1112 3909 quadratus
1133 3848 1272 3891 numerus
1295 3832 1333 3891 ad
1348 3834 1531 3909 quadratum.
1544 3832 1572 3911 ²³)

223 3922 306 3982 Talis
329 3920 407 3980 linea
429 3938 487 3979 non
511 3920 599 3979 scitur
621 3919 670 3978 vel
692 3927 876 3979 mensuratur
898 3917 1080 3994 longitndine
1096 3926 1239 3979 certarum
1254 3922 1379 3997 partium
1402 3921 1572 3999 aequalium

223 4008 367 4081 diametri,
392 4025 447 4067 nec
470 4008 534 4083 ejus
559 4006 731 4082 quadratum
755 4007 897 4085 quadrato
921 4007 1072 4081 diametri3
1103 4006 1154 4065 sed
1177 4024 1231 4067 nec
1254 4007 1348 4068 lineae
1371 4019 1574 4070 mensurantur

223 4115 242 4157 a
267 4095 409 4156 diametro
433 4096 536 4155 ambae
558 4093 654 4165 simul,
678 4096 751 4155 inter
774 4113 847 4171 quas
871 4111 950 4153 mese
973 4102 1018 4153 est
1039 4093 1136 4153 media
1157 4096 1399 4173 proportionalis,
1428 4097 1481 4157 sed
1504 4097 1573 4158 illa·

225 4202 291 4244 rum
315 4182 456 4242 linearum
479 4183 631 4259 quadrata,
655 4180 728 4242 baec
751 4183 866 4243 demum
889 4202 909 4241 a
930 4182 1072 4258 quadrato
1097 4182 1228 4243 diametri
1252 4194 1463 4245 mensurantur.
1488 4184 1571 4261 Qua-

105 4275 117 4294 *
225 4272 340 4333 dratum
364 4289 458 4332 meses
482 4278 511 4330 et
534 4273 628 4347 ipsum
652 4276 760 4330 meson·
776 4271 893 4343 dicitur,
918 4271 982 4329 sine
1004 4272 1043 4329 sit
1066 4270 1174 4330 formae
1197 4272 1357 4347 quadratae
1382 4275 1478 4333 souin
1494 4281 1572 4334 rect·

222 4360 360 4438 angulum
383 4366 605 4431 transmutetnr;
628 4366 732 4434 estque
754 4358 811 4418 boc
833 4358 956 4417 altarum
980 4357 1060 4434 plani
1083 4375 1192 4434 genus,
1215 4369 1284 4435 post
1299 4359 1414 4420 effabile
1436 4360 1569 4437 planum.

222 4448 260 4507 Et
281 4448 361 4506 bisce
384 4446 499 4507 dnobus
521 4446 632 4524 planis,
662 4441 773 4506 effabili
805 4453 835 4506 et
863 4462 964 4524 meso,
993 4454 1150 4521 sequentes
1171 4449 1284 4522 species
1313 4450 1388 4506 inter
1409 4465 1441 4507 ss
1465 4447 1571 4508 distin·

221 4542 355 4613 guantur.
1273 4582 1278 4603 ,

308 4621 394 4681 XVl.
418 4622 619 4683 Definitio.
666 4620 711 4679 ild
744 4620 836 4681 lineas
867 4618 941 4680 alias
971 4617 1133 4697 singulares
1155 4621 1295 4679 transitus
1327 4626 1372 4679 est
1400 4623 1486 4682 nobis
1518 4640 1571 4701 per

224 4709 441 4786 copulationem
463 4709 606 4770 linearum
627 4708 777 4781 binarum,
811 4725 886 4785 qnae
914 4710 996 4784 ipsae
1027 4723 1143 4783 qnoque
1172 4725 1267 4767 nonos
1294 4707 1402 4783 gradrn
1430 4713 1570 4772 scientiae

223 4797 419 4873 interponunt.
473 4796 594 4858 Secetnr
621 4815 649 4855 n.
681 4797 730 4856 vel
758 4796 898 4856 diameter
925 4793 974 4856 voi
1002 4795 1103 4872 aliqua
1129 4795 1270 4856 diametro
1300 4798 1570 4859 commensurabilia

226 4883 329 4945 saltem
350 4887 483 4962 potentia
505 4892 534 4946 et
556 4887 600 4948 sio
621 4884 759 4964 effabilis,
790 4891 842 4946 ant
864 4884 953 4944 etiam
974 4881 1074 4961 aliqua
1096 4900 1189 4959 mese,
1220 4890 1352 4961 secetur,
1374 4886 1511 4966 iuquam,
1539 4889 1570 4947 in
