3567 5625
269 432 333 493 225
683 422 726 479 lle
744 418 1012 493 Contigurru'nmhus
1029 423 1209 480 Harmomds

268 608 401 687 proxime
417 602 548 677 adstans,
573 619 671 662 massa
687 603 773 661 nimis
785 618 879 678 eoque
903 610 934 661 et
948 601 1087 663 inhabilis
1103 604 1158 662 fuit
1176 602 1214 662 ad
1230 602 1427 682 recipiendam
1441 602 1626 681 purissimam

267 694 464 774 proportionis
487 690 593 765 ideam,
618 691 732 767 etjam
755 692 854 748 statim
877 689 1012 768 pluribus
1034 690 1198 768 explicabo.

355 780 440 840 Nunc
462 780 539 838 enim
562 778 601 837 ad
623 779 805 854 energeticas
827 775 984 837 facultates
1008 781 1110 849 venio,
1133 795 1211 855 quse
1232 780 1308 838 eirca
1330 778 1534 855 proportiones
1556 775 1627 834 har-

268 871 401 929 municas
430 873 619 944 occupantur.
665 865 719 924 Est
741 883 768 923 u.
797 863 871 924 haec
895 880 1013 940 quoque
1038 865 1160 943 duplex,
1191 884 1260 925 nam
1290 875 1342 926 aut
1370 870 1400 923 in
1432 882 1464 924 se
1487 868 1552 941 ipsa
1581 871 1627 922 est

270 973 404 1036 operosa,
427 961 479 1014 aut
501 956 532 1011 in
553 954 641 1012 rebus
664 964 746 1012 extra
767 968 814 1023 se,
839 954 976 1027 utrinque
999 953 1166 1012 assimilans
1190 970 1280 1032 opera
1301 970 1356 1012 sua
1377 951 1625 1031 proportionibus,

270 1054 323 1105 aut
344 1042 485 1102 inducens
507 1040 562 1099 has
585 1043 615 1098 in
637 1040 699 1099 illa.
743 1039 781 1097 Et
803 1037 855 1099 illa
878 1039 998 1114 quidem
1019 1043 1159 1118 passivae
1181 1043 1285 1099 similis
1308 1048 1362 1113 est,
1386 1043 1444 1098 ista
1465 1042 1539 1098 citra
1554 1054 1626 1096 con·

267 1130 440 1192 troversiam
463 1130 492 1185 in
516 1126 631 1204 agendo
655 1134 819 1195 exercetur,
850 1126 902 1184 illa
926 1129 1015 1203 igitur
1036 1130 1204 1188 interiorum
1227 1131 1343 1188 animae
1365 1126 1539 1187 facultatum
1562 1142 1627 1184 rur-

267 1232 333 1278 sum
355 1226 401 1278 est
422 1215 550 1287 soboles,
575 1218 632 1274 ista
654 1216 853 1291 superiorum,
881 1212 935 1272 ilia
956 1223 1079 1274 naturae
1102 1217 1213 1274 viribus
1237 1217 1352 1287 subest,
1382 1216 1456 1274 haee
1478 1212 1626 1272 voluntati

268 1307 405 1377 hominis,
428 1303 481 1362 illa
503 1318 574 1361 sane
589 1310 672 1362 motu
687 1300 780 1381 pollet
795 1301 987 1375 alterationis,
1011 1320 1100 1377 qnam
1117 1306 1230 1381 corpori
1251 1321 1306 1363 suo
1320 1302 1434 1375 inferat,
1459 1309 1491 1361 ut
1507 1303 1627 1360 omnino

269 1393 404 1453 facultati
431 1392 527 1449 subsit
556 1390 649 1449 vitali.
695 1387 783 1465 Quod
814 1391 890 1447 enim
922 1387 1101 1449 delectamur
1130 1390 1290 1450 harmoniis
1312 1407 1465 1453 sonorum.
1498 1390 1627 1466 speeiem

267 1481 415 1561 passionis
437 1477 536 1552 habet,
559 1479 668 1556 quippe
692 1476 871 1536 definitionis
895 1473 1161 1556 demulsionisque,
1188 1478 1265 1539 unde
1289 1481 1377 1537 etiarn
1401 1495 1419 1536 a
1440 1475 1627 1555 philosophis
1680 1554 1684 1565 ἶ

268 1587 288 1628 a
309 1565 448 1646 patiendo
472 1564 639 1643 sympathia
661 1563 768 1623 dieitur
789 1566 953 1623 animorum
977 1581 1043 1623 cum
1066 1575 1167 1640 mutu,
1199 1574 1244 1626 est
1270 1574 1368 1625 umen
1397 1583 1428 1624 re
1452 1581 1522 1623 vers
1554 1580 1628 1640 ope·

268 1659 344 1715 ratio
367 1657 491 1726 animae,
514 1652 640 1713 naturali
664 1658 745 1710 motu
767 1654 883 1727 agentis
905 1653 936 1709 in
958 1668 990 1710 se
1006 1655 1100 1729 ipsam
1115 1669 1239 1729 seseque
1254 1655 1469 1726 exsuscitantis,
1493 1651 1531 1710 ad
1547 1649 1627 1726 quod

269 1742 321 1802 illa
343 1758 401 1801 non
424 1740 546 1801 consilio
570 1756 624 1799 nec
647 1739 807 1811 voluntate,
831 1737 884 1798 sed
907 1741 1046 1798 instinctu
1070 1741 1196 1801 naturali
1219 1741 1309 1800 fertur
1330 1740 1478 1816 habetque
1501 1740 1563 1813 jam
1588 1739 1627 1795 ab

268 1832 334 1909 ipso
356 1838 421 1890 ortu
445 1845 591 1889 connexas
614 1834 644 1886 et
666 1828 695 1883 in
718 1842 807 1885 unum
831 1828 916 1901 quasi
940 1826 1080 1885 conflatas
1103 1827 1185 1886 ideas
1208 1836 1237 1888 et
1252 1829 1520 1887 harmoniarum-in
1536 1841 1627 1885 sonos

269 1921 536 1996 incorporatamm,
566 1921 597 1974 et
623 1914 809 1973 affectionum
838 1914 928 1972 animi
959 1915 1212 1991 respondentium,
1243 1926 1276 1973 ut
1303 1932 1362 1975 non
1393 1916 1478 1975 aliter
1508 1915 1566 1991 ipsi
1589 1915 1629 1971 sit

268 2005 443 2081 implantata
469 2003 537 2063 idea
567 2002 753 2075 harmoniae,
790 2017 878 2076 quam
916 2011 1061 2076 quatenus
1098 2001 1238 2062 laetificat
1271 2014 1374 2081 estque
1405 2000 1626 2062 delectabilium

270 2091 383 2170 aliquid
406 2099 436 2150 et
458 2098 602 2167 qnatenus
626 2097 670 2149 est
692 2087 777 2148 ideae
798 2096 896 2149 motus
919 2089 1075 2147 conformis
1097 2090 1235 2168 implexa.
1282 2090 1348 2150 Hoc
1371 2094 1473 2168 opinor
1490 2087 1628 2147 Proclum

270 2197 358 2258 supra
388 2178 535 2251 voluisse,
567 2195 632 2236 eum
656 2176 826 2249 affirmaret,
857 2175 1064 2253 paradigmata
1091 2194 1184 2236 rerum
1215 2178 1487 2237 mathematicarum
1519 2177 1629 2251 (etsie

272 2269 360 2327 etiam
382 2264 535 2343 multoque
557 2266 653 2339 magis
675 2263 908 2337 harmoniarum)
929 2265 1027 2323 inesse
1054 2268 1083 2322 in
1106 2273 1204 2324 mente
1229 2265 1466 2325 intellectualiter
1488 2261 1628 2343 (respue),

270 2356 300 2413 in
327 2356 426 2414 anima
456 2370 526 2413 vero
554 2351 682 2410 vitaliter
709 2346 871 2430 (ζωτικως);
900 2353 943 2409 sic
958 2367 1000 2439 n.
1029 2353 1145 2411 inerunt
1171 2354 1259 2412 etiam
1288 2356 1317 2411 in
1340 2352 1480 2412 facultate
1509 2350 1629 2409 auditus

270 2457 385 2514 sonore,
408 2432 437 2498 in
460 2440 544 2499 vitali
568 2439 769 2498 sublunarinm
791 2438 908 2498 radiuse
930 2446 960 2497 et
982 2443 1141 2515 operative,
1166 2458 1206 2499 sc
1230 2457 1287 2500 non
1310 2450 1378 2499 sunt
1400 2442 1465 2518 ipsa
1487 2436 1631 2516 paradig-

272 2536 354 2588 mata
375 2545 449 2605 pura
470 2529 600 2600 interna,
624 2526 677 2586 sed
699 2528 798 2585 icones
822 2524 955 2596 illorum,
978 2526 1057 2585 fetas
1080 2528 1214 2587 derivati.

352 2612 444 2693 ,Quod
466 2632 537 2674 vero
560 2631 619 2675 non
643 2622 756 2673 tanturn
779 2612 959 2673 delectamur
981 2614 1133 2674 harmonia
1149 2623 1261 2688 cantus,
1285 2612 1337 2672 sed
1354 2615 1443 2672 etiam
1459 2612 1630 2688 digitorum,

272 2706 344 2776 nrls,
373 2701 481 2780 pedum
504 2704 692 2779 corporisque
720 2708 817 2758 motus
840 2694 1111 2774 accommodamus,
1142 2702 1255 2778 idjam
1282 2709 1465 2779 praestamus
1488 2699 1629 2759 facultate

271 2789 408 2863 animali,
432 2789 538 2866 juncta
566 2788 727 2848 vuluntate.
774 2788 815 2847 At
842 2805 909 2848 cum
932 2792 1020 2850 etiarn
1044 2807 1147 2851 rocem
1175 2791 1214 2851 ad
1237 2789 1404 2848 harmonias
1429 2787 1630 2864 intelligibiles

272 2876 535 2951 accommodamus,
558 2877 733 2937 meditantes
756 2878 930 2936 concinnum
953 2889 1079 2951 cantum,
1103 2887 1191 2939 antea
1214 2896 1272 2937 non
1289 2869 1431 2949 ¹auditum,
1455 2875 1503 2936 hic
1525 2893 1631 2954 supre-

272 2968 330 3026 mis
351 2963 517 3040 infimisque
541 2965 677 3024 omnibus
701 2963 890 3022 facultatibus
914 2966 1037 3040 utimum
1060 2968 1203 3044 supremis
1226 2964 1355 3041 quidem,
1383 2962 1462 3041 quod
1487 2973 1517 3023 et
1541 2963 1630 3023 volu·

272 3069 336 3112 mus
361 3059 390 3109 et
413 3050 535 3111 consilio
557 3054 674 3123 utimur,
699 3050 883 3109 inferioribus
909 3068 992 3125 vero,
1017 3053 1095 3130 quod
1119 3070 1274 3131 possumus
1300 3061 1329 3111 et
1351 3051 1429 3127 quod
1454 3052 1541 3110 etiam
1566 3053 1630 3110 sine

272 3138 470 3199 intellectione
492 3141 711 3217 proportionum
731 3137 814 3197 solas
837 3138 919 3198 ideas
943 3141 1173 3214 intervallorum,
1196 3135 1301 3199 natura
1329 3140 1518 3216 inplentatas,
1542 3147 1631 3197 cantu

274 3228 477 3304 exprimimus,
508 3226 688 3286 inconcinnis
716 3226 850 3285 omnibus
879 3226 1021 3303 exclusis,
1053 3246 1106 3305 per
1132 3228 1196 3287 sola
1225 3227 1383 3287 intervalia
1409 3228 1553 3287 concinna
1584 3225 1631 3284 di-

221 3335 227 3341 ·
273 3333 313 3374 va
332 3323 426 3373 autes.
759 3321 761 3326 '

313 3332 333 3393 g
358 3401 510 3461 Hactenus
532 3400 622 3475 igitur
644 3399 804 3477 explicatas
826 3399 982 3462 facultates
1005 3402 1189 3462 harmonicas
1213 3402 1378 3462 essentialis
1403 3399 1454 3459 illa
1477 3400 1631 3460 harmonia

273 3490 356 3550 Deus
377 3491 441 3566 ipse
463 3489 625 3565 exspiravit
654 3487 796 3559 creando,
829 3497 862 3546 ut
883 3491 935 3565 qui
965 3497 1010 3548 est
1032 3488 1118 3551 οὐσια
1141 3488 1280 3568 iesuperu,
1311 3490 1524 3566 inspiravitqne
1553 3487 1630 3547 hanc

272 3576 446 3656 particulam
474 3592 546 3633 suae
576 3576 711 3650 imaginis
738 3576 768 3631 in
799 3578 912 3635 animas
935 3579 1053 3638 omnino
1077 3594 1196 3651 omnes,
1224 3576 1385 3636 secundum
1407 3578 1502 3653 magis
1530 3582 1629 3636 tamur

273 3668 434 3737 otuinus,
458 3679 518 3742 qua
541 3663 735 3722 inculcatione
757 3661 844 3723 finem
866 3665 987 3741 impono
1010 3673 1040 3725 et
1061 3666 1129 3726 huic
1152 3667 1249 3743 capiti.

844 3875 987 3968 curer
1014 3899 1064 3969 ut.

275 4041 366 4109 Quae
392 4037 460 4093 sint
485 4052 612 4108 genera
637 4058 698 4090 των
723 4019 1036 4108 ippecnsseffloc
1066 4049 1118 4096 est
1146 4058 1260 4096 rernm
1284 4057 1342 4097 seu
1365 4042 1544 4097 sensilium
1571 4059 1627 4096 seu

274 4123 594 4193 immateriatarum,
612 4122 648 4176 in
667 4123 796 4190 quibus
815 4140 997 4195 expressae
1016 4133 1092 4182 sunt
1110 4129 1306 4185 harmoniae
1325 4130 1397 4184 sire
1416 4146 1433 4184 a
1452 4135 1535 4198 Deo,
1556 4131 1628 4185 sive

732 4211 771 4265 ab
789 4210 924 4267 homine
949 4221 983 4267 et
1002 4214 1175 4282 quomodo.
1241 4253 1242 4256 ,

365 4358 527 4417 Distinctas
551 4374 615 4417 esse
639 4360 827 4433 quaestiones
842 4357 927 4417 facile
942 4365 1038 4435 patet:
1067 4362 1098 4434 l)
1122 4363 1167 4418 eui
1183 4362 1274 4420 insint
1295 4362 1463 4422 harmoniae
1487 4369 1628 4439 tanquam

280 4448 389 4521 agenti,
412 4446 557 4520 formenti,
580 4462 632 4504 seu
657 4446 768 4523 opifici,
803 4447 837 4522 2)
860 4447 907 4504 eui
931 4448 1019 4505 insint
1042 4457 1181 4523 tanquam
1202 4451 1282 4526 operi
1305 4450 1438 4509 formato.
1477 4449 1523 4509 De
1540 4452 1626 4528 priori

277 4535 390 4609 egimus
412 4532 571 4603 hactenus,
595 4531 631 4591 de
653 4535 805 4610 posteriori
828 4549 906 4593 nunc
921 4550 1013 4616 porro
1035 4534 1181 4610 agendum
1204 4539 1378 4596 accuratius.

361 4619 420 4679 Res
448 4622 536 4696 igitur
566 4636 666 4680 omnes
698 4620 745 4681 vel
767 4627 836 4679 snnt
867 4623 1078 4681 immateriatae
1106 4622 1154 4682 vel
1184 4628 1306 4684 materia
1335 4626 1520 4702 participant.
1566 4623 1626 4682 Im·

275 4710 428 4768 materiata
449 4716 496 4767 est
517 4710 616 4768 anima
638 4706 787 4787 (respectu
811 4708 929 4785 quidem
953 4710 1097 4789 eorporis)
1119 4718 1207 4786 atque
1224 4712 1304 4784 haee,
1327 4720 1360 4770 ut
1375 4711 1517 4771 haetenus
1540 4728 1626 4771 usur-

276 4798 420 4873 pavimus,
443 4803 507 4855 tota
527 4802 662 4873 respectu
684 4815 756 4858 suae
779 4798 924 4857 essentiae
948 4795 1092 4874 descripta
1114 4807 1160 4858 est
1181 4799 1280 4858 aDeo
1304 4802 1332 4856 in
1354 4798 1409 4859 has
1424 4801 1625 4878 proportiones

276 4882 468 4956 harmonicas,
492 4899 626 4959 quaeque
649 4886 729 4961 prius
753 4888 866 4944 inerant
887 4886 1004 4945 animae
1027 4892 1061 4945 ut
1083 4886 1189 4963 opifici,
1212 4904 1252 4946 sc.
1275 4892 1309 4947 nt
1330 4895 1377 4948 est
1397 4889 1526 4965 energia,
1549 4904 1626 4947 nunc
