3567 5625
489 402 629 463 lodidum
645 403 757 477 liapleri
775 403 810 464 de
826 418 1015 463 mensurarum
1032 402 1209 475 amatione.
1454 406 1516 468 eit

170 577 263 637 doceri
280 579 403 650 publice,
420 580 569 651 propositis
588 580 769 653 documentis,
795 587 827 639 ut
843 582 987 653 adjuretur
1004 580 1174 638 subditorum
1191 579 1371 637 imbecillitas.
1406 579 1433 646 2)
1450 578 1519 638 Para

170 667 213 716 est
226 651 367 728 justitiae,
393 677 475 729 quam
503 669 531 717 et
548 676 642 717 sacrae
664 660 759 718 literae
781 661 920 718 inculcant
940 660 1103 732 populorum
1125 660 1349 718 moderatoribus.
1385 657 1455 729 Quia
1471 657 1518 710 im-

167 740 318 811 perandam
336 747 386 809 est,
405 740 592 796 conservanda
608 740 690 795 edam
707 741 813 811 imperii
830 756 930 796 aroana
941 748 970 796 et
980 740 1159 798 instrumenta
1170 739 1325 795 necessarIa
1345 736 1518 804 cavendaque

169 818 340 875 incommoda
352 825 381 873 et
392 818 489 876 turbae
501 818 582 874 etiam
591 834 641 889 per
652 819 820 889 indirectum,
832 820 925 890 itaque
938 820 1018 874 etiam
1030 835 1081 888 per
1091 817 1312 887 inaequalitatem
1324 829 1519 872 mensurarum.

254 898 374 954 Primum
391 899 602 954 instrumentum
620 914 681 953 ease
699 898 902 967 gubernationis
920 899 992 953 hanc
1015 898 1238 969 inaequalitatem
1255 898 1423 968 persuadeor
1440 910 1519 962 argu·

169 977 267 1032 mentis
285 977 337 1044 bis,
355 984 487 1048 quantum
505 992 599 1052 eorum
613 976 671 1046 jam
690 977 815 1033 occurrit.
852 978 942 1045 Saepe
959 984 1080 1034 mutatur
1096 978 1203 1049 pondus
1222 988 1270 1035 aut
1281 992 1408 1034 mensura
1425 982 1473 1030 aut
1484 972 1519 1027 ad

169 1056 351 1114 sublevandos
379 1058 476 1127 inopes
502 1063 550 1112 aut
583 1058 612 1112 in
638 1055 771 1112 bellorum
796 1057 1014 1113 necessitatibus.
1056 1055 1216 1127 (Belgarum
1246 1056 1361 1112 Romani
1391 1051 1519 1120 meuses.)

169 1136 221 1191 Hic
239 1136 323 1205 igitur
341 1135 528 1192 consideratur
545 1141 593 1191 ant
611 1135 775 1191 existimatio
801 1129 977 1208 magistratus
1003 1144 1051 1192 aut
1076 1137 1265 1207 compendium
1290 1135 1519 1203 nicaenumque
1607 1197 1610 1208 .

170 1215 373 1286 periullaciam.
400 1216 531 1273 Mensura
542 1216 614 1271 enim
631 1222 735 1271 mutata
753 1217 870 1272 admittit
887 1222 1059 1287 praetextum
1076 1216 1264 1287 impediendae
1281 1215 1406 1285 publicae
1423 1211 1520 1282 iniqui·

169 1297 253 1364 tatis,
280 1311 330 1351 nec
355 1296 446 1350 statim
465 1295 569 1365 patefit,
595 1296 694 1350 mntmi
711 1311 740 1351 re
757 1312 822 1351 vera
838 1313 929 1352 rernm
946 1297 1042 1366 pretia.
1079 1297 1196 1351 cavetur
1216 1295 1298 1364 igitur
1321 1293 1421 1349 invidia
1439 1290 1520 1358 vulgi.

121 1375 125 1382 ’
173 1376 218 1431 Sic
236 1376 283 1446 qni
300 1389 441 1430 mensuras
458 1376 562 1440 minuit,
579 1374 721 1443 pretiaqne
740 1391 795 1432 una
811 1376 916 1443 minuit,
935 1383 1047 1444 putatur
1063 1375 1265 1445 proportionem
1277 1374 1414 1429 custodire
1431 1369 1521 1442 pristi-

170 1471 246 1520 nam,
266 1453 317 1509 etsi
334 1454 405 1509 hanc
422 1452 540 1509 fortasse
563 1468 594 1508 ra
611 1468 675 1507 vera
691 1459 788 1508 mutat.
824 1453 902 1521 Quae
928 1461 1106 1524 exportantur
1131 1454 1268 1524 copiosius
1295 1467 1376 1520 quam
1401 1449 1520 1518 expedit,

170 1550 222 1589 nec
239 1533 319 1588 aliter
335 1532 451 1587 inhiberi
473 1540 599 1602 possunt,
624 1532 780 1588 introducta
807 1549 950 1589 mansurae
974 1533 1130 1589 diversitate
1157 1534 1319 1590 inhibentur.
1355 1531 1521 1585 Mercatores

168 1612 267 1668 lucello
298 1611 409 1667 minoris
435 1626 578 1666 mensurae
604 1627 655 1681 per
681 1611 922 1672 dissimulationem
940 1614 1097 1684 propositae
1115 1614 1264 1667 invitantur
1289 1609 1324 1664 ad
1350 1604 1521 1677 importunde

170 1692 333 1748 necessaria
367 1690 526 1747 Assusiiunt
539 1692 620 1746 etiam
636 1691 739 1747 subditi
755 1694 791 1749 ad
804 1692 973 1762 capessenda
985 1693 1098 1762 imperia
1111 1700 1138 1746 et
1152 1688 1353 1762 agnoscendum
1366 1685 1520 1741 dominium.

170 1771 258 1841 Saepe
290 1770 407 1826 lancula
424 1770 538 1826 mutatio
568 1786 711 1826 mensurae
733 1772 803 1827 viam
826 1777 950 1843 praestat
984 1770 1106 1825 occultae
1131 1776 1159 1824 et
1181 1769 1338 1824 fructuosae
1364 1764 1522 1821 exactionis.

169 1851 255 1920 dium
272 1849 354 1919 huius
371 1848 409 1904 rei
428 1848 552 1919 egregios
570 1848 688 1906 artifices
706 1849 791 1907 fnisse
809 1851 938 1906 Venetos.
961 1849 1062 1918 Vicini,
1080 1848 1128 1919 qui
1146 1847 1212 1903 talia
1229 1847 1340 1914 iaciunt,
1357 1851 1459 1916 cogunt
1470 1859 1521 1898 nos

171 1929 207 1986 ad
224 1930 304 1985 idem.
1081 1983 1085 1996 ,

257 2007 418 2075 Priusquam
435 2013 526 2061 tamen
546 2006 656 2062 confieri
674 2008 778 2079 possit,
804 2007 929 2075 ingentes
956 2009 1083 2065 videntur
1100 2008 1197 2064 turbae
1214 2003 1384 2062 metuendae.
1420 2003 1522 2074 Magna

121 2128 124 2134 .
168 2087 271 2143 orietur
295 2084 368 2157 apud
391 2084 498 2155 plebem
516 2086 659 2154 contusio,
677 2100 740 2140 nam
758 2085 815 2141 auis
837 2102 903 2156 gens
930 2088 1042 2159 quasvis
1068 2087 1202 2143 mansuris
1227 2084 1363 2154 assuevit,
1389 2084 1423 2139 iis
1450 2084 1521 2138 vitae

168 2167 347 2223 necessitates
358 2164 477 2233 metitur,
496 2164 615 2221 existent
630 2163 742 2220 fraudes
754 2165 892 2235 plurimae,
913 2167 976 2222 dum
989 2166 1153 2234 callidiores,
1171 2164 1352 2234 intelligentia
1363 2162 1520 2218 mutationis

170 2248 257 2315 abusi,
275 2245 391 2301 illudent
409 2243 592 2315 simplicibus,
616 2245 695 2298 multi
718 2245 752 2300 de
773 2245 826 2299 bac
850 2246 1045 2315 inaequalitate
1062 2247 1198 2309 victitant,
1221 2244 1331 2300 canturi
1348 2242 1523 2298 necessariisr

171 2327 196 2383 ai
223 2325 258 2382 ab
282 2340 316 2380 aa
333 2325 524 2380 destituantur.
560 2322 653 2378 Omnis
671 2330 850 2379 mercatorum
881 2326 1050 2395 experientia
1067 2325 1261 2382 annihilabitur
1287 2335 1316 2384 et
1340 2322 1523 2381 turbabuntur

171 2403 342 2461 commercia.
387 2402 509 2470 Cumque
537 2400 624 2456 omnis
652 2402 760 2470 generis
787 2403 947 2474 compendia
973 2410 1002 2457 et
1028 2402 1139 2459 fraudes
1166 2421 1215 2474 per
1240 2405 1312 2461 hauc
1337 2402 1521 2461 diversitatem

169 2489 357 2551 exerceantur,
374 2481 481 2536 videtur
492 2479 643 2549 aequalitas
655 2481 762 2536 nonnisi
781 2484 895 2552 pervim
909 2482 1025 2539 stabiliri
1037 2499 1126 2554 posse.
1162 2483 1280 2541 Tantum
1292 2498 1400 2555 operae,
1417 2488 1523 2536 mutum

170 2563 327 2634 vigilantiam
344 2559 491 2632 imponitur
507 2560 711 2628 magistratibus
728 2562 854 2617 omnibus
870 2579 887 2617 a
909 2578 1014 2617 summo
1026 2562 1061 2617 ad
1074 2570 1234 2633 postremos,
1253 2570 1283 2617 ut
1294 2561 1392 2617 merito
1404 2558 1523 2627 dubites,

171 2660 205 2700 an
224 2658 323 2715 operae
348 2640 465 2711 pretinm
481 2640 517 2694 sit
539 2639 662 2696 laturum
688 2640 756 2697 baec
773 2641 818 2696 lex
837 2642 950 2713 perlata.
986 2643 1062 2697 Haec
1079 2642 1208 2699 Stemma
1224 2642 1322 2712 tetigit,
1348 2656 1410 2696 cum
1426 2637 1524 2705 innuit,

171 2742 228 2781 rem
248 2737 309 2778 esee
326 2723 354 2776 in
371 2721 485 2791 imperio
503 2735 572 2791 pene
590 2721 800 2792 impossibilem,
828 2738 882 2791 quo
907 2721 1010 2777 multae
1035 2722 1242 2777 communitates
1259 2737 1362 2777 marum
1381 2719 1522 2789 imperium

174 2801 298 2860 caesaris
325 2798 449 2856 deleam
474 2806 614 2870 respuunt.
656 2799 889 2857 Considerandum
916 2802 1014 2870 etiam,
1046 2816 1153 2871 semper
1178 2800 1265 2857 fuisse
1290 2799 1519 2870 inaequalitatem

172 2885 302 2939 Fortasse
320 2895 371 2935 nec
388 2880 427 2934 ita
443 2878 597 2934 necessaria
609 2888 651 2935 est
662 2880 824 2936 universalis
836 2882 996 2951 aequalitas,
1015 2881 1096 2937 modo
1113 2881 1186 2938 iutra
1198 2898 1281 2937 unum
1297 2888 1404 2938 coetum
1416 2883 1524 2933 maneat
1552 2902 1554 2904 ·

171 2978 257 3018 unum
283 2972 370 3026 genus
392 2972 543 3012 mensurae.
581 2957 613 3011 ln
631 2957 748 3013 metallis
767 2959 894 3028 pretiosis
917 2961 1073 3016 necessaria
1097 2961 1151 3017 iuit
1175 2962 1336 3017 universalis
1363 2958 1523 3029 aequalitas,

172 3038 237 3109 qnia
259 3052 476 3107 quaquaversum
494 3036 653 3106 pervadunt.
688 3037 751 3093 Nou
768 3038 808 3092 ita
824 3053 944 3106 merces,
968 3055 1038 3108 quas
1055 3047 1149 3095 vectus
1167 3040 1280 3111 impedit
1296 3049 1346 3097 aut
1362 3048 1460 3097 natura
1476 3044 1524 3093 aut

173 3117 261 3188 eopia.
295 3117 392 3185 Neque
419 3115 490 3169 euim
515 3115 661 3171 Austriace
686 3118 750 3172 vina
773 3116 931 3172 inseruntur
956 3118 983 3173 in
1010 3118 1121 3174 Gallias.
1158 3121 1210 3174 Est
1236 3128 1327 3176 autem
1354 3120 1523 3190 quarundam

118 3246 123 3255 .
172 3198 304 3252 mercium
321 3201 419 3251 natura
435 3194 507 3265 talis,
525 3202 556 3249 nt
574 3195 609 3250 ad
628 3195 811 3252 diversitatem
828 3212 1016 3251 mensurarum
1033 3197 1137 3267 inritet,
1156 3212 1179 3252 v.
1197 3215 1220 3254 c.
1240 3198 1407 3253 numentum
1428 3212 1523 3252 recena

173 3284 202 3333 et
220 3282 307 3344 vetus,
326 3284 444 3330 mustum
463 3281 491 3329 et
508 3275 607 3330 vinum.
643 3276 720 3343 Quae
738 3275 919 3343 inaequalitas
937 3277 990 3332 etsi
1006 3275 1067 3332 tolli
1078 3276 1145 3331 etin
1158 3276 1276 3332 valorem
1288 3278 1406 3333 manaim
1423 3280 1523 3348 potest,

171 3373 226 3412 non
244 3354 326 3411 facile
343 3353 371 3408 id
388 3360 481 3424 potest
497 3354 531 3407 ob
548 3354 686 3409 bominum
706 3354 937 3411 consuetudinem.

259 3434 362 3505 Opinor
378 3433 471 3501 itaque
486 3432 670 3490 inconsultum
688 3451 756 3502 ease,
775 3437 845 3490 bauo
862 3436 951 3507 legem
978 3437 1069 3508 rogari
1087 3437 1121 3492 ad
1140 3437 1271 3507 populum
1288 3432 1524 3504 autpromulgari

172 3515 265 3570 statim
281 3511 367 3567 initio.
404 3510 475 3580 Quin
492 3512 583 3581 potius
600 3513 764 3582 pedetentim
782 3516 952 3584 procedatur.
987 3518 1165 3585 Magistratus
1184 3533 1234 3587 pro
1247 3532 1277 3571 se
1288 3516 1403 3586 quisque
1414 3515 1526 3583 erigant

174 3609 225 3650 sua
240 3591 341 3647 telonia
358 3597 387 3645 et
404 3590 617 3647 conmibutionm
635 3592 770 3662 etiamque
788 3593 913 3663 publicos
931 3610 1070 3651 mensores
1088 3596 1265 3651 constituant.
1300 3593 1362 3648 Fiet
1380 3601 1410 3647 ut
1428 3592 1524 3661 vulgus

174 3673 294 3745 pertaesi
311 3672 408 3727 harum
425 3671 626 3726 divexationum
645 3672 776 3742 paulatim
793 3672 821 3727 iu
845 3686 927 3728 unam
950 3674 1022 3729 illam
1045 3676 1252 3743 magistratuum
1270 3673 1358 3741 legem
1375 3679 1524 3730 transeant.

260 3750 395 3820 Equidem
412 3749 579 3806 fortitudinis
597 3758 640 3807 eat
656 3752 803 3824 proprium,
821 3752 850 3807 in
867 3750 1024 3808 difficilibus
1051 3751 1179 3824 occupari
1204 3751 1240 3808 ad
1266 3767 1345 3806 usum
1373 3751 1524 3823 publicum;

173 3830 254 3891 modo
272 3845 327 3886 non
354 3829 425 3885 desit
452 3828 605 3885 fortitudini
629 3831 771 3887 eonsilium
798 3839 827 3887 et
853 3831 1067 3902 circumspectio.
1102 3833 1184 3887 Faxit
1201 3834 1290 3895 Deus,
1308 3838 1340 3886 ut
1356 3848 1373 3887 a
1390 3847 1420 3886 rs
1437 3831 1526 3886 viliori

174 3909 267 3966 exorsi
284 3908 403 3964 universi
420 3908 455 3964 ad
474 3924 635 3964 consensum
654 3910 682 3963 in
698 3909 781 3965 rebus
798 3912 922 3967 maximis
939 3914 1025 3981 magis
1042 3913 1183 3982 magisque
1200 3903 1356 3968 assuefiant.

248 3988 288 4052 ’3)
304 3989 509 4059 Progressionis
527 3989 680 4058 aequalitas
698 4005 733 4044 an
745 3989 944 4047 introducenda
961 3999 990 4047 et
1006 3993 1032 4048 li
1050 4006 1085 4046 an
1102 3990 1264 4062 principium
1282 3989 1400 4044 omnium
1418 4002 1525 4045 mensu·
1617 3978 1625 3997 ⁴

173 4086 266 4128 rarum
284 4069 355 4125 idern
374 4069 602 4139 consecrandum,
621 4068 762 4139 quaeritur
779 4070 807 4126 in
825 4070 1002 4140 sequentibus
1020 4070 1155 4141 capitibus
1173 4072 1304 4142 pressius·

723 4248 777 4310 Ad
799 4249 919 4329 Caput
940 4249 981 4311 11.

262 4402 484 4471 Progressiouem
501 4414 674 4457 numerorum
691 4400 829 4457 denariam
847 4402 972 4457 existimo
990 4401 1065 4458 nullo
1083 4408 1174 4473 pacto,
1192 4400 1269 4458 nulla
1286 4418 1407 4472 nuquam
1425 4402 1453 4457 ln
1469 4416 1525 4456 ma-

175 4483 247 4540 teria
272 4481 495 4539 labefactandam.
540 4482 593 4537 Est
617 4482 688 4537 enim
715 4497 856 4538 commune
873 4476 1019 4536 ¹vinculum
1052 4480 1208 4535 intellectus
1233 4486 1262 4535 et
1288 4480 1421 4550 quaedam
1448 4479 1526 4549 qnasi

176 4561 326 4619 communis
344 4562 437 4630 lingua
454 4562 573 4616 omnium
599 4562 737 4633 gentium,
766 4579 782 4618 a
799 4568 899 4616 natura
921 4559 1046 4615 instituta
1071 4558 1099 4613 in
1126 4557 1271 4626 digitorum
1286 4557 1478 4627 multitudine,
1495 4571 1526 4612 re

176 4641 331 4697 homimbus
341 4640 422 4711 longe
434 4640 609 4708 familiariori,
627 4656 707 4710 quam
720 4648 784 4697 sunt
795 4640 933 4707 eoelestia,
951 4644 982 4693 nt
998 4637 1158 4704 remenses,
1176 4637 1210 4693 30
1222 4635 1288 4706 dies,
1306 4636 1323 4691 7
1335 4635 1460 4706 planetae
1472 4642 1524 4691 eto.

175 4720 248 4775 Nam
265 4717 339 4789 qnod
356 4719 513 4776 obtenditur
530 4720 690 4790 Scytharum
703 4721 856 4790 exemplum
869 4735 904 4775 ex
915 4715 1073 4780 Aristotele,
1090 4715 1200 4771 traditio
1211 4713 1284 4770 intra
1295 4714 1413 4770 auctoris
1427 4714 1526 4770 librum

177 4797 309 4853 subsistit.
343 4801 400 4854 Ant
416 4799 489 4855 natio
507 4804 567 4853 erat
577 4795 657 4867 plane
668 4794 850 4857 barbaricam
861 4797 896 4852 ab
905 4811 958 4852 usu
970 4793 1102 4850 ammonis
1113 4794 1253 4864 destituta,
1271 4801 1319 4850 aut
1330 4799 1406 4851 certe
1417 4792 1526 4850 fallacia

178 4884 223 4935 est
237 4876 319 4950 talla,
346 4893 379 4935 ac
396 4877 498 4953 siquis
517 4876 634 4949 mmet,
651 4876 766 4935 Latinos
782 4891 846 4941 ²non
864 4876 938 4934 ultra
954 4872 986 4932 ll
1003 4888 1160 4945 munerare,
1184 4874 1250 4946 quia
1265 4880 1330 4949 post
1344 4870 1416 4932 hauc
1433 4878 1524 4931 uotam
1595 4906 1600 4914 ,
