3567 5625
261 379 326 444 ιιι
598 353 600 358 ’
774 340 924 434 rurenses
942 370 1099 436 samona

257 565 317 632 pon
335 551 448 617 propter
465 545 684 614 residnu1n¹l,⁰
702 545 744 602 val
763 546 809 614 ³·la
829 547 877 602 sed
894 552 1008 615 propter
1024 547 1058 614 ²,J
1072 546 1235 614 geomstnce
1247 547 1417 608 consututas
1440 546 1610 616 Quinetiam

257 623 389 692 circuio
382 644 408 682 m
428 628 460 682 12
480 618 579 694 diviso,
598 626 663 694 qnia
680 639 735 680 una
753 624 832 679 uncia
850 623 1013 694 geometrice
1030 625 1147 682 rescissa
1166 633 1216 686 est.
1235 623 1349 681 edoctus
1369 632 1504 684 aemorum
1523 629 1611 697 sequi

261 715 306 762 tur
324 711 351 759 et
368 704 394 760 in
414 704 576 760 harmonicis
595 702 789 773 trisdiapason·
791 700 976 776 epidiapcnte,
1002 718 1057 758 non
1076 701 1216 773 obstante,
1241 704 1314 774 quod
1338 703 1476 760 residuum
1495 705 1611 774 partium

261 785 321 838 tl
314 799 341 838 ιιι
360 781 523 840 harmonicis
541 798 602 836 cum
620 789 678 836 toto
699 781 730 837 12
749 781 953 838 consonantiam
973 780 1075 836 nnllam
1091 780 1163 836 iacit.
1199 783 1360 852 causaest,
1379 785 1444 852 qaia
1461 784 1501 838 vis
1520 801 1611 855 aspec-

261 873 319 928 tus,
344 861 396 916 etsi
414 879 430 915 a
448 859 540 915 circuli
559 861 677 914 arcubus
696 867 874 926 monstratur,
900 857 1029 926 redigitur
1052 869 1141 918 manen
1162 859 1189 915 in
1212 863 1329 933 angulos
1353 862 1387 920 ad
1406 871 1542 932 centrum,
1567 865 1611 926 ubi

263 938 405 998 confluunt
422 939 503 1006 radii,
519 940 577 1006 jam
596 955 659 992 vero
679 940 800 1008 residua,
818 940 920 1006 qnippe
939 939 1041 1006 majora
1059 939 1240 1010 semicirculo,
1260 958 1314 997 non
1330 942 1476 1002 metiuntur
1488 942 1610 1012 angmos

258 1020 349 1090 qnod
356 1018 424 1073 libro
443 1019 488 1073 lV.
508 1035 566 1088 cap.
586 1021 611 1075 5
630 1021 700 1073 etti.
721 1019 850 1071 omissum
868 1016 935 1070 hinc
950 1017 1064 1087 supple.

260 1154 263 1162 ,
348 1098 409 1153 Non
426 1107 543 1166 possunt
569 1098 704 1153 axiomata
728 1093 773 1152 illa
791 1095 948 1150 harmonica
967 1094 1000 1150 de
1017 1096 1230 1156 identisonantia
1252 1098 1380 1156 continue
1398 1097 1542 1176 duplarum
1566 1116 1612 1170 ap·

259 1177 355 1254 plicari
373 1176 487 1232 ιιιιιιιιι
506 1176 537 1229 ut
556 1177 716 1250 probemus,
735 1177 816 1231 etiam
834 1175 944 1231 residua
961 1176 1083 1230 cuculi
1070 1177 1331 1245 Juvaregenituram
1349 1184 1523 1248 aspectuum,
1542 1178 1612 1234 sicut

256 1256 369 1316 residua
387 1235 530 1310 chordae
519 1262 618 1323 Jnvant
636 1257 787 1324 genituram
806 1255 1058 1312 consonantiarum.
1078 1257 1141 1326 quia
1160 1258 1182 1314 si
1202 1255 1304 1311 circulo
1322 1255 1520 1347 applicaremus
1538 1256 1612 1311 axio·

260 1344 333 1398 mata
351 1334 386 1390 da
403 1333 579 1403 quadruplis,
597 1335 733 1389 interdum
752 1350 785 1388 ex
804 1334 908 1389 minore
926 1335 1109 1403 proportionis
1127 1338 1244 1391 termino
1258 1335 1408 1391 sarmentus
1427 1336 1565 1405 maj0rem,
1583 1343 1612 1390 ut

260 1416 283 1476 si
301 1415 341 1474 sic
358 1412 540 1468 ratiocinaris:
568 1412 689 1468 sectione
712 1412 805 1467 circub
827 1419 920 1482 potest
946 1411 1076 1468 constitui
1099 1415 1244 1485 proportio·
1266 1412 1361 1484 tripla,
1384 1430 1433 1470 seu
1461 1418 1491 1483 1ι,
1510 1414 1611 1482 circdi,

259 1510 324 1564 ergo
344 1500 461 1562 possunt
480 1499 508 1544 et
524 1491 558 1560 ἰ,
576 1496 605 1545 ιι
622 1493 670 1560 *[,ι
688 1490 741 1547 hoc
760 1506 814 1550 non
833 1491 914 1557 valet,
932 1491 1068 1560 quiajam
1085 1495 1118 1562 ιι,
1137 1503 1268 1564 superant
1287 1491 1416 1550 ιίιιιιιιιιιι
1434 1500 1531 1562 totum,
1550 1510 1611 1549 con·

261 1572 391 1627 tinentem
417 1576 522 1624 tantum
546 1570 593 1639 δι,
617 1577 646 1623 ιι
670 1568 766 1637 incipis
791 1568 930 1638 duplicare
954 1587 1045 1626 arcum
1071 1572 1179 1642 cuculi,
1209 1588 1356 1627 numerans
1380 1570 1483 1642 aliquid
1510 1573 1544 1628 de
1571 1590 1612 1644 ιο,

263 1651 336 1745 quod
355 1659 398 1710 est
414 1648 476 1720 plus
494 1656 562 1704 toto.
598 1648 686 1718 igitur
703 1648 774 1703 idem
794 1649 903 1703 suntin
922 1647 1024 1706 circulo
1047 1664 1130 1705 causa
1154 1650 1392 1710 demonstrationis
1409 1654 1456 1722 l„
1478 1652 1611 1722 quodq,
1575 1655 1581 1686 ¹

263 1731 327 1802 quis
344 1731 392 1800 ιιι
419 1728 546 1784 circulo'
539 1744 566 1782 ιιι
586 1744 615 1782 se
633 1726 723 1817 ipsum
740 1726 887 1788 redeunte
909 1724 1081 1814 abiicinntur.
1117 1729 1173 1783 Aut
1197 1728 1221 1783 si
1238 1745 1272 1788 ex
1291 1731 1324 1798 ’,ι
1343 1730 1438 1786 iecoris
1457 1747 1541 1785 unum
1560 1730 1610 1785 cir·

259 1811 350 1873 culum
374 1818 472 1874 totum,
493 1816 521 1862 et
544 1826 593 1876 pro
614 1808 648 1873 ιι
672 1805 770 1877 prioris
795 1803 918 1859 circuli'
907 1818 965 1871 Jam
988 1803 1029 1884 ἰι
1039 1806 1201 1898 posterioris.
1214 1808 1281 1864 velis
1306 1807 1420 1872 inferre
1445 1826 1553 1864 rursum
1578 1809 1603 1862 id

259 1907 313 1954 non
332 1890 467 1944 succedet.
505 1889 573 1946 Nam
597 1894 654 1941 tres
676 1884 786 1955 quidem
810 1892 902 1956 partes
927 1870 1029 1937 iacere
1034 1884 1148 1951 potuisti
1166 1886 1193 1939 in
1193 1875 1314 1943 circulo
1331 1902 1381 1957 per
1404 1888 1604 1964 inscriptionem

259 1965 401 2037 trianguli,
425 1967 478 2035 jam
498 1974 528 2020 ut
547 1974 667 2033 quatuor
684 1964 763 2031 fiant,
788 1959 986 2018 inscribendum
1006 1960 1077 2016 foret
1098 1963 1321 2055 quadrangulum.
1356 1967 1382 2021 Α
1399 1953 1528 2038 trianguli
1545 1984 1606 2026 tero

260 2044 423 2104 inscribendi
441 2043 623 2113 possibilitate
646 2042 682 2098 ad
694 2007 917 2132 quadrangulum
939 2037 1006 2092 nihil
1031 2040 1154 2108 sequitur
1177 2042 1202 2095 vi
1225 2045 1306 2107 ιιιιιιιι
1328 2047 1486 2114 argumenti.
1523 2045 1607 2100 Occu-

196 2127 206 2136 ‘
259 2130 343 2195 patus
361 2125 431 2178 enim
449 2121 597 2191 geometria
616 2121 729 2180 seorsim
746 2121 818 2178 circa
835 2119 937 2188 figuras
956 2116 1120 2184 singularum
1140 2129 1288 2189 sectarum,
1312 2121 1556 2179 demonstrationes
1574 2141 1607 2179 ιιι

261 2202 394 2270 cujusque
412 2215 525 2255 numero
543 2199 703 2267 angulorum
722 2206 880 2264 exstruens,
899 2194 1015 2250 allibro
1033 2199 1132 2253 ιιιοι.
1152 2199 1343 2256 demonstrari
1374 2201 1460 2270 Igitur
1471 2202 1607 2258 axiomata

261 2278 394 2342 derectis
412 2277 605 2347 multiplicibus
623 2295 678 2332 non
697 2285 812 2346 possunt
830 2238 1027 2331 acdommodam
1046 2279 1134 2333 curvis
1154 2287 1183 2333 ιι
1203 2277 1313 2337 circulo.

347 2376 482 2448 Legitima
499 2377 583 2446 igitur
601 2383 629 2428 ιι
646 2375 766 2430 causalis
785 2375 952 2442 comparatio
971 2375 1187 2434 harmonicorum
1210 2379 1446 2434 consonantiarum
1467 2397 1530 2434 cum
1548 2396 1608 2450 par·

259 2453 336 2511 tibus
353 2451 447 2512 circuli
465 2461 594 2524 aspectus
611 2453 790 2508 formantibus
808 2459 852 2508 est
869 2453 935 2507 ista:
963 2459 993 2507 ut
1011 2453 1075 2521 quia
1093 2453 1227 2524 principia
1250 2456 1338 2516 solum
1355 2456 1556 2516 harmoniarum
1573 2475 1608 2514 ca

258 2534 361 2598 cuculo
386 2543 451 2590 sunt
471 2534 622 2602 iisdemque
646 2542 744 2603 postea
767 2532 916 2587 miscentur
940 2531 994 2585 alia
1017 2530 1110 2601 aliqua
1131 2533 1203 2588 intra
1228 2543 1306 2604 septa
1323 2535 1507 2605 harmonicas,
1532 2537 1609 2592 solae

261 2614 344 2682 igitur
360 2612 423 2667 illae
434 2613 606 2681 harmoniae,
625 2608 696 2679 quae
714 2620 778 2668 sant
796 2611 928 2684 diapasoa
946 2625 1002 2664 non
1018 2609 1149 2681 minores,
1168 2619 1359 2679 comparentur
1376 2614 1541 2686 aspectibus.
1565 2615 1609 2670 Ita

260 2691 387 2762 opposito
410 2692 485 2746 uenit
507 2691 653 2760 diapason,
686 2690 831 2759 quincunci
852 2689 990 2756 ‚diapason
1019 2704 1080 2741 cum
1108 2688 1283 2758 semiditono,
1314 2689 1448 2758 biquintili
1476 2692 1608 2762 diapason

259 2786 322 2825 cum
340 2769 445 2833 ditono,
471 2768 622 2839 aesquadro
641 2769 851 2839 diapason-cnm
871 2768 1039 2824 diatessaron
1045 2809 1052 2838 ,
1076 2767 1148 2823 tn'no
1167 2768 1298 2838 diapason
1316 2787 1377 2825 cum
1395 2772 1535 2842 diapente,
1561 2772 1608 2828 tri-

258 2847 339 2903 decili
356 2848 489 2916 danaos
506 2864 567 2909 cum
584 2855 664 2904 sexta
681 2848 762 2916 dura',
782 2848 916 2917 quadrato
939 2845 1126 2918 disdiapason,
1155 2850 1262 2917 quintili
1285 2850 1460 2921 disdiapason
1483 2868 1543 2907 curu
1570 2852 1608 2908 di·
1700 2906 1705 2911 .

262 2936 342 2993 tono,
373 2925 464 2981 sextili
489 2925 865 2995 disdiapasoucpidiapente,
902 2926 977 2981 octili
1004 2926 1202 3019 trisdiapason,
1232 2929 1311 2985 desili
1336 2930 1519 3000 trisdiapason
1547 2948 1609 2986 cum

259 2968 364 3072 ditono,
382 3004 528 3059 semisexto
547 3004 730 3074 disdiapason
747 3021 808 3059 cum
822 3006 960 3075 diapente
985 3006 1039 3061 Tot
1052 3013 1116 3063 sunt
1127 3008 1198 3065 enim
1211 3018 1348 3077 aspectus,
1362 3026 1481 3078 qnorum
1493 3008 1609 3067 euacua

260 3081 304 3141 vel
321 3080 430 3138 evidens
448 3082 491 3136 rel
509 3081 630 3137 saltem
622 3100 650 3137 m
669 3084 825 3152 suspicione
843 3090 898 3152 est,
922 3098 972 3137 nec
997 3085 1066 3140 aliae
1084 3086 1188 3154 figurae
1210 3086 1312 3142 ιίιιιιιο
1330 3088 1476 3157 inscmptae
1493 3088 1607 3157 nobilio

259 3162 336 3216 ribus
362 3156 491 3217 scientiae
516 3161 808 3230 demonstrationisqua
832 3127 962 3229 gradibus
985 3167 1151 3234 consistunt,
1177 3183 1258 3236 quam
1277 3165 1360 3220 hae
1352 3182 1442 3236 ipsae:
1467 3152 1606 3237 diammer,

261 3237 342 3294 stella
359 3238 573 3309 dodecagcnica,
592 3241 673 3296 stella
684 3244 875 3312 pentagonrca
896 3241 976 3297 stella
995 3245 1167 3312 octogonica,
1186 3244 1323 3314 trigonus,
1341 3242 1422 3301 atella
1434 3244 1605 3317 decagoarca

258 3325 431 3388 tenagonns,
451 3328 633 3389 pentagonus,
653 3323 826 3390 hexagonos,
846 3322 1016 3393 decagonm,
1035 3322 1237 3392 dodecagonus,
1255 3322 1400 3393 dequibus
1413 3324 1605 3380 suntmerdno

258 3397 336 3466 primi
363 3396 434 3452 libri.
471 3398 635 3453 Harmoniae
662 3401 771 3471 quidem
801 3416 834 3455 ex
858 3417 913 3456 uno
939 3409 1017 3470 parts
1040 3411 1189 3459 excurrunt
1216 3402 1324 3470 longius
1351 3402 1386 3458 ob
1412 3402 1606 3459 admixtionem

255 3476 423 3531 axiomatum
441 3475 573 3533 dictorum
590 3481 619 3535 in
635 3488 711 3535 recto
729 3481 900 3549 possibilium
919 3486 1039 3549 (semper
1055 3488 1146 3537 ιιιιιιιιι
1158 3488 1287 3535 contema
1299 3487 1363 3534 sunt
1374 3480 1603 3550 proportionibus,

257 3570 327 3625 quas
344 3554 411 3609 facit
427 3555 544 3611 annulus
556 3556 767 3613 demonstrative
785 3566 878 3614 sectus
894 3574 956 3612 cam
974 3559 1122 3627 segmentis
1140 3556 1276 3628 singulis),
1295 3574 1329 3613 cx
1346 3557 1433 3615 altera
1450 3575 1513 3615 vero
1525 3568 1603 3629 parte

257 3633 369 3689 ιιιιιιιιι
386 3635 543 3690 harmoniae
560 3638 617 3693 suis
634 3640 751 3707 propriis
769 3637 884 3708 legibus,
908 3653 944 3692 cx
958 3637 1053 3692 eadem
1076 3637 1241 3695 axiomatnm
1254 3637 1372 3692 mixtura
1388 3635 1524 3707 derivatis,
1543 3653 1604 3693 sese

258 3713 446 3782 constringunt
462 3716 572 3777 arctius,
609 3718 679 3772 Nam
696 3718 760 3787 qnia
778 3720 805 3772 in
823 3718 931 3773 illarum
948 3716 1073 3785 genitura
1089 3717 1117 3769 in
1135 3715 1378 3771 considerationem
1395 3718 1506 3777 venunt
1522 3718 1602 3779 ιιίιιιι

256 3791 368 3859 residua
385 3792 547 3849 chordarum
566 3810 713 3865 eorumque
734 3797 930 3855 consonantiae
948 3811 1009 3849 cum
1027 3800 1086 3848 tota
1103 3802 1131 3847 et
1148 3810 1209 3848 cum
1227 3801 1381 3863 segmento,
1405 3795 1437 3851 fit
1453 3796 1547 3863 igitur,
1573 3803 1603 3852 ut

258 3886 292 3924 ex
310 3872 435 3929 omnibus
452 3872 568 3928 residuis
588 3879 671 3941 (qnae
689 3882 805 3942 possunt
822 3874 929 3929 infinito
948 3889 1060 3930 numero
1084 3890 1119 3929 ex
1141 3873 1270 3928 continua
1291 3873 1439 3931 bisantione
1460 3876 1555 3933 ιιιιιιιί
1577 3888 1604 3932 ιι

259 3948 484 4018 multiplicatione
502 3950 635 4021 diapason
653 3951 795 4011 constituit
820 3950 880 4006 sola
903 3960 1009 4021 septem
1032 3960 1097 4023 apta
1120 3953 1302 4022 inveniantur,
1327 3960 1398 4023 quae
1421 3944 1603 4026 harmonicam

257 4029 376 4085 chordae
397 4030 544 4087 sectionem
567 4038 596 4085 et
619 4033 753 4100 cujusque
773 4032 864 4090 ,totius
881 4033 1055 4101 partiumque
1079 4032 1213 4123 triplicem
1237 4033 1442 4123 consonantiam
1459 4019 1603 4091 absolvant

165 4128 167 4131 ·
257 4123 343 4177 eaque
362 4109 466 4164 ratione
484 4111 597 4177 gradum
615 4111 643 4164 ln
662 4118 757 4171 cantu
774 4110 828 4166 hoc
845 4119 888 4166 est
906 4112 1050 4181 vestigium
1068 4111 1196 4168 concinui
1211 4111 1346 4166 intervalli
1365 4120 1481 4181 ponant
1500 4114 1603 4170 scilicm

256 4187 316 4255 itta,
335 4203 405 4255 quae
423 4187 527 4244 faciunt
544 4206 604 4244 cum
618 4195 676 4244 tota
687 4190 889 4258 proportionem
908 4191 1122 4259 sesquiquintam
1139 4198 1167 4244 et
1184 4191 1389 4245 consonantiam
1406 4191 1603 4267 semiditonum,

257 4281 383 4335 quaeqae
406 4267 622 4336 sesquiquartam
646 4275 674 4323 et
696 4267 831 4337 ditonum,
856 4269 1058 4337 sesquitertiam
1081 4277 1110 4323 et
1134 4267 1317 4335 diatessaron,
1346 4262 1552 4341 sesquialteram
1568 4280 1603 4327 et

258 4345 397 4414 diapente,
418 4347 697 4415 supertripartientem
716 4348 824 4416 quintas
849 4357 876 4402 et
899 4353 1005 4401 sextam
1027 4346 1149 4414 mollem,
1173 4344 1446 4415 superbipartientem
1464 4349 1605 4421 tertiaret

256 4431 363 4487 sextam
388 4424 481 4487 liuram
504 4425 723 4495 concordantias,
744 4428 864 4496 denique
890 4425 1053 4495 subduplam
1076 4434 1103 4480 et
1128 4426 1273 4496 diapason3
1300 4426 1344 4480 hic
1366 4425 1436 4480 enim
1455 4427 1602 4496 semisexti,

257 4511 384 4573 aspectus
402 4503 595 4587 efficacissimi,
613 4506 752 4563 residuum
769 4506 895 4562 undecim
914 4504 1131 4560 duodecimarum
1150 4502 1232 4574 plane
1250 4504 1350 4575 exulat.
1380 4506 1437 4560 llas
1455 4520 1519 4559 nero
1537 4505 1603 4560 resi·

260 4583 373 4643 duorum
391 4580 580 4662 proportiones
599 4583 634 4639 ad
652 4591 740 4641 totum
758 4587 810 4640 etsi
829 4600 974 4655 possumus
992 4598 1057 4638 sane
1075 4585 1101 4637 in
1121 4584 1213 4639 circuli
1232 4584 1299 4638 secti
1318 4583 1440 4652 partibus
1458 4584 1603 4640 ostendere

258 4670 286 4719 et
311 4661 408 4729 cuique
430 4678 463 4715 cx
486 4660 634 4731 majoribus
659 4665 843 4721 consonantiis
865 4664 922 4732 J'am
947 4663 1016 4717 iuter
1041 4672 1167 4733 aspectus
1190 4662 1341 4718 distributis
1360 4680 1437 4719 snam
1455 4664 1604 4735 adjungere

256 4732 387 4813 minorem
405 4750 561 4811 cognatam,
580 4750 611 4799 ut
629 4743 731 4798 habeat
749 4743 855 4799 sextilis
872 4741 954 4797 etiam
972 4742 1176 4811 semiditonum,
1195 4741 1317 4812 quintilis
1336 4743 1472 4810 ditonum,
1490 4743 1524 4798 de
1542 4740 1600 4813 qui-

258 4818 310 4877 bus
327 4816 400 4877 tacet
419 4819 605 4899 Ptolemaeus,
629 4823 779 4906 quadratus
798 4823 980 4893 diatessaron,
1004 4822 1091 4879 trinus
1115 4822 1255 4897 diapente,
1280 4828 1310 4875 ιιι
1328 4828 1355 4877 et
1373 4784 1520 4878 secundum
1537 4821 1602 4876 Pto·
