<?xml version="1.0" encoding="UTF-8"?>
<!DOCTYPE html PUBLIC "-//W3C//DTD XHTML 1.0 Transitional//EN"
    "http://www.w3.org/TR/xhtml1/DTD/xhtml1-transitional.dtd">
<html xmlns="http://www.w3.org/1999/xhtml" xml:lang="en" lang="en">
 <head>
  <title>
</title>
<meta http-equiv="Content-Type" content="text/html;charset=utf-8" />
  <meta name='ocr-system' content='tesseract 3.04.00' />
  <meta name='ocr-capabilities' content='ocr_page ocr_carea ocr_par ocr_line ocrx_word'/>
</head>
<body>
  <div class='ocr_page' id='page_1' title='image "./joanniskepleria24frisgoog_0407.png"; bbox 0 0 3567 5625; ppageno 0'>
   <div class='ocr_carea' id='block_1_1' title="bbox 643 437 1487 540">
    <p class='ocr_par' dir='ltr' id='par_1_1' title="bbox 643 437 1487 540">
     <span class='ocr_line' id='line_1_1' title="bbox 643 437 1487 540; baseline 0.019 -46"><span class='ocrx_word' id='word_1_1' title='bbox 643 439 724 495; x_wconf 72' lang='lat' dir='ltr'>maer</span> <span class='ocrx_word' id='word_1_2' title='bbox 741 439 789 496; x_wconf 82' lang='lat'>111.</span> <span class='ocrx_word' id='word_1_3' title='bbox 809 441 899 510; x_wconf 73' lang='lat' dir='ltr'>capos</span> <span class='ocrx_word' id='word_1_4' title='bbox 915 437 988 496; x_wconf 83' lang='lat' dir='ltr'>xm.</span> <span class='ocrx_word' id='word_1_5' title='bbox 1398 517 1404 540; x_wconf 43' lang='grc' dir='ltr'><em>Ι</em></span> <span class='ocrx_word' id='word_1_6' title='bbox 1425 439 1487 510; x_wconf 80' lang='lat' dir='ltr'>est</span> 
     </span>
    </p>
   </div>
   <div class='ocr_carea' id='block_1_2' title="bbox 140 612 1491 767">
    <p class='ocr_par' dir='ltr' id='par_1_2' title="bbox 140 612 1491 767">
     <span class='ocr_line' id='line_1_2' title="bbox 227 612 1491 685; baseline 0.005 -19"><span class='ocrx_word' id='word_1_7' title='bbox 227 612 304 666; x_wconf 89' lang='lat' dir='ltr'>Haec</span> <span class='ocrx_word' id='word_1_8' title='bbox 329 613 364 667; x_wconf 90' lang='lat' dir='ltr'>ad</span> <span class='ocrx_word' id='word_1_9' title='bbox 382 612 563 669; x_wconf 75' lang='lat' dir='ltr'>ptolemaicae</span> <span class='ocrx_word' id='word_1_10' title='bbox 590 613 780 684; x_wconf 71' lang='lat' dir='ltr'><strong>philosophiae</strong></span> <span class='ocrx_word' id='word_1_11' title='bbox 806 615 881 670; x_wconf 87' lang='lat' dir='ltr'>iilum</span> <span class='ocrx_word' id='word_1_12' title='bbox 909 615 1020 685; x_wconf 88' lang='lat' dir='ltr'>educta,</span> <span class='ocrx_word' id='word_1_13' title='bbox 1047 621 1184 685; x_wconf 77' lang='grc'><strong>01000000</strong></span> <span class='ocrx_word' id='word_1_14' title='bbox 1206 615 1330 684; x_wconf 87' lang='lat' dir='ltr'>jucunda</span> <span class='ocrx_word' id='word_1_15' title='bbox 1353 623 1381 671; x_wconf 91' lang='lat' dir='ltr'>et</span> <span class='ocrx_word' id='word_1_16' title='bbox 1398 616 1491 672; x_wconf 83' lang='lat' dir='ltr'>forsan</span> 
     </span>
     <span class='ocr_line' id='line_1_3' title="bbox 140 689 1488 767; baseline 0.007 -24"><span class='ocrx_word' id='word_1_17' title='bbox 140 689 220 743; x_wconf 87' lang='lat' dir='ltr'>etiam</span> <span class='ocrx_word' id='word_1_18' title='bbox 249 692 323 750; x_wconf 83' lang='lat' dir='ltr'>utilis</span> <span class='ocrx_word' id='word_1_19' title='bbox 349 694 376 748; x_wconf 92' lang='lat' dir='ltr'>iu</span> <span class='ocrx_word' id='word_1_20' title='bbox 404 692 551 762; x_wconf 75' lang='lat' dir='ltr'><strong>astrologia</strong></span> <span class='ocrx_word' id='word_1_21' title='bbox 578 693 771 764; x_wconf 76' lang='lat' dir='ltr'>consideratio,</span> <span class='ocrx_word' id='word_1_22' title='bbox 797 696 864 751; x_wconf 92' lang='lat' dir='ltr'>nihil</span> <span class='ocrx_word' id='word_1_23' title='bbox 881 705 973 751; x_wconf 76' lang='lat' dir='ltr'>mmen</span> <span class='ocrx_word' id='word_1_24' title='bbox 996 695 1125 750; x_wconf 82' lang='lat' dir='ltr'>attineret</span> <span class='ocrx_word' id='word_1_25' title='bbox 1143 695 1384 752; x_wconf 77' lang='lat' dir='ltr'>conformationem</span> <span class='ocrx_word' id='word_1_26' title='bbox 1402 697 1488 767; x_wconf 86' lang='lat' dir='ltr'>ipsius</span> 
     </span>
    </p>
   </div>
   <div class='ocr_carea' id='block_1_3' title="bbox 139 766 1491 902">
    <p class='ocr_par' dir='ltr' id='par_1_3' title="bbox 139 766 1491 902">
     <span class='ocr_line' id='line_1_4' title="bbox 139 766 1491 898; baseline 0.008 -77"><span class='ocrx_word' id='word_1_27' title='bbox 139 766 278 898; x_wconf 76' lang='lat' dir='ltr'>luniversi,</span> <span class='ocrx_word' id='word_1_28' title='bbox 306 770 354 825; x_wconf 90' lang='lat' dir='ltr'>sed</span> <span class='ocrx_word' id='word_1_29' title='bbox 381 771 578 840; x_wconf 77' lang='lat' dir='ltr'>intelligeretur</span> <span class='ocrx_word' id='word_1_30' title='bbox 602 781 709 828; x_wconf 88' lang='lat' dir='ltr'>tautum</span> <span class='ocrx_word' id='word_1_31' title='bbox 735 775 936 844; x_wconf 91' lang='lat' dir='ltr'>comparatione</span> <span class='ocrx_word' id='word_1_32' title='bbox 961 775 1066 831; x_wconf 77' lang='lat' dir='ltr'>zodiaci</span> <span class='ocrx_word' id='word_1_33' title='bbox 1093 775 1250 845; x_wconf 88' lang='lat' dir='ltr'>apparentis</span> <span class='ocrx_word' id='word_1_34' title='bbox 1275 783 1303 831; x_wconf 92' lang='lat' dir='ltr'>et</span> <span class='ocrx_word' id='word_1_35' title='bbox 1321 776 1491 834; x_wconf 77' lang='grc'><strong>0000000011-</strong></span> 
     </span>
     <span class='ocr_line' id='line_1_5' title="bbox 151 862 285 902; baseline 0.015 -2"><span class='ocrx_word' id='word_1_36' title='bbox 151 862 285 902; x_wconf 86' lang='lat' dir='ltr'>unarrum</span> 
     </span>
    </p>
   </div>
   <div class='ocr_carea' id='block_1_4' title="bbox 228 944 1492 1022">
    <p class='ocr_par' dir='ltr' id='par_1_4' title="bbox 228 944 1492 1022">
     <span class='ocr_line' id='line_1_6' title="bbox 228 944 1492 1022; baseline 0.009 -25"><span class='ocrx_word' id='word_1_37' title='bbox 228 944 301 998; x_wconf 84' lang='lat' dir='ltr'>Nota</span> <span class='ocrx_word' id='word_1_38' title='bbox 319 945 368 999; x_wconf 88' lang='grc' dir='ltr'>ΠΙ.</span> <span class='ocrx_word' id='word_1_39' title='bbox 404 946 506 1015; x_wconf 86' lang='lat' dir='ltr'>Negat,</span> <span class='ocrx_word' id='word_1_40' title='bbox 535 947 694 1003; x_wconf 78' lang='lat' dir='ltr'>transitione</span> <span class='ocrx_word' id='word_1_41' title='bbox 722 952 756 1007; x_wconf 92' lang='lat' dir='ltr'>de</span> <span class='ocrx_word' id='word_1_42' title='bbox 782 957 848 1016; x_wconf 87' lang='lat' dir='ltr'>tono</span> <span class='ocrx_word' id='word_1_43' title='bbox 875 952 904 1006; x_wconf 92' lang='lat' dir='ltr'>in</span> <span class='ocrx_word' id='word_1_44' title='bbox 926 958 1021 1007; x_wconf 87' lang='lat' dir='ltr'>tonum</span> <span class='ocrx_word' id='word_1_45' title='bbox 1045 952 1154 1007; x_wconf 77' lang='lat' dir='ltr'>mensim</span> <span class='ocrx_word' id='word_1_46' title='bbox 1172 949 1206 1008; x_wconf 91' lang='lat' dir='ltr'>de</span> <span class='ocrx_word' id='word_1_47' title='bbox 1232 967 1332 1022; x_wconf 89' lang='lat' dir='ltr'>genere</span> <span class='ocrx_word' id='word_1_48' title='bbox 1349 953 1378 1007; x_wconf 90' lang='lat' dir='ltr'>iu</span> <span class='ocrx_word' id='word_1_49' title='bbox 1395 967 1492 1021; x_wconf 88' lang='lat' dir='ltr'>genus.</span> 
     </span>
    </p>
   </div>
   <div class='ocr_carea' id='block_1_5' title="bbox 131 1023 1493 1175">
    <p class='ocr_par' dir='ltr' id='par_1_5' title="bbox 131 1023 1493 1175">
     <span class='ocr_line' id='line_1_7' title="bbox 140 1023 1493 1101; baseline 0.01 -26"><span class='ocrx_word' id='word_1_50' title='bbox 140 1023 208 1076; x_wconf 78' lang='lat' dir='ltr'>alibi</span> <span class='ocrx_word' id='word_1_51' title='bbox 228 1031 325 1078; x_wconf 88' lang='lat' dir='ltr'>cautus</span> <span class='ocrx_word' id='word_1_52' title='bbox 341 1024 395 1079; x_wconf 90' lang='lat' dir='ltr'>ista</span> <span class='ocrx_word' id='word_1_53' title='bbox 414 1041 514 1095; x_wconf 89' lang='lat' dir='ltr'>genera</span> <span class='ocrx_word' id='word_1_54' title='bbox 533 1035 597 1080; x_wconf 91' lang='lat' dir='ltr'>sunt</span> <span class='ocrx_word' id='word_1_55' title='bbox 615 1026 782 1085; x_wconf 82' lang='lat' dir='ltr'>differentiae</span> <span class='ocrx_word' id='word_1_56' title='bbox 799 1039 941 1101; x_wconf 87' lang='lat' dir='ltr'>tonorum,</span> <span class='ocrx_word' id='word_1_57' title='bbox 958 1032 1052 1100; x_wconf 87' lang='lat' dir='ltr'>itaque</span> <span class='ocrx_word' id='word_1_58' title='bbox 1069 1030 1134 1085; x_wconf 90' lang='lat' dir='ltr'>mibi</span> <span class='ocrx_word' id='word_1_59' title='bbox 1151 1031 1286 1087; x_wconf 86' lang='lat' dir='ltr'>interdum</span> <span class='ocrx_word' id='word_1_60' title='bbox 1304 1032 1417 1088; x_wconf 91' lang='lat' dir='ltr'>mutatio</span> <span class='ocrx_word' id='word_1_61' title='bbox 1435 1034 1493 1088; x_wconf 91' lang='lat' dir='ltr'>toni</span> 
     </span>
     <span class='ocr_line' id='line_1_8' title="bbox 131 1108 647 1175; baseline 0.019 -23"><span class='ocrx_word' id='word_1_62' title='bbox 131 1109 230 1156; x_wconf 81' lang='lat' dir='ltr'>mutat</span> <span class='ocrx_word' id='word_1_63' title='bbox 248 1119 343 1172; x_wconf 91' lang='lat' dir='ltr'>genus,</span> <span class='ocrx_word' id='word_1_64' title='bbox 362 1113 392 1159; x_wconf 91' lang='lat' dir='ltr'>ut</span> <span class='ocrx_word' id='word_1_65' title='bbox 411 1122 493 1175; x_wconf 88' lang='lat' dir='ltr'>supra</span> <span class='ocrx_word' id='word_1_66' title='bbox 511 1108 647 1162; x_wconf 78' lang='grc'><strong>00001001.</strong></span> 
     </span>
    </p>
   </div>
   <div class='ocr_carea' id='block_1_6' title="bbox 140 1198 1495 1762">
    <p class='ocr_par' dir='ltr' id='par_1_6' title="bbox 140 1198 1495 1762">
     <span class='ocr_line' id='line_1_9' title="bbox 229 1198 1492 1278; baseline 0.008 -27"><span class='ocrx_word' id='word_1_67' title='bbox 229 1198 302 1253; x_wconf 89' lang='lat' dir='ltr'>Nota</span> <span class='ocrx_word' id='word_1_68' title='bbox 319 1198 366 1253; x_wconf 87' lang='lat' dir='ltr'>IV.</span> <span class='ocrx_word' id='word_1_69' title='bbox 403 1199 482 1267; x_wconf 79' lang='lat' dir='ltr'>Quod</span> <span class='ocrx_word' id='word_1_70' title='bbox 501 1207 593 1269; x_wconf 86' lang='lat' dir='ltr'>negat,</span> <span class='ocrx_word' id='word_1_71' title='bbox 620 1204 724 1274; x_wconf 87' lang='lat' dir='ltr'>percipi</span> <span class='ocrx_word' id='word_1_72' title='bbox 743 1207 898 1262; x_wconf 81' lang='lat' dir='ltr'>sensibilem</span> <span class='ocrx_word' id='word_1_73' title='bbox 924 1208 1144 1278; x_wconf 80' lang='lat' dir='ltr'>inaequalitatem</span> <span class='ocrx_word' id='word_1_74' title='bbox 1169 1223 1297 1263; x_wconf 87' lang='lat' dir='ltr'>cursuum</span> <span class='ocrx_word' id='word_1_75' title='bbox 1320 1213 1433 1276; x_wconf 90' lang='lat' dir='ltr'>propter</span> <span class='ocrx_word' id='word_1_76' title='bbox 1449 1221 1492 1261; x_wconf 93' lang='lat' dir='ltr'>se·</span> 
     </span>
     <span class='ocr_line' id='line_1_10' title="bbox 141 1274 1494 1358; baseline 0.008 -29"><span class='ocrx_word' id='word_1_77' title='bbox 141 1276 281 1330; x_wconf 83' lang='lat' dir='ltr'>cessiones</span> <span class='ocrx_word' id='word_1_78' title='bbox 298 1276 326 1330; x_wconf 91' lang='lat' dir='ltr'>in</span> <span class='ocrx_word' id='word_1_79' title='bbox 343 1274 440 1336; x_wconf 81' lang='lat' dir='ltr'>latum,</span> <span class='ocrx_word' id='word_1_80' title='bbox 458 1279 486 1334; x_wconf 95' lang='lat' dir='ltr'>id</span> <span class='ocrx_word' id='word_1_81' title='bbox 505 1279 639 1349; x_wconf 85' lang='lat' dir='ltr'>duplicem</span> <span class='ocrx_word' id='word_1_82' title='bbox 657 1292 748 1351; x_wconf 89' lang='lat' dir='ltr'>potest</span> <span class='ocrx_word' id='word_1_83' title='bbox 761 1285 867 1341; x_wconf 78' lang='lat' dir='ltr'>¹habere</span> <span class='ocrx_word' id='word_1_84' title='bbox 885 1303 1003 1344; x_wconf 87' lang='lat' dir='ltr'>sensum.</span> <span class='ocrx_word' id='word_1_85' title='bbox 1039 1287 1118 1341; x_wconf 88' lang='lat' dir='ltr'>Prior</span> <span class='ocrx_word' id='word_1_86' title='bbox 1135 1287 1179 1342; x_wconf 91' lang='lat' dir='ltr'>bic</span> <span class='ocrx_word' id='word_1_87' title='bbox 1197 1292 1253 1354; x_wconf 92' lang='lat' dir='ltr'>est,</span> <span class='ocrx_word' id='word_1_88' title='bbox 1273 1285 1347 1340; x_wconf 88' lang='lat' dir='ltr'>serbi</span> <span class='ocrx_word' id='word_1_89' title='bbox 1365 1286 1494 1358; x_wconf 70' lang='grc' dir='ltr'><strong>00000οῤ0</strong></span> 
     </span>
     <span class='ocr_line' id='line_1_11' title="bbox 140 1355 1493 1436; baseline 0.007 -29"><span class='ocrx_word' id='word_1_90' title='bbox 140 1355 234 1418; x_wconf 89' lang='lat' dir='ltr'>Luna,</span> <span class='ocrx_word' id='word_1_91' title='bbox 253 1356 332 1425; x_wconf 89' lang='lat' dir='ltr'>cujus</span> <span class='ocrx_word' id='word_1_92' title='bbox 351 1359 474 1427; x_wconf 87' lang='lat' dir='ltr'>evagatio</span> <span class='ocrx_word' id='word_1_93' title='bbox 491 1360 518 1414; x_wconf 90' lang='lat' dir='ltr'>iu</span> <span class='ocrx_word' id='word_1_94' title='bbox 537 1360 622 1416; x_wconf 87' lang='lat' dir='ltr'>latum</span> <span class='ocrx_word' id='word_1_95' title='bbox 638 1370 681 1416; x_wconf 93' lang='lat' dir='ltr'>est</span> <span class='ocrx_word' id='word_1_96' title='bbox 698 1365 749 1432; x_wconf 78' lang='lat'>5⁰;</span> <span class='ocrx_word' id='word_1_97' title='bbox 777 1372 890 1435; x_wconf 89' lang='lat' dir='ltr'>propter</span> <span class='ocrx_word' id='word_1_98' title='bbox 907 1366 979 1421; x_wconf 87' lang='lat' dir='ltr'>hanc</span> <span class='ocrx_word' id='word_1_99' title='bbox 997 1365 1042 1436; x_wconf 86' lang='lat' dir='ltr'>flt,</span> <span class='ocrx_word' id='word_1_100' title='bbox 1069 1373 1101 1419; x_wconf 86' lang='lat' dir='ltr'>ut</span> <span class='ocrx_word' id='word_1_101' title='bbox 1118 1365 1200 1420; x_wconf 88' lang='lat' dir='ltr'>certis</span> <span class='ocrx_word' id='word_1_102' title='bbox 1217 1363 1285 1419; x_wconf 91' lang='lat' dir='ltr'>locis</span> <span class='ocrx_word' id='word_1_103' title='bbox 1303 1363 1382 1418; x_wconf 91' lang='lat' dir='ltr'>loeus</span> <span class='ocrx_word' id='word_1_104' title='bbox 1398 1359 1493 1418; x_wconf 90' lang='lat' dir='ltr'>Lunae</span> 
     </span>
     <span class='ocr_line' id='line_1_12' title="bbox 141 1434 1495 1512; baseline 0.005 -24"><span class='ocrx_word' id='word_1_105' title='bbox 141 1434 218 1489; x_wconf 71' lang='lat'>7¹10</span> <span class='ocrx_word' id='word_1_106' title='bbox 238 1436 364 1506; x_wconf 89' lang='lat' dir='ltr'>ecliptica</span> <span class='ocrx_word' id='word_1_107' title='bbox 389 1440 425 1494; x_wconf 89' lang='lat' dir='ltr'>sit</span> <span class='ocrx_word' id='word_1_108' title='bbox 450 1438 601 1509; x_wconf 87' lang='lat' dir='ltr'>promotior</span> <span class='ocrx_word' id='word_1_109' title='bbox 626 1441 667 1495; x_wconf 92' lang='lat' dir='ltr'>vel</span> <span class='ocrx_word' id='word_1_110' title='bbox 694 1444 821 1499; x_wconf 90' lang='lat' dir='ltr'>anterior.</span> <span class='ocrx_word' id='word_1_111' title='bbox 857 1446 910 1500; x_wconf 89' lang='lat' dir='ltr'>Hic</span> <span class='ocrx_word' id='word_1_112' title='bbox 928 1462 983 1501; x_wconf 91' lang='lat' dir='ltr'>non</span> <span class='ocrx_word' id='word_1_113' title='bbox 1001 1453 1043 1499; x_wconf 91' lang='lat' dir='ltr'>est</span> <span class='ocrx_word' id='word_1_114' title='bbox 1060 1451 1141 1512; x_wconf 90' lang='lat' dir='ltr'>aptus</span> <span class='ocrx_word' id='word_1_115' title='bbox 1155 1443 1218 1498; x_wconf 89' lang='lat' dir='ltr'>huic</span> <span class='ocrx_word' id='word_1_116' title='bbox 1235 1443 1296 1498; x_wconf 92' lang='lat' dir='ltr'>loco</span> <span class='ocrx_word' id='word_1_117' title='bbox 1316 1457 1422 1510; x_wconf 90' lang='lat' dir='ltr'>seusus,</span> <span class='ocrx_word' id='word_1_118' title='bbox 1439 1457 1495 1495; x_wconf 91' lang='lat' dir='ltr'>non</span> 
     </span>
     <span class='ocr_line' id='line_1_13' title="bbox 141 1512 1494 1595; baseline 0.007 -30"><span class='ocrx_word' id='word_1_119' title='bbox 141 1512 197 1581; x_wconf 90' lang='lat' dir='ltr'>agit</span> <span class='ocrx_word' id='word_1_120' title='bbox 215 1513 314 1585; x_wconf 84' lang='lat' dir='ltr'>nempe</span> <span class='ocrx_word' id='word_1_121' title='bbox 332 1518 376 1573; x_wconf 90' lang='lat' dir='ltr'>hic</span> <span class='ocrx_word' id='word_1_122' title='bbox 395 1519 520 1574; x_wconf 88' lang='lat' dir='ltr'>demota</span> <span class='ocrx_word' id='word_1_123' title='bbox 539 1520 689 1576; x_wconf 91' lang='lat' dir='ltr'>latitudinis</span> <span class='ocrx_word' id='word_1_124' title='bbox 708 1523 875 1591; x_wconf 87' lang='lat' dir='ltr'>singulorum</span> <span class='ocrx_word' id='word_1_125' title='bbox 894 1525 1015 1595; x_wconf 91' lang='lat' dir='ltr'>proprio,</span> <span class='ocrx_word' id='word_1_126' title='bbox 1034 1523 1082 1579; x_wconf 90' lang='lat' dir='ltr'>sed</span> <span class='ocrx_word' id='word_1_127' title='bbox 1102 1524 1135 1576; x_wconf 88' lang='lat' dir='ltr'>de</span> <span class='ocrx_word' id='word_1_128' title='bbox 1155 1522 1305 1577; x_wconf 85' lang='lat' dir='ltr'>deflexione</span> <span class='ocrx_word' id='word_1_129' title='bbox 1323 1520 1441 1576; x_wconf 88' lang='lat' dir='ltr'>omnium</span> <span class='ocrx_word' id='word_1_130' title='bbox 1460 1519 1494 1574; x_wconf 92' lang='lat' dir='ltr'>ab</span> 
     </span>
     <span class='ocr_line' id='line_1_14' title="bbox 142 1599 1494 1674; baseline 0.004 -26"><span class='ocrx_word' id='word_1_131' title='bbox 142 1603 302 1666; x_wconf 83' lang='lat' dir='ltr'>aequatura,</span> <span class='ocrx_word' id='word_1_132' title='bbox 322 1605 349 1651; x_wconf 92' lang='lat' dir='ltr'>et</span> <span class='ocrx_word' id='word_1_133' title='bbox 367 1615 462 1654; x_wconf 90' lang='lat' dir='ltr'>seusus</span> <span class='ocrx_word' id='word_1_134' title='bbox 481 1609 523 1654; x_wconf 93' lang='lat' dir='ltr'>est</span> <span class='ocrx_word' id='word_1_135' title='bbox 540 1599 640 1670; x_wconf 90' lang='lat' dir='ltr'>verior,</span> <span class='ocrx_word' id='word_1_136' title='bbox 667 1602 739 1658; x_wconf 89' lang='lat' dir='ltr'>inter</span> <span class='ocrx_word' id='word_1_137' title='bbox 758 1604 838 1658; x_wconf 89' lang='lat' dir='ltr'>unius</span> <span class='ocrx_word' id='word_1_138' title='bbox 857 1604 984 1674; x_wconf 88' lang='lat' dir='ltr'>planetae</span> <span class='ocrx_word' id='word_1_139' title='bbox 1002 1601 1117 1660; x_wconf 89' lang='lat' dir='ltr'>circulos</span> <span class='ocrx_word' id='word_1_140' title='bbox 1135 1600 1282 1672; x_wconf 87' lang='lat' dir='ltr'>parallelos</span> <span class='ocrx_word' id='word_1_141' title='bbox 1301 1600 1415 1656; x_wconf 88' lang='lat' dir='ltr'>duorum</span> <span class='ocrx_word' id='word_1_142' title='bbox 1432 1615 1494 1668; x_wconf 92' lang='lat' dir='ltr'>pro·</span> 
     </span>
     <span class='ocr_line' id='line_1_15' title="bbox 142 1672 1494 1762; baseline 0.007 -39"><span class='ocrx_word' id='word_1_143' title='bbox 142 1672 286 1743; x_wconf 84' lang='lat' dir='ltr'>rimorum,</span> <span class='ocrx_word' id='word_1_144' title='bbox 305 1694 374 1746; x_wconf 91' lang='lat' dir='ltr'>quos</span> <span class='ocrx_word' id='word_1_145' title='bbox 392 1679 495 1735; x_wconf 91' lang='lat' dir='ltr'>habent</span> <span class='ocrx_word' id='word_1_146' title='bbox 511 1680 552 1735; x_wconf 93' lang='lat' dir='ltr'>illi</span> <span class='ocrx_word' id='word_1_147' title='bbox 569 1682 596 1734; x_wconf 93' lang='lat' dir='ltr'>in</span> <span class='ocrx_word' id='word_1_148' title='bbox 615 1681 702 1750; x_wconf 92' lang='lat' dir='ltr'>primo</span> <span class='ocrx_word' id='word_1_149' title='bbox 719 1690 808 1751; x_wconf 92' lang='lat' dir='ltr'>motu,</span> <span class='ocrx_word' id='word_1_150' title='bbox 827 1699 882 1762; x_wconf 76' lang='lat' dir='ltr'>nop</span> <span class='ocrx_word' id='word_1_151' title='bbox 901 1696 962 1738; x_wconf 89' lang='lat' dir='ltr'>esse</span> <span class='ocrx_word' id='word_1_152' title='bbox 980 1695 1063 1739; x_wconf 89' lang='lat' dir='ltr'>sensu</span> <span class='ocrx_word' id='word_1_153' title='bbox 1081 1679 1284 1750; x_wconf 82' lang='lat' dir='ltr'>perceptibilem</span> <span class='ocrx_word' id='word_1_154' title='bbox 1302 1678 1494 1733; x_wconf 88' lang='lat' dir='ltr'>diversitatem.</span> 
     </span>
    </p>
   </div>
   <div class='ocr_carea' id='block_1_7' title="bbox 143 1771 1497 1927">
    <p class='ocr_par' dir='ltr' id='par_1_7' title="bbox 143 1771 1497 1927">
     <span class='ocr_line' id='line_1_16' title="bbox 229 1771 1495 1848; baseline 0.002 -22"><span class='ocrx_word' id='word_1_155' title='bbox 229 1771 304 1827; x_wconf 86' lang='lat' dir='ltr'>Nota</span> <span class='ocrx_word' id='word_1_156' title='bbox 321 1773 354 1829; x_wconf 88' lang='lat' dir='ltr'>V.</span> <span class='ocrx_word' id='word_1_157' title='bbox 389 1776 563 1831; x_wconf 91' lang='lat' dir='ltr'>Ptolemaeus</span> <span class='ocrx_word' id='word_1_158' title='bbox 582 1793 616 1831; x_wconf 91' lang='lat' dir='ltr'>ne</span> <span class='ocrx_word' id='word_1_159' title='bbox 633 1778 772 1833; x_wconf 87' lang='lat' dir='ltr'>zodiacum</span> <span class='ocrx_word' id='word_1_160' title='bbox 795 1779 905 1848; x_wconf 87' lang='lat' dir='ltr'>quidem</span> <span class='ocrx_word' id='word_1_161' title='bbox 929 1780 974 1836; x_wconf 93' lang='lat' dir='ltr'>hic</span> <span class='ocrx_word' id='word_1_162' title='bbox 991 1779 1124 1847; x_wconf 90' lang='lat' dir='ltr'>intuetur,</span> <span class='ocrx_word' id='word_1_163' title='bbox 1153 1774 1225 1846; x_wconf 88' lang='lat' dir='ltr'>quod</span> <span class='ocrx_word' id='word_1_164' title='bbox 1251 1782 1342 1829; x_wconf 78' lang='grc'><strong>001000</strong></span> <span class='ocrx_word' id='word_1_165' title='bbox 1360 1779 1388 1828; x_wconf 91' lang='grc' dir='ltr'><strong>οι</strong></span> <span class='ocrx_word' id='word_1_166' title='bbox 1405 1773 1495 1841; x_wconf 87' lang='lat' dir='ltr'>ipsum</span> 
     </span>
     <span class='ocr_line' id='line_1_17' title="bbox 143 1847 1497 1927; baseline 0.007 -27"><span class='ocrx_word' id='word_1_167' title='bbox 143 1847 222 1902; x_wconf 86' lang='lat' dir='ltr'>vilius</span> <span class='ocrx_word' id='word_1_168' title='bbox 242 1856 323 1918; x_wconf 89' lang='lat' dir='ltr'>esset,</span> <span class='ocrx_word' id='word_1_169' title='bbox 342 1852 391 1907; x_wconf 88' lang='lat' dir='ltr'>sed</span> <span class='ocrx_word' id='word_1_170' title='bbox 408 1853 461 1909; x_wconf 91' lang='lat' dir='ltr'>hoc</span> <span class='ocrx_word' id='word_1_171' title='bbox 479 1854 560 1909; x_wconf 91' lang='lat' dir='ltr'>etiam</span> <span class='ocrx_word' id='word_1_172' title='bbox 578 1858 668 1924; x_wconf 89' lang='lat' dir='ltr'>capite</span> <span class='ocrx_word' id='word_1_173' title='bbox 686 1858 721 1911; x_wconf 90' lang='lat' dir='ltr'>ad</span> <span class='ocrx_word' id='word_1_174' title='bbox 740 1864 843 1912; x_wconf 89' lang='lat' dir='ltr'>motum</span> <span class='ocrx_word' id='word_1_175' title='bbox 861 1860 978 1927; x_wconf 91' lang='lat' dir='ltr'>primum</span> <span class='ocrx_word' id='word_1_176' title='bbox 996 1857 1067 1913; x_wconf 92' lang='lat' dir='ltr'>redit</span> <span class='ocrx_word' id='word_1_177' title='bbox 1084 1855 1264 1922; x_wconf 88' lang='lat' dir='ltr'>adsciscitque</span> <span class='ocrx_word' id='word_1_178' title='bbox 1282 1851 1450 1908; x_wconf 85' lang='lat' dir='ltr'>horizontem</span> <span class='ocrx_word' id='word_1_179' title='bbox 1467 1860 1497 1909; x_wconf 91' lang='lat' dir='ltr'>et</span> 
     </span>
    </p>
   </div>
   <div class='ocr_carea' id='block_1_8' title="bbox 38 1921 1495 2005">
    <p class='ocr_par' dir='ltr' id='par_1_8' title="bbox 38 1921 1495 2005">
     <span class='ocr_line' id='line_1_18' title="bbox 38 1921 1495 2005; baseline 0.008 -29"><span class='ocrx_word' id='word_1_180' title='bbox 38 1965 41 1976; x_wconf 85' lang='lat'><em>.</em></span> <span class='ocrx_word' id='word_1_181' title='bbox 142 1921 222 1992; x_wconf 89' lang='lat' dir='ltr'>polos</span> <span class='ocrx_word' id='word_1_182' title='bbox 242 1929 343 1999; x_wconf 82' lang='lat' dir='ltr'>muudi,</span> <span class='ocrx_word' id='word_1_183' title='bbox 362 1933 540 2002; x_wconf 89' lang='lat' dir='ltr'>conspicuum</span> <span class='ocrx_word' id='word_1_184' title='bbox 558 1936 667 2003; x_wconf 91' lang='lat' dir='ltr'>quidem</span> <span class='ocrx_word' id='word_1_185' title='bbox 685 1939 838 1994; x_wconf 85' lang='lat' dir='ltr'>attribuens</span> <span class='ocrx_word' id='word_1_186' title='bbox 855 1938 930 1994; x_wconf 88' lang='lat' dir='ltr'>tonis</span> <span class='ocrx_word' id='word_1_187' title='bbox 948 1937 1046 2005; x_wconf 90' lang='lat' dir='ltr'>acutis,</span> <span class='ocrx_word' id='word_1_188' title='bbox 1064 1935 1100 1991; x_wconf 89' lang='lat' dir='ltr'>ad</span> <span class='ocrx_word' id='word_1_189' title='bbox 1117 1948 1239 1988; x_wconf 91' lang='lat' dir='ltr'>normam</span> <span class='ocrx_word' id='word_1_190' title='bbox 1257 1929 1355 2001; x_wconf 86' lang='lat' dir='ltr'>capitis</span> <span class='ocrx_word' id='word_1_191' title='bbox 1374 1932 1415 1996; x_wconf 87' lang='lat'>10,</span> <span class='ocrx_word' id='word_1_192' title='bbox 1434 1941 1495 2000; x_wconf 83' lang='lat' dir='ltr'>gra·</span> 
     </span>
    </p>
   </div>
   <div class='ocr_carea' id='block_1_9' title="bbox 74 2005 1580 4060">
    <p class='ocr_par' dir='ltr' id='par_1_9' title="bbox 74 2005 1580 3272">
     <span class='ocr_line' id='line_1_19' title="bbox 143 2005 1496 2084; baseline 0.011 -26"><span class='ocrx_word' id='word_1_193' title='bbox 143 2005 221 2061; x_wconf 88' lang='lat' dir='ltr'>vibus</span> <span class='ocrx_word' id='word_1_194' title='bbox 241 2006 327 2062; x_wconf 88' lang='lat' dir='ltr'>latera</span> <span class='ocrx_word' id='word_1_195' title='bbox 343 2011 400 2078; x_wconf 93' lang='lat' dir='ltr'>poli</span> <span class='ocrx_word' id='word_1_196' title='bbox 417 2012 586 2082; x_wconf 90' lang='lat' dir='ltr'>inconspicui</span> <span class='ocrx_word' id='word_1_197' title='bbox 603 2022 632 2070; x_wconf 90' lang='lat' dir='ltr'>et</span> <span class='ocrx_word' id='word_1_198' title='bbox 649 2018 701 2072; x_wconf 90' lang='lat' dir='ltr'>sub</span> <span class='ocrx_word' id='word_1_199' title='bbox 719 2017 886 2073; x_wconf 88' lang='lat' dir='ltr'>horizontem</span> <span class='ocrx_word' id='word_1_200' title='bbox 905 2016 1037 2084; x_wconf 91' lang='lat' dir='ltr'>demersi;</span> <span class='ocrx_word' id='word_1_201' title='bbox 1057 2013 1202 2081; x_wconf 74' lang='lat' dir='ltr'>cumquei</span> <span class='ocrx_word' id='word_1_202' title='bbox 1220 2019 1300 2065; x_wconf 78' lang='lat' dir='ltr'>tonos</span> <span class='ocrx_word' id='word_1_203' title='bbox 1318 2009 1451 2063; x_wconf 62' lang='lat' dir='ltr'>invenerit</span> <span class='ocrx_word' id='word_1_204' title='bbox 1468 2010 1496 2064; x_wconf 79' lang='lat' dir='ltr'>in</span> 
     </span>
     <span class='ocr_line' id='line_1_20' title="bbox 143 2082 1497 2164; baseline 0.007 -28"><span class='ocrx_word' id='word_1_205' title='bbox 143 2082 196 2138; x_wconf 91' lang='lat' dir='ltr'>hoc</span> <span class='ocrx_word' id='word_1_206' title='bbox 215 2101 315 2156; x_wconf 89' lang='lat' dir='ltr'>opere,</span> <span class='ocrx_word' id='word_1_207' title='bbox 342 2089 409 2144; x_wconf 84' lang='grc'><strong>7110</strong></span> <span class='ocrx_word' id='word_1_208' title='bbox 428 2090 575 2159; x_wconf 87' lang='lat' dir='ltr'>parallelos</span> <span class='ocrx_word' id='word_1_209' title='bbox 592 2109 642 2163; x_wconf 93' lang='lat' dir='ltr'>per</span> <span class='ocrx_word' id='word_1_210' title='bbox 658 2094 735 2149; x_wconf 89' lang='lat' dir='ltr'>initia</span> <span class='ocrx_word' id='word_1_211' title='bbox 753 2095 891 2164; x_wconf 87' lang='lat' dir='ltr'>signorum</span> <span class='ocrx_word' id='word_1_212' title='bbox 910 2095 1007 2150; x_wconf 89' lang='lat' dir='ltr'>ductos</span> <span class='ocrx_word' id='word_1_213' title='bbox 1026 2091 1211 2150; x_wconf 84' lang='lat' dir='ltr'>accommodat</span> <span class='ocrx_word' id='word_1_214' title='bbox 1228 2107 1283 2146; x_wconf 91' lang='lat' dir='ltr'>non</span> <span class='ocrx_word' id='word_1_215' title='bbox 1301 2089 1384 2159; x_wconf 91' lang='lat' dir='ltr'>paulo</span> <span class='ocrx_word' id='word_1_216' title='bbox 1402 2090 1497 2159; x_wconf 88' lang='lat' dir='ltr'>pulch-</span> 
     </span>
     <span class='ocr_line' id='line_1_21' title="bbox 143 2163 1498 2245; baseline 0.007 -28"><span class='ocrx_word' id='word_1_217' title='bbox 143 2163 208 2217; x_wconf 89' lang='lat' dir='ltr'>riori</span> <span class='ocrx_word' id='word_1_218' title='bbox 226 2183 369 2238; x_wconf 89' lang='lat' dir='ltr'>successu,</span> <span class='ocrx_word' id='word_1_219' title='bbox 397 2187 478 2238; x_wconf 90' lang='lat' dir='ltr'>quam</span> <span class='ocrx_word' id='word_1_220' title='bbox 495 2173 571 2241; x_wconf 88' lang='lat' dir='ltr'>prius</span> <span class='ocrx_word' id='word_1_221' title='bbox 588 2181 644 2227; x_wconf 88' lang='lat' dir='ltr'>tres</span> <span class='ocrx_word' id='word_1_222' title='bbox 662 2174 864 2236; x_wconf 81' lang='lat' dir='ltr'>intervallorum</span> <span class='ocrx_word' id='word_1_223' title='bbox 883 2175 989 2245; x_wconf 91' lang='lat' dir='ltr'>species</span> <span class='ocrx_word' id='word_1_224' title='bbox 1013 2172 1099 2228; x_wconf 87' lang='lat' dir='ltr'>tribus</span> <span class='ocrx_word' id='word_1_225' title='bbox 1118 2176 1214 2226; x_wconf 81' lang='grc'><strong>000100</strong></span> <span class='ocrx_word' id='word_1_226' title='bbox 1231 2170 1383 2238; x_wconf 85' lang='lat' dir='ltr'>generibus.</span> <span class='ocrx_word' id='word_1_227' title='bbox 1421 2170 1498 2238; x_wconf 73' lang='lat' dir='ltr'>Quae</span> 
     </span>
     <span class='ocr_line' id='line_1_22' title="bbox 144 2243 1580 2321; baseline 0.008 -26"><span class='ocrx_word' id='word_1_228' title='bbox 144 2243 235 2297; x_wconf 90' lang='lat' dir='ltr'>omnia</span> <span class='ocrx_word' id='word_1_229' title='bbox 254 2245 293 2300; x_wconf 90' lang='lat' dir='ltr'>sic</span> <span class='ocrx_word' id='word_1_230' title='bbox 311 2263 361 2315; x_wconf 91' lang='lat' dir='ltr'>ego</span> <span class='ocrx_word' id='word_1_231' title='bbox 379 2250 521 2319; x_wconf 88' lang='lat' dir='ltr'>praedico,</span> <span class='ocrx_word' id='word_1_232' title='bbox 549 2251 659 2321; x_wconf 91' lang='lat' dir='ltr'>utplus</span> <span class='ocrx_word' id='word_1_233' title='bbox 678 2253 741 2309; x_wconf 88' lang='lat' dir='ltr'>inde</span> <span class='ocrx_word' id='word_1_234' title='bbox 759 2254 881 2309; x_wconf 87' lang='lat' dir='ltr'>videatur</span> <span class='ocrx_word' id='word_1_235' title='bbox 899 2252 1028 2308; x_wconf 87' lang='lat' dir='ltr'>accedere</span> <span class='ocrx_word' id='word_1_236' title='bbox 1047 2250 1197 2306; x_wconf 85' lang='lat' dir='ltr'>nobilitatis</span> <span class='ocrx_word' id='word_1_237' title='bbox 1214 2248 1322 2315; x_wconf 85' lang='lat' dir='ltr'>ingenio</span> <span class='ocrx_word' id='word_1_238' title='bbox 1341 2248 1497 2320; x_wconf 76' lang='lat' dir='ltr'>Ptolemaei,</span> <span class='ocrx_word' id='word_1_239' title='bbox 1577 2311 1580 2320; x_wconf 24' lang='grc' dir='ltr'><strong>Δ</strong></span> 
     </span>
     <span class='ocr_line' id='line_1_23' title="bbox 144 2319 1498 2402; baseline 0.007 -28"><span class='ocrx_word' id='word_1_240' title='bbox 144 2319 213 2375; x_wconf 88' lang='lat' dir='ltr'>baec</span> <span class='ocrx_word' id='word_1_241' title='bbox 232 2329 288 2377; x_wconf 88' lang='lat' dir='ltr'>tam</span> <span class='ocrx_word' id='word_1_242' title='bbox 305 2335 369 2395; x_wconf 89' lang='lat' dir='ltr'>apte</span> <span class='ocrx_word' id='word_1_243' title='bbox 387 2329 613 2385; x_wconf 88' lang='lat' dir='ltr'>comminiscentis</span> <span class='ocrx_word' id='word_1_244' title='bbox 632 2339 711 2386; x_wconf 90' lang='lat' dir='ltr'>etex</span> <span class='ocrx_word' id='word_1_245' title='bbox 731 2347 777 2402; x_wconf 91' lang='lat' dir='ltr'>eo,</span> <span class='ocrx_word' id='word_1_246' title='bbox 805 2332 879 2402; x_wconf 89' lang='lat' dir='ltr'>quod</span> <span class='ocrx_word' id='word_1_247' title='bbox 898 2332 965 2388; x_wconf 91' lang='lat' dir='ltr'>nihil</span> <span class='ocrx_word' id='word_1_248' title='bbox 984 2336 1042 2400; x_wconf 90' lang='lat' dir='ltr'>est,</span> <span class='ocrx_word' id='word_1_249' title='bbox 1061 2327 1163 2398; x_wconf 87' lang='lat' dir='ltr'>aliquid</span> <span class='ocrx_word' id='word_1_250' title='bbox 1181 2326 1333 2395; x_wconf 84' lang='lat' dir='ltr'>efficientis,</span> <span class='ocrx_word' id='word_1_251' title='bbox 1352 2341 1434 2396; x_wconf 89' lang='lat' dir='ltr'>qnam</span> <span class='ocrx_word' id='word_1_252' title='bbox 1452 2343 1498 2382; x_wconf 90' lang='lat' dir='ltr'>na·</span> 
     </span>
     <span class='ocr_line' id='line_1_24' title="bbox 145 2404 1498 2480; baseline 0.008 -28"><span class='ocrx_word' id='word_1_253' title='bbox 145 2405 224 2454; x_wconf 87' lang='lat' dir='ltr'>turae</span> <span class='ocrx_word' id='word_1_254' title='bbox 242 2404 326 2470; x_wconf 86' lang='lat' dir='ltr'>coeli,</span> <span class='ocrx_word' id='word_1_255' title='bbox 353 2408 397 2462; x_wconf 92' lang='lat' dir='ltr'>cui</span> <span class='ocrx_word' id='word_1_256' title='bbox 415 2408 483 2464; x_wconf 91' lang='lat' dir='ltr'>haec</span> <span class='ocrx_word' id='word_1_257' title='bbox 501 2419 574 2464; x_wconf 88' lang='lat' dir='ltr'>certe</span> <span class='ocrx_word' id='word_1_258' title='bbox 593 2412 769 2480; x_wconf 80' lang='lat' dir='ltr'>congruentia</span> <span class='ocrx_word' id='word_1_259' title='bbox 788 2420 830 2465; x_wconf 91' lang='lat' dir='ltr'>est</span> <span class='ocrx_word' id='word_1_260' title='bbox 847 2411 970 2466; x_wconf 83' lang='lat' dir='ltr'>fortuita.</span> <span class='ocrx_word' id='word_1_261' title='bbox 1006 2411 1129 2480; x_wconf 84' lang='lat' dir='ltr'>Apparet</span> <span class='ocrx_word' id='word_1_262' title='bbox 1147 2422 1212 2463; x_wconf 90' lang='lat' dir='ltr'>sane</span> <span class='ocrx_word' id='word_1_263' title='bbox 1231 2423 1265 2460; x_wconf 92' lang='lat' dir='ltr'>ex</span> <span class='ocrx_word' id='word_1_264' title='bbox 1284 2404 1407 2468; x_wconf 86' lang='lat' dir='ltr'>omuibus</span> <span class='ocrx_word' id='word_1_265' title='bbox 1426 2411 1498 2462; x_wconf 87' lang='lat' dir='ltr'>com·</span> 
     </span>
     <span class='ocr_line' id='line_1_25' title="bbox 144 2480 1498 2607; baseline 0.006 -76"><span class='ocrx_word' id='word_1_266' title='bbox 144 2480 347 2607; x_wconf 61' lang='lat' dir='ltr'>gerationibus,</span> <span class='ocrx_word' id='word_1_267' title='bbox 366 2485 522 2543; x_wconf 89' lang='lat' dir='ltr'>Ptolemaeo</span> <span class='ocrx_word' id='word_1_268' title='bbox 541 2488 676 2559; x_wconf 86' lang='lat' dir='ltr'>placuisse</span> <span class='ocrx_word' id='word_1_269' title='bbox 695 2505 835 2558; x_wconf 88' lang='lat' dir='ltr'>uumerus,</span> <span class='ocrx_word' id='word_1_270' title='bbox 855 2491 1009 2557; x_wconf 84' lang='lat' dir='ltr'>ubicunque</span> <span class='ocrx_word' id='word_1_271' title='bbox 1027 2486 1137 2543; x_wconf 91' lang='lat' dir='ltr'>eosdem</span> <span class='ocrx_word' id='word_1_272' title='bbox 1156 2485 1282 2553; x_wconf 90' lang='lat' dir='ltr'>utrinque</span> <span class='ocrx_word' id='word_1_273' title='bbox 1299 2485 1390 2553; x_wconf 91' lang='lat' dir='ltr'>potuit</span> <span class='ocrx_word' id='word_1_274' title='bbox 1408 2490 1498 2540; x_wconf 90' lang='lat' dir='ltr'>osten·</span> 
     </span>
     <span class='ocr_line' id='line_1_26' title="bbox 74 2561 1500 2639; baseline 0.005 -30"><span class='ocrx_word' id='word_1_275' title='bbox 74 2632 77 2636; x_wconf 18' lang='lat'><em>7</em></span> <span class='ocrx_word' id='word_1_276' title='bbox 163 2571 217 2611; x_wconf 87' lang='lat' dir='ltr'>ere.</span> <span class='ocrx_word' id='word_1_277' title='bbox 254 2561 290 2615; x_wconf 88' lang='lat' dir='ltr'>lit</span> <span class='ocrx_word' id='word_1_278' title='bbox 307 2562 427 2619; x_wconf 90' lang='lat' dir='ltr'>absurda</span> <span class='ocrx_word' id='word_1_279' title='bbox 452 2573 495 2620; x_wconf 91' lang='lat' dir='ltr'>cst</span> <span class='ocrx_word' id='word_1_280' title='bbox 518 2584 691 2623; x_wconf 90' lang='lat' dir='ltr'>numerorum</span> <span class='ocrx_word' id='word_1_281' title='bbox 713 2569 740 2624; x_wconf 92' lang='lat' dir='ltr'>in</span> <span class='ocrx_word' id='word_1_282' title='bbox 759 2569 957 2639; x_wconf 89' lang='lat' dir='ltr'>quantitatibus</span> <span class='ocrx_word' id='word_1_283' title='bbox 981 2566 1162 2636; x_wconf 87' lang='lat' dir='ltr'>comparatio,</span> <span class='ocrx_word' id='word_1_284' title='bbox 1190 2565 1214 2618; x_wconf 94' lang='lat' dir='ltr'>si</span> <span class='ocrx_word' id='word_1_285' title='bbox 1231 2563 1365 2618; x_wconf 87' lang='lat' dir='ltr'>unitatum</span> <span class='ocrx_word' id='word_1_286' title='bbox 1383 2578 1439 2618; x_wconf 90' lang='lat' dir='ltr'>nou</span> <span class='ocrx_word' id='word_1_287' title='bbox 1457 2568 1500 2617; x_wconf 91' lang='lat' dir='ltr'>est</span> 
     </span>
     <span class='ocr_line' id='line_1_27' title="bbox 145 2636 1498 2716; baseline 0.007 -27"><span class='ocrx_word' id='word_1_288' title='bbox 145 2636 242 2691; x_wconf 72' lang='grc' dir='ltr'><strong>00010οι</strong></span> <span class='ocrx_word' id='word_1_289' title='bbox 261 2642 405 2712; x_wconf 85' lang='lat' dir='ltr'>utrobique</span> <span class='ocrx_word' id='word_1_290' title='bbox 423 2645 506 2715; x_wconf 89' lang='lat' dir='ltr'>ratio,</span> <span class='ocrx_word' id='word_1_291' title='bbox 534 2650 629 2704; x_wconf 88' lang='lat' dir='ltr'>eadem</span> <span class='ocrx_word' id='word_1_292' title='bbox 646 2649 792 2705; x_wconf 88' lang='lat' dir='ltr'>distinctio.</span> <span class='ocrx_word' id='word_1_293' title='bbox 829 2650 891 2703; x_wconf 89' lang='lat' dir='ltr'>Jam</span> <span class='ocrx_word' id='word_1_294' title='bbox 916 2663 980 2705; x_wconf 88' lang='lat' dir='ltr'>vero</span> <span class='ocrx_word' id='word_1_295' title='bbox 1005 2645 1174 2716; x_wconf 82' lang='lat' dir='ltr'>septenarius</span> <span class='ocrx_word' id='word_1_296' title='bbox 1197 2652 1325 2699; x_wconf 88' lang='lat' dir='ltr'>tonorum</span> <span class='ocrx_word' id='word_1_297' title='bbox 1343 2642 1430 2701; x_wconf 85' lang='lat' dir='ltr'>oritur</span> <span class='ocrx_word' id='word_1_298' title='bbox 1447 2646 1498 2699; x_wconf 84' lang='grc'>07</span> 
     </span>
     <span class='ocr_line' id='line_1_28' title="bbox 145 2718 1498 2798; baseline 0.007 -30"><span class='ocrx_word' id='word_1_299' title='bbox 145 2718 286 2773; x_wconf 90' lang='lat' dir='ltr'>consuetis</span> <span class='ocrx_word' id='word_1_300' title='bbox 303 2720 453 2778; x_wconf 87' lang='lat' dir='ltr'>intervallis</span> <span class='ocrx_word' id='word_1_301' title='bbox 472 2725 552 2780; x_wconf 88' lang='lat' dir='ltr'>unius</span> <span class='ocrx_word' id='word_1_302' title='bbox 571 2734 697 2798; x_wconf 83' lang='lat' dir='ltr'>octavae,</span> <span class='ocrx_word' id='word_1_303' title='bbox 715 2734 745 2781; x_wconf 85' lang='lat' dir='ltr'>at</span> <span class='ocrx_word' id='word_1_304' title='bbox 762 2728 933 2797; x_wconf 85' lang='lat' dir='ltr'>septenarius</span> <span class='ocrx_word' id='word_1_305' title='bbox 950 2725 1141 2797; x_wconf 89' lang='lat' dir='ltr'>parallelorum</span> <span class='ocrx_word' id='word_1_306' title='bbox 1160 2724 1247 2778; x_wconf 88' lang='lat' dir='ltr'>oritur</span> <span class='ocrx_word' id='word_1_307' title='bbox 1263 2740 1281 2777; x_wconf 97' lang='lat' dir='ltr'>a</span> <span class='ocrx_word' id='word_1_308' title='bbox 1298 2721 1332 2776; x_wconf 83' lang='lat'>12</span> <span class='ocrx_word' id='word_1_309' title='bbox 1350 2722 1435 2790; x_wconf 86' lang='lat' dir='ltr'>siguis</span> <span class='ocrx_word' id='word_1_310' title='bbox 1453 2739 1498 2777; x_wconf 94' lang='lat' dir='ltr'>zo·</span> 
     </span>
     <span class='ocr_line' id='line_1_29' title="bbox 146 2794 1550 2877; baseline 0.006 -28"><span class='ocrx_word' id='word_1_311' title='bbox 146 2794 216 2851; x_wconf 81' lang='lat' dir='ltr'>disci</span> <span class='ocrx_word' id='word_1_312' title='bbox 234 2806 330 2867; x_wconf 87' lang='lat' dir='ltr'>estque</span> <span class='ocrx_word' id='word_1_313' title='bbox 348 2811 485 2871; x_wconf 87' lang='lat' dir='ltr'>potestate</span> <span class='ocrx_word' id='word_1_314' title='bbox 504 2806 686 2864; x_wconf 90' lang='lat' dir='ltr'>duodenarius</span> <span class='ocrx_word' id='word_1_315' title='bbox 703 2806 819 2877; x_wconf 68' lang='lat' dir='ltr'>potius.⁴</span> <span class='ocrx_word' id='word_1_316' title='bbox 838 2806 992 2875; x_wconf 90' lang='lat' dir='ltr'>Praeterea,</span> <span class='ocrx_word' id='word_1_317' title='bbox 1012 2806 1078 2875; x_wconf 91' lang='lat' dir='ltr'>quid</span> <span class='ocrx_word' id='word_1_318' title='bbox 1096 2802 1184 2861; x_wconf 89' lang='lat' dir='ltr'>simile</span> <span class='ocrx_word' id='word_1_319' title='bbox 1202 2811 1244 2858; x_wconf 90' lang='lat' dir='ltr'>cst</span> <span class='ocrx_word' id='word_1_320' title='bbox 1262 2799 1362 2871; x_wconf 90' lang='lat' dir='ltr'>speciei</span> <span class='ocrx_word' id='word_1_321' title='bbox 1378 2801 1446 2871; x_wconf 90' lang='lat' dir='ltr'>toni,</span> <span class='ocrx_word' id='word_1_322' title='bbox 1464 2818 1499 2858; x_wconf 85' lang='lat' dir='ltr'>ex</span> <span class='ocrx_word' id='word_1_323' title='bbox 1545 2860 1550 2867; x_wconf 58' lang='grc'><strong>,</strong></span> 
     </span>
     <span class='ocr_line' id='line_1_30' title="bbox 145 2874 1499 2956; baseline 0.007 -32"><span class='ocrx_word' id='word_1_324' title='bbox 145 2874 228 2953; x_wconf 83' lang='lat' dir='ltr'>variis</span> <span class='ocrx_word' id='word_1_325' title='bbox 246 2876 393 2936; x_wconf 84' lang='lat' dir='ltr'>intervallis</span> <span class='ocrx_word' id='word_1_326' title='bbox 412 2884 505 2940; x_wconf 87' lang='lat' dir='ltr'>ordine</span> <span class='ocrx_word' id='word_1_327' title='bbox 523 2895 598 2941; x_wconf 90' lang='lat' dir='ltr'>certo</span> <span class='ocrx_word' id='word_1_328' title='bbox 625 2885 776 2956; x_wconf 89' lang='lat' dir='ltr'>compositi.</span> <span class='ocrx_word' id='word_1_329' title='bbox 795 2901 857 2941; x_wconf 91' lang='lat' dir='ltr'>cum</span> <span class='ocrx_word' id='word_1_330' title='bbox 877 2886 1010 2956; x_wconf 89' lang='lat' dir='ltr'>parallelo</span> <span class='ocrx_word' id='word_1_331' title='bbox 1037 2885 1107 2941; x_wconf 91' lang='lat' dir='ltr'>coeli</span> <span class='ocrx_word' id='word_1_332' title='bbox 1131 2882 1346 2953; x_wconf 87' lang='lat' dir='ltr'>simplicissimo,</span> <span class='ocrx_word' id='word_1_333' title='bbox 1374 2885 1423 2935; x_wconf 87' lang='lat' dir='ltr'>aut</span> <span class='ocrx_word' id='word_1_334' title='bbox 1440 2881 1499 2935; x_wconf 89' lang='lat' dir='ltr'>toni</span> 
     </span>
     <span class='ocr_line' id='line_1_31' title="bbox 145 2952 1500 3036; baseline 0.006 -30"><span class='ocrx_word' id='word_1_335' title='bbox 145 2952 284 3016; x_wconf 80' lang='lat' dir='ltr'>altitudini</span> <span class='ocrx_word' id='word_1_336' title='bbox 303 2954 364 3013; x_wconf 78' lang='lat' dir='ltr'>cuin</span> <span class='ocrx_word' id='word_1_337' title='bbox 382 2961 522 3019; x_wconf 88' lang='lat' dir='ltr'>altitudine</span> <span class='ocrx_word' id='word_1_338' title='bbox 541 2967 664 3035; x_wconf 87' lang='lat' dir='ltr'>paralleli</span> <span class='ocrx_word' id='word_1_339' title='bbox 682 2967 789 3035; x_wconf 88' lang='lat' dir='ltr'>generis</span> <span class='ocrx_word' id='word_1_340' title='bbox 808 2966 992 3035; x_wconf 90' lang='lat' dir='ltr'>diversissimi,</span> <span class='ocrx_word' id='word_1_341' title='bbox 1011 2972 1040 3022; x_wconf 88' lang='lat' dir='ltr'>et</span> <span class='ocrx_word' id='word_1_342' title='bbox 1057 2965 1174 3036; x_wconf 87' lang='lat' dir='ltr'>positiva</span> <span class='ocrx_word' id='word_1_343' title='bbox 1190 2970 1296 3017; x_wconf 86' lang='lat' dir='ltr'>tautum</span> <span class='ocrx_word' id='word_1_344' title='bbox 1315 2966 1343 3015; x_wconf 87' lang='lat' dir='ltr'>et</span> <span class='ocrx_word' id='word_1_345' title='bbox 1360 2975 1422 3015; x_wconf 84' lang='lat' dir='ltr'>cnm</span> <span class='ocrx_word' id='word_1_346' title='bbox 1439 2959 1500 3030; x_wconf 93' lang='lat' dir='ltr'>ipsa</span> 
     </span>
     <span class='ocr_line' id='line_1_32' title="bbox 145 3031 1499 3123; baseline 0.005 -39"><span class='ocrx_word' id='word_1_347' title='bbox 145 3031 267 3088; x_wconf 90' lang='lat' dir='ltr'>locorum</span> <span class='ocrx_word' id='word_1_348' title='bbox 286 3039 415 3096; x_wconf 86' lang='lat' dir='ltr'>varietate</span> <span class='ocrx_word' id='word_1_349' title='bbox 433 3045 526 3099; x_wconf 81' lang='lat' dir='ltr'>varia?</span> <span class='ocrx_word' id='word_1_350' title='bbox 562 3048 634 3100; x_wconf 90' lang='lat' dir='ltr'>Dato</span> <span class='ocrx_word' id='word_1_351' title='bbox 652 3060 729 3111; x_wconf 82' lang='lat' dir='ltr'>vero,</span> <span class='ocrx_word' id='word_1_352' title='bbox 756 3043 916 3112; x_wconf 85' lang='lat' dir='ltr'>quadratio</span> <span class='ocrx_word' id='word_1_353' title='bbox 935 3043 1178 3123; x_wconf 87' lang='lat' dir='ltr'>comparandorum</span> <span class='ocrx_word' id='word_1_354' title='bbox 1197 3040 1324 3109; x_wconf 89' lang='lat' dir='ltr'>utrinque</span> <span class='ocrx_word' id='word_1_355' title='bbox 1342 3038 1378 3093; x_wconf 89' lang='lat' dir='ltr'>sit</span> <span class='ocrx_word' id='word_1_356' title='bbox 1396 3038 1499 3108; x_wconf 86' lang='lat' dir='ltr'>eadem,</span> 
     </span>
     <span class='ocr_line' id='line_1_33' title="bbox 145 3110 1500 3197; baseline 0.007 -35"><span class='ocrx_word' id='word_1_357' title='bbox 145 3110 169 3163; x_wconf 90' lang='lat' dir='ltr'>si</span> <span class='ocrx_word' id='word_1_358' title='bbox 187 3120 281 3168; x_wconf 90' lang='lat' dir='ltr'>tamen</span> <span class='ocrx_word' id='word_1_359' title='bbox 300 3116 327 3170; x_wconf 91' lang='lat' dir='ltr'>id</span> <span class='ocrx_word' id='word_1_360' title='bbox 346 3128 388 3175; x_wconf 90' lang='lat' dir='ltr'>est</span> <span class='ocrx_word' id='word_1_361' title='bbox 405 3121 474 3176; x_wconf 89' lang='lat' dir='ltr'>citra</span> <span class='ocrx_word' id='word_1_362' title='bbox 491 3140 589 3180; x_wconf 89' lang='lat' dir='ltr'>causae</span> <span class='ocrx_word' id='word_1_363' title='bbox 608 3134 636 3180; x_wconf 91' lang='lat' dir='ltr'>et</span> <span class='ocrx_word' id='word_1_364' title='bbox 654 3124 767 3179; x_wconf 80' lang='lat' dir='ltr'>effectus</span> <span class='ocrx_word' id='word_1_365' title='bbox 785 3125 996 3192; x_wconf 84' lang='lat' dir='ltr'>connexionem,</span> <span class='ocrx_word' id='word_1_366' title='bbox 1023 3133 1054 3180; x_wconf 91' lang='lat' dir='ltr'>ut</span> <span class='ocrx_word' id='word_1_367' title='bbox 1072 3130 1145 3179; x_wconf 88' lang='lat' dir='ltr'>certe</span> <span class='ocrx_word' id='word_1_368' title='bbox 1163 3128 1206 3177; x_wconf 92' lang='lat' dir='ltr'>est</span> <span class='ocrx_word' id='word_1_369' title='bbox 1223 3121 1275 3175; x_wconf 88' lang='lat' dir='ltr'>hoc</span> <span class='ocrx_word' id='word_1_370' title='bbox 1293 3119 1368 3197; x_wconf 85' lang='lat' dir='ltr'>loco,</span> <span class='ocrx_word' id='word_1_371' title='bbox 1391 3134 1500 3189; x_wconf 89' lang='lat' dir='ltr'>compa·</span> 
     </span>
     <span class='ocr_line' id='line_1_34' title="bbox 144 3193 1323 3272; baseline 0.007 -29"><span class='ocrx_word' id='word_1_372' title='bbox 144 3193 217 3246; x_wconf 86' lang='lat' dir='ltr'>ratio</span> <span class='ocrx_word' id='word_1_373' title='bbox 236 3193 318 3261; x_wconf 89' lang='lat' dir='ltr'>vulgo</span> <span class='ocrx_word' id='word_1_374' title='bbox 335 3198 427 3266; x_wconf 89' lang='lat' dir='ltr'>potius</span> <span class='ocrx_word' id='word_1_375' title='bbox 444 3203 620 3259; x_wconf 86' lang='lat' dir='ltr'>accomodata</span> <span class='ocrx_word' id='word_1_376' title='bbox 638 3209 682 3257; x_wconf 89' lang='lat' dir='ltr'>est</span> <span class='ocrx_word' id='word_1_377' title='bbox 698 3201 870 3256; x_wconf 81' lang='lat' dir='ltr'>fortuitorum</span> <span class='ocrx_word' id='word_1_378' title='bbox 889 3200 1032 3272; x_wconf 89' lang='lat' dir='ltr'>captatori,</span> <span class='ocrx_word' id='word_1_379' title='bbox 1052 3218 1132 3270; x_wconf 89' lang='lat' dir='ltr'>quam</span> <span class='ocrx_word' id='word_1_380' title='bbox 1150 3198 1323 3270; x_wconf 90' lang='lat' dir='ltr'>philosopho.</span> 
     </span>
    </p>

    <p class='ocr_par' dir='ltr' id='par_1_10' title="bbox 143 3274 1502 4060">
     <span class='ocr_line' id='line_1_35' title="bbox 236 3274 1500 3350; baseline 0.006 -25"><span class='ocrx_word' id='word_1_381' title='bbox 236 3274 331 3343; x_wconf 90' lang='lat' dir='ltr'>Louge</span> <span class='ocrx_word' id='word_1_382' title='bbox 350 3292 400 3346; x_wconf 92' lang='lat' dir='ltr'>ego</span> <span class='ocrx_word' id='word_1_383' title='bbox 419 3281 642 3347; x_wconf 89' lang='lat' dir='ltr'>praestantiorem</span> <span class='ocrx_word' id='word_1_384' title='bbox 654 3282 760 3339; x_wconf 91' lang='lat' dir='ltr'>invenio</span> <span class='ocrx_word' id='word_1_385' title='bbox 772 3288 899 3335; x_wconf 84' lang='lat' dir='ltr'>tonorum</span> <span class='ocrx_word' id='word_1_386' title='bbox 912 3280 1114 3350; x_wconf 86' lang='lat' dir='ltr'>expressionem</span> <span class='ocrx_word' id='word_1_387' title='bbox 1134 3296 1182 3334; x_wconf 87' lang='lat' dir='ltr'>seu</span> <span class='ocrx_word' id='word_1_388' title='bbox 1194 3276 1369 3332; x_wconf 88' lang='lat' dir='ltr'>imitationem</span> <span class='ocrx_word' id='word_1_389' title='bbox 1386 3274 1415 3329; x_wconf 91' lang='lat' dir='ltr'>iu</span> <span class='ocrx_word' id='word_1_390' title='bbox 1427 3276 1500 3346; x_wconf 86' lang='lat' dir='ltr'>¹ipsis</span> 
     </span>
     <span class='ocr_line' id='line_1_36' title="bbox 145 3348 1500 3430; baseline 0.007 -29"><span class='ocrx_word' id='word_1_391' title='bbox 145 3348 318 3417; x_wconf 89' lang='lat' dir='ltr'>planetarum</span> <span class='ocrx_word' id='word_1_392' title='bbox 336 3359 507 3424; x_wconf 88' lang='lat' dir='ltr'>superiorum</span> <span class='ocrx_word' id='word_1_393' title='bbox 525 3359 605 3413; x_wconf 90' lang='lat' dir='ltr'>trium</span> <span class='ocrx_word' id='word_1_394' title='bbox 624 3360 741 3415; x_wconf 88' lang='lat' dir='ltr'>motibus</span> <span class='ocrx_word' id='word_1_395' title='bbox 768 3360 899 3430; x_wconf 88' lang='lat' dir='ltr'>propriis,</span> <span class='ocrx_word' id='word_1_396' title='bbox 928 3367 959 3415; x_wconf 91' lang='lat' dir='ltr'>ut</span> <span class='ocrx_word' id='word_1_397' title='bbox 977 3361 996 3413; x_wconf 93' lang='lat' dir='ltr'>ii</span> <span class='ocrx_word' id='word_1_398' title='bbox 1014 3375 1048 3413; x_wconf 90' lang='lat' dir='ltr'>ex</span> <span class='ocrx_word' id='word_1_399' title='bbox 1067 3359 1130 3415; x_wconf 88' lang='lat' dir='ltr'>Sole</span> <span class='ocrx_word' id='word_1_400' title='bbox 1157 3361 1302 3425; x_wconf 89' lang='lat' dir='ltr'>apparent,</span> <span class='ocrx_word' id='word_1_401' title='bbox 1331 3352 1378 3407; x_wconf 89' lang='lat' dir='ltr'>ubi</span> <span class='ocrx_word' id='word_1_402' title='bbox 1404 3368 1500 3421; x_wconf 86' lang='lat' dir='ltr'>graves</span> 
     </span>
     <span class='ocr_line' id='line_1_37' title="bbox 145 3429 1501 3506; baseline 0.006 -26"><span class='ocrx_word' id='word_1_403' title='bbox 145 3430 204 3482; x_wconf 88' lang='lat' dir='ltr'>toni</span> <span class='ocrx_word' id='word_1_404' title='bbox 223 3429 258 3483; x_wconf 90' lang='lat' dir='ltr'>ab</span> <span class='ocrx_word' id='word_1_405' title='bbox 277 3429 428 3501; x_wconf 86' lang='lat' dir='ltr'>hypodorio</span> <span class='ocrx_word' id='word_1_406' title='bbox 446 3453 496 3506; x_wconf 90' lang='lat' dir='ltr'>per</span> <span class='ocrx_word' id='word_1_407' title='bbox 513 3430 701 3493; x_wconf 85' lang='lat' dir='ltr'>Saturniorum</span> <span class='ocrx_word' id='word_1_408' title='bbox 719 3449 840 3494; x_wconf 89' lang='lat' dir='ltr'>motuum</span> <span class='ocrx_word' id='word_1_409' title='bbox 858 3436 1031 3494; x_wconf 90' lang='lat' dir='ltr'>intervallum</span> <span class='ocrx_word' id='word_1_410' title='bbox 1049 3435 1236 3492; x_wconf 83' lang='lat' dir='ltr'>harmonicum</span> <span class='ocrx_word' id='word_1_411' title='bbox 1253 3439 1282 3488; x_wconf 91' lang='lat' dir='ltr'>et</span> <span class='ocrx_word' id='word_1_412' title='bbox 1299 3447 1348 3501; x_wconf 91' lang='lat' dir='ltr'>per</span> <span class='ocrx_word' id='word_1_413' title='bbox 1367 3433 1501 3488; x_wconf 89' lang='lat' dir='ltr'>concinna</span> 
     </span>
     <span class='ocr_line' id='line_1_38' title="bbox 145 3506 1501 3587; baseline 0.008 -25"><span class='ocrx_word' id='word_1_414' title='bbox 145 3506 338 3565; x_wconf 88' lang='lat' dir='ltr'>intercidentia</span> <span class='ocrx_word' id='word_1_415' title='bbox 355 3521 550 3581; x_wconf 84' lang='lat' dir='ltr'>monstrantur,</span> <span class='ocrx_word' id='word_1_416' title='bbox 570 3515 662 3571; x_wconf 87' lang='lat' dir='ltr'>dorius</span> <span class='ocrx_word' id='word_1_417' title='bbox 682 3525 710 3572; x_wconf 89' lang='lat' dir='ltr'>et</span> <span class='ocrx_word' id='word_1_418' title='bbox 730 3517 938 3572; x_wconf 88' lang='lat' dir='ltr'>circumstantes</span> <span class='ocrx_word' id='word_1_419' title='bbox 956 3532 1006 3587; x_wconf 91' lang='lat' dir='ltr'>per</span> <span class='ocrx_word' id='word_1_420' title='bbox 1024 3516 1127 3584; x_wconf 86' lang='lat' dir='ltr'>Jorios,</span> <span class='ocrx_word' id='word_1_421' title='bbox 1145 3510 1309 3581; x_wconf 80' lang='lat' dir='ltr'>mixolydius</span> <span class='ocrx_word' id='word_1_422' title='bbox 1328 3509 1501 3567; x_wconf 67' lang='lat' dir='ltr'>acutissimus</span> 
     </span>
     <span class='ocr_line' id='line_1_39' title="bbox 145 3587 1500 3667; baseline 0.004 -27"><span class='ocrx_word' id='word_1_423' title='bbox 145 3602 162 3640; x_wconf 91' lang='lat' dir='ltr'>a</span> <span class='ocrx_word' id='word_1_424' title='bbox 179 3588 290 3642; x_wconf 81' lang='lat' dir='ltr'>Martiis</span> <span class='ocrx_word' id='word_1_425' title='bbox 308 3590 434 3647; x_wconf 87' lang='lat' dir='ltr'>motibus.</span> <span class='ocrx_word' id='word_1_426' title='bbox 469 3594 539 3649; x_wconf 84' lang='lat' dir='ltr'>Nam</span> <span class='ocrx_word' id='word_1_427' title='bbox 558 3594 581 3649; x_wconf 92' lang='lat' dir='ltr'>si</span> <span class='ocrx_word' id='word_1_428' title='bbox 600 3595 709 3650; x_wconf 87' lang='lat' dir='ltr'>Saturni</span> <span class='ocrx_word' id='word_1_429' title='bbox 727 3602 817 3649; x_wconf 89' lang='lat' dir='ltr'>motus</span> <span class='ocrx_word' id='word_1_430' title='bbox 834 3594 960 3663; x_wconf 93' lang='lat' dir='ltr'>aphelius</span> <span class='ocrx_word' id='word_1_431' title='bbox 985 3594 1049 3649; x_wconf 86' lang='lat' dir='ltr'>lacit</span> <span class='ocrx_word' id='word_1_432' title='bbox 1066 3593 1145 3649; x_wconf 89' lang='lat' dir='ltr'>basin</span> <span class='ocrx_word' id='word_1_433' title='bbox 1167 3588 1322 3661; x_wconf 80' lang='lat' dir='ltr'>systematis</span> <span class='ocrx_word' id='word_1_434' title='bbox 1341 3587 1500 3667; x_wconf 77' lang='lat' dir='ltr'>universalis</span> 
     </span>
     <span class='ocr_line' id='line_1_40' title="bbox 146 3667 1500 3749; baseline 0.002 -28"><span class='ocrx_word' id='word_1_435' title='bbox 146 3676 174 3723; x_wconf 91' lang='lat' dir='ltr'>et</span> <span class='ocrx_word' id='word_1_436' title='bbox 192 3669 278 3722; x_wconf 89' lang='lat' dir='ltr'>imum</span> <span class='ocrx_word' id='word_1_437' title='bbox 297 3668 427 3739; x_wconf 88' lang='lat' dir='ltr'>diapason</span> <span class='ocrx_word' id='word_1_438' title='bbox 446 3673 564 3727; x_wconf 88' lang='lat' dir='ltr'>sonitum</span> <span class='ocrx_word' id='word_1_439' title='bbox 583 3681 777 3743; x_wconf 87' lang='lat' dir='ltr'>repraesentat,</span> <span class='ocrx_word' id='word_1_440' title='bbox 796 3674 872 3729; x_wconf 89' lang='lat' dir='ltr'>Jovis</span> <span class='ocrx_word' id='word_1_441' title='bbox 891 3684 980 3727; x_wconf 91' lang='lat' dir='ltr'>motus</span> <span class='ocrx_word' id='word_1_442' title='bbox 999 3672 1124 3742; x_wconf 89' lang='lat' dir='ltr'>aphelius</span> <span class='ocrx_word' id='word_1_443' title='bbox 1136 3687 1154 3726; x_wconf 90' lang='lat' dir='ltr'>a</span> <span class='ocrx_word' id='word_1_444' title='bbox 1165 3686 1232 3726; x_wconf 88' lang='lat' dir='ltr'>sono</span> <span class='ocrx_word' id='word_1_445' title='bbox 1249 3667 1500 3749; x_wconf 75' lang='grc'><strong>0,]110011000000</strong></span> 
     </span>
     <span class='ocr_line' id='line_1_41' title="bbox 143 3748 1501 3839; baseline 0.001 -38"><span class='ocrx_word' id='word_1_446' title='bbox 143 3749 164 3817; x_wconf 74' lang='lat' dir='ltr'>f,</span> <span class='ocrx_word' id='word_1_447' title='bbox 184 3756 301 3803; x_wconf 88' lang='lat' dir='ltr'>octavae</span> <span class='ocrx_word' id='word_1_448' title='bbox 320 3764 456 3820; x_wconf 90' lang='lat' dir='ltr'>supremo,</span> <span class='ocrx_word' id='word_1_449' title='bbox 476 3755 623 3822; x_wconf 82' lang='lat' dir='ltr'>consurgit.</span> <span class='ocrx_word' id='word_1_450' title='bbox 659 3755 755 3822; x_wconf 90' lang='lat' dir='ltr'>ltaque</span> <span class='ocrx_word' id='word_1_451' title='bbox 773 3753 961 3821; x_wconf 90' lang='lat' dir='ltr'>Ptolemaeus,</span> <span class='ocrx_word' id='word_1_452' title='bbox 981 3753 1103 3822; x_wconf 87' lang='lat' dir='ltr'>allegans</span> <span class='ocrx_word' id='word_1_453' title='bbox 1121 3760 1225 3807; x_wconf 88' lang='lat' dir='ltr'>motum</span> <span class='ocrx_word' id='word_1_454' title='bbox 1243 3749 1372 3818; x_wconf 91' lang='lat' dir='ltr'>primum,</span> <span class='ocrx_word' id='word_1_455' title='bbox 1389 3748 1501 3839; x_wconf 47' lang='lat' dir='ltr'>terrico:</span> 
     </span>
     <span class='ocr_line' id='line_1_42' title="bbox 144 3825 1502 3903; baseline 0.001 -25"><span class='ocrx_word' id='word_1_456' title='bbox 144 3825 233 3879; x_wconf 88' lang='lat' dir='ltr'>larum</span> <span class='ocrx_word' id='word_1_457' title='bbox 253 3827 441 3899; x_wconf 87' lang='lat' dir='ltr'>phantasiam,</span> <span class='ocrx_word' id='word_1_458' title='bbox 469 3832 635 3888; x_wconf 87' lang='lat' dir='ltr'>Terrestrem</span> <span class='ocrx_word' id='word_1_459' title='bbox 663 3835 750 3889; x_wconf 92' lang='lat' dir='ltr'>solum</span> <span class='ocrx_word' id='word_1_460' title='bbox 778 3832 862 3889; x_wconf 89' lang='lat' dir='ltr'>tradit</span> <span class='ocrx_word' id='word_1_461' title='bbox 879 3832 1023 3899; x_wconf 89' lang='lat' dir='ltr'>musicam,</span> <span class='ocrx_word' id='word_1_462' title='bbox 1051 3848 1102 3903; x_wconf 92' lang='lat' dir='ltr'>ego</span> <span class='ocrx_word' id='word_1_463' title='bbox 1120 3830 1255 3887; x_wconf 86' lang='lat' dir='ltr'>Solarem:</span> <span class='ocrx_word' id='word_1_464' title='bbox 1281 3825 1327 3880; x_wconf 90' lang='grc'><strong>1110</strong></span> <span class='ocrx_word' id='word_1_465' title='bbox 1346 3832 1502 3881; x_wconf 79' lang='lat' dir='ltr'>necessitati</span> 
     </span>
     <span class='ocr_line' id='line_1_43' title="bbox 144 3906 1501 3983; baseline 0.005 -26"><span class='ocrx_word' id='word_1_466' title='bbox 144 3906 344 3973; x_wconf 84' lang='lat' dir='ltr'>quantitativae</span> <span class='ocrx_word' id='word_1_467' title='bbox 362 3910 506 3966; x_wconf 79' lang='lat' dir='ltr'>coritiuuae</span> <span class='ocrx_word' id='word_1_468' title='bbox 523 3914 691 3983; x_wconf 80' lang='lat' dir='ltr'>immersam,</span> <span class='ocrx_word' id='word_1_469' title='bbox 719 3930 768 3982; x_wconf 85' lang='lat' dir='ltr'>ego</span> <span class='ocrx_word' id='word_1_470' title='bbox 787 3918 960 3982; x_wconf 87' lang='lat' dir='ltr'>procuratam</span> <span class='ocrx_word' id='word_1_471' title='bbox 979 3928 996 3966; x_wconf 91' lang='lat' dir='ltr'>a</span> <span class='ocrx_word' id='word_1_472' title='bbox 1013 3919 1135 3966; x_wconf 78' lang='lat' dir='ltr'>creatore</span> <span class='ocrx_word' id='word_1_473' title='bbox 1152 3917 1180 3964; x_wconf 91' lang='lat' dir='ltr'>et</span> <span class='ocrx_word' id='word_1_474' title='bbox 1198 3906 1369 3963; x_wconf 90' lang='lat' dir='ltr'>distinctione</span> <span class='ocrx_word' id='word_1_475' title='bbox 1392 3920 1501 3975; x_wconf 84' lang='lat' dir='ltr'>separa·</span> 
     </span>
     <span class='ocr_line' id='line_1_44' title="bbox 145 3987 1142 4060; baseline 0.008 -22"><span class='ocrx_word' id='word_1_476' title='bbox 145 3987 279 4055; x_wconf 89' lang='lat' dir='ltr'>tioneque</span> <span class='ocrx_word' id='word_1_477' title='bbox 297 3989 452 4045; x_wconf 84' lang='lat' dir='ltr'>omnimoda</span> <span class='ocrx_word' id='word_1_478' title='bbox 468 3991 495 4045; x_wconf 92' lang='lat' dir='ltr'>iu</span> <span class='ocrx_word' id='word_1_479' title='bbox 513 3990 574 4048; x_wconf 89' lang='lat' dir='ltr'>luce</span> <span class='ocrx_word' id='word_1_480' title='bbox 592 3992 716 4048; x_wconf 85' lang='lat' dir='ltr'>locatam.</span> <span class='ocrx_word' id='word_1_481' title='bbox 753 3992 822 4047; x_wconf 82' lang='lat' dir='ltr'>Vide</span> <span class='ocrx_word' id='word_1_482' title='bbox 839 3991 892 4045; x_wconf 91' lang='lat' dir='ltr'>mei</span> <span class='ocrx_word' id='word_1_483' title='bbox 907 3990 969 4045; x_wconf 91' lang='lat' dir='ltr'>libri</span> <span class='ocrx_word' id='word_1_484' title='bbox 986 3990 1019 4045; x_wconf 84' lang='lat' dir='ltr'>V.</span> <span class='ocrx_word' id='word_1_485' title='bbox 1039 4006 1097 4060; x_wconf 90' lang='lat' dir='ltr'>cap.</span> <span class='ocrx_word' id='word_1_486' title='bbox 1117 3991 1142 4044; x_wconf 88' lang='grc'>6.</span> 
     </span>
    </p>
   </div>
   <div class='ocr_carea' id='block_1_10' title="bbox 613 4160 956 4286">
    <p class='ocr_par' dir='ltr' id='par_1_11' title="bbox 613 4160 956 4286">
     <span class='ocr_line' id='line_1_45' title="bbox 613 4160 956 4286; baseline -0.006 -1"><span class='ocrx_word' id='word_1_487' title='bbox 613 4160 615 4165; x_wconf 34' lang='lat'><strong>⁴</strong></span> <span class='ocrx_word' id='word_1_488' title='bbox 707 4214 848 4286; x_wconf 78' lang='lat' dir='ltr'>cavos</span> <span class='ocrx_word' id='word_1_489' title='bbox 875 4213 956 4285; x_wconf 82' lang='lat' dir='ltr'>xiil.</span> 
     </span>
    </p>
   </div>
   <div class='ocr_carea' id='block_1_11' title="bbox 164 4353 1485 4498">
    <p class='ocr_par' dir='ltr' id='par_1_12' title="bbox 164 4353 1485 4498">
     <span class='ocr_line' id='line_1_46' title="bbox 164 4353 1485 4498; baseline -0.002 -87"><span class='ocrx_word' id='word_1_490' title='bbox 164 4359 214 4412; x_wconf 89' lang='lat' dir='ltr'>De</span> <span class='ocrx_word' id='word_1_491' title='bbox 234 4358 468 4430; x_wconf 89' lang='lat' dir='ltr'>proportione,</span> <span class='ocrx_word' id='word_1_492' title='bbox 488 4376 581 4429; x_wconf 92' lang='lat' dir='ltr'>quam</span> <span class='ocrx_word' id='word_1_493' title='bbox 599 4360 727 4416; x_wconf 91' lang='lat' dir='ltr'>habent</span> <span class='ocrx_word' id='word_1_494' title='bbox 743 4361 832 4485; x_wconf 69' lang='lat' dir='ltr'>intest</span> <span class='ocrx_word' id='word_1_495' title='bbox 850 4373 883 4482; x_wconf 63' lang='lat' dir='ltr'>sle</span> <span class='ocrx_word' id='word_1_496' title='bbox 902 4357 1122 4498; x_wconf 48' lang='lat' dir='ltr'>{jetrachorda</span> <span class='ocrx_word' id='word_1_497' title='bbox 1140 4361 1173 4411; x_wconf 90' lang='lat' dir='ltr'>et</span> <span class='ocrx_word' id='word_1_498' title='bbox 1190 4353 1485 4423; x_wconf 77' lang='lat' dir='ltr'>configurationes</span> 
     </span>
     <span class='ocr_line' id='line_1_47' title="bbox 720 4446 936 4486; baseline -0.009 -1"><span class='ocrx_word' id='word_1_499' title='bbox 720 4446 791 4486; x_wconf 91' lang='lat' dir='ltr'>cum</span> <span class='ocrx_word' id='word_1_500' title='bbox 837 4446 853 4485; x_wconf 95' lang='lat' dir='ltr'>o</span> <span class='ocrx_word' id='word_1_501' title='bbox 878 4446 893 4484; x_wconf 91' lang='lat' dir='ltr'>e</span> <span class='ocrx_word' id='word_1_502' title='bbox 930 4472 936 4483; x_wconf 91' lang='lat'><strong>.</strong></span> 
     </span>
    </p>
   </div>
   <div class='ocr_carea' id='block_1_12' title="bbox 149 4570 1503 4739">
    <p class='ocr_par' dir='ltr' id='par_1_13' title="bbox 149 4570 1503 4739">
     <span class='ocr_line' id='line_1_48' title="bbox 240 4570 1503 4652; baseline -0.004 -20"><span class='ocrx_word' id='word_1_503' title='bbox 240 4571 373 4633; x_wconf 87' lang='lat' dir='ltr'>Residua</span> <span class='ocrx_word' id='word_1_504' title='bbox 395 4572 548 4652; x_wconf 86' lang='lat' dir='ltr'>dispositio</span> <span class='ocrx_word' id='word_1_505' title='bbox 570 4574 820 4636; x_wconf 88' lang='lat' dir='ltr'>tetrachordorum</span> <span class='ocrx_word' id='word_1_506' title='bbox 844 4583 873 4633; x_wconf 91' lang='lat' dir='ltr'>et</span> <span class='ocrx_word' id='word_1_507' title='bbox 896 4582 1030 4634; x_wconf 90' lang='lat' dir='ltr'>touorom</span> <span class='ocrx_word' id='word_1_508' title='bbox 1053 4575 1082 4630; x_wconf 91' lang='lat' dir='ltr'>in</span> <span class='ocrx_word' id='word_1_509' title='bbox 1104 4578 1264 4649; x_wconf 86' lang='lat' dir='ltr'>systemate</span> <span class='ocrx_word' id='word_1_510' title='bbox 1278 4570 1406 4648; x_wconf 88' lang='lat' dir='ltr'>perlecto</span> <span class='ocrx_word' id='word_1_511' title='bbox 1428 4570 1503 4629; x_wconf 90' lang='lat' dir='ltr'>resi-</span> 
     </span>
     <span class='ocr_line' id='line_1_49' title="bbox 149 4655 1503 4739; baseline -0.003 -21"><span class='ocrx_word' id='word_1_512' title='bbox 149 4659 231 4719; x_wconf 88' lang='lat' dir='ltr'>duae</span> <span class='ocrx_word' id='word_1_513' title='bbox 253 4678 372 4736; x_wconf 90' lang='lat' dir='ltr'>quoqoe</span> <span class='ocrx_word' id='word_1_514' title='bbox 396 4664 580 4739; x_wconf 88' lang='lat' dir='ltr'>dispositioni</span> <span class='ocrx_word' id='word_1_515' title='bbox 603 4662 865 4739; x_wconf 80' lang='lat' dir='ltr'>configurationem</span> <span class='ocrx_word' id='word_1_516' title='bbox 888 4678 953 4722; x_wconf 90' lang='lat' dir='ltr'>cum</span> <span class='ocrx_word' id='word_1_517' title='bbox 969 4660 1038 4720; x_wconf 85' lang='lat' dir='ltr'>Sole</span> <span class='ocrx_word' id='word_1_518' title='bbox 1060 4659 1162 4720; x_wconf 80' lang='grc'><strong>01101110</strong></span> <span class='ocrx_word' id='word_1_519' title='bbox 1186 4660 1338 4736; x_wconf 87' lang='lat' dir='ltr'>apparebit</span> <span class='ocrx_word' id='word_1_520' title='bbox 1352 4655 1394 4737; x_wconf 75' lang='grc' dir='ltr'>Π).</span> <span class='ocrx_word' id='word_1_521' title='bbox 1426 4656 1503 4716; x_wconf 89' lang='lat' dir='ltr'>Nam</span> 
     </span>
    </p>
   </div>
   <div class='ocr_carea' id='block_1_13' title="bbox 46 4744 1504 4826">
    <p class='ocr_par' dir='ltr' id='par_1_14' title="bbox 46 4744 1504 4826">
     <span class='ocr_line' id='line_1_50' title="bbox 46 4744 1504 4826; baseline -0.005 -15"><span class='ocrx_word' id='word_1_522' title='bbox 46 4802 47 4811; x_wconf 69' lang='grc'>,</span> <span class='ocrx_word' id='word_1_523' title='bbox 149 4751 214 4807; x_wconf 89' lang='lat' dir='ltr'>toni</span> <span class='ocrx_word' id='word_1_524' title='bbox 239 4748 409 4824; x_wconf 84' lang='lat' dir='ltr'>disjunctivi</span> <span class='ocrx_word' id='word_1_525' title='bbox 432 4749 576 4826; x_wconf 88' lang='lat' dir='ltr'>quadrant</span> <span class='ocrx_word' id='word_1_526' title='bbox 598 4748 635 4809; x_wconf 92' lang='lat' dir='ltr'>ad</span> <span class='ocrx_word' id='word_1_527' title='bbox 659 4751 732 4809; x_wconf 89' lang='lat' dir='ltr'>situs</span> <span class='ocrx_word' id='word_1_528' title='bbox 754 4750 881 4809; x_wconf 90' lang='lat' dir='ltr'>siderum</span> <span class='ocrx_word' id='word_1_529' title='bbox 904 4751 942 4808; x_wconf 91' lang='lat' dir='ltr'>ab</span> <span class='ocrx_word' id='word_1_530' title='bbox 965 4746 1209 4808; x_wconf 87' lang='lat' dir='ltr'>occultatiouibus</span> <span class='ocrx_word' id='word_1_531' title='bbox 1231 4764 1325 4822; x_wconf 90' lang='lat' dir='ltr'>usque</span> <span class='ocrx_word' id='word_1_532' title='bbox 1347 4744 1385 4806; x_wconf 91' lang='lat' dir='ltr'>ad</span> <span class='ocrx_word' id='word_1_533' title='bbox 1406 4762 1504 4822; x_wconf 90' lang='lat' dir='ltr'>appa-</span> 
     </span>
    </p>
   </div>
   <div class='ocr_carea' id='block_1_14' title="bbox 150 4831 1503 4999">
    <p class='ocr_par' dir='ltr' id='par_1_15' title="bbox 150 4831 1503 4999">
     <span class='ocr_line' id='line_1_51' title="bbox 150 4831 1503 4915; baseline -0.001 -22"><span class='ocrx_word' id='word_1_534' title='bbox 150 4838 275 4896; x_wconf 82' lang='lat' dir='ltr'>ritiones</span> <span class='ocrx_word' id='word_1_535' title='bbox 288 4833 353 4913; x_wconf 84' lang='lat'>¹¹¹),</span> <span class='ocrx_word' id='word_1_536' title='bbox 386 4846 417 4896; x_wconf 89' lang='lat' dir='ltr'>at</span> <span class='ocrx_word' id='word_1_537' title='bbox 450 4840 534 4911; x_wconf 89' lang='lat' dir='ltr'>soni,</span> <span class='ocrx_word' id='word_1_538' title='bbox 569 4841 620 4915; x_wconf 88' lang='lat' dir='ltr'>qui</span> <span class='ocrx_word' id='word_1_539' title='bbox 648 4845 823 4899; x_wconf 88' lang='lat' dir='ltr'>connectunt</span> <span class='ocrx_word' id='word_1_540' title='bbox 855 4836 929 4898; x_wconf 89' lang='lat' dir='ltr'>duas</span> <span class='ocrx_word' id='word_1_541' title='bbox 952 4834 1201 4897; x_wconf 88' lang='lat' dir='ltr'>tetrachordorum</span> <span class='ocrx_word' id='word_1_542' title='bbox 1222 4833 1360 4914; x_wconf 90' lang='lat' dir='ltr'>copulas,</span> <span class='ocrx_word' id='word_1_543' title='bbox 1391 4831 1503 4895; x_wconf 85' lang='lat' dir='ltr'>scilicet</span> 
     </span>
     <span class='ocr_line' id='line_1_52' title="bbox 203 4938 1345 4999; baseline 0.011 -12"><span class='ocrx_word' id='word_1_544' title='bbox 203 4946 303 4998; x_wconf 68' lang='lat' dir='ltr'>nores</span> <span class='ocrx_word' id='word_1_545' title='bbox 316 4945 392 4998; x_wconf 68' lang='lat' dir='ltr'>oum</span> <span class='ocrx_word' id='word_1_546' title='bbox 405 4947 432 4990; x_wconf 95' lang='lat' dir='ltr'>v.</span> <span class='ocrx_word' id='word_1_547' title='bbox 759 4974 761 4979; x_wconf 69' lang='lat'>,</span> <span class='ocrx_word' id='word_1_548' title='bbox 1304 4938 1345 4999; x_wconf 78' lang='grc'>25</span> 
     </span>
    </p>
   </div>
   <div class='ocr_carea' id='block_1_15' title="bbox 0 0 1800 5625">
    <p class='ocr_par' dir='ltr' id='par_1_16' title="bbox 0 0 1800 5625">
     <span class='ocr_line' id='line_1_53' title="bbox 0 0 1800 5625; baseline 0 0"><span class='ocrx_word' id='word_1_549' title='bbox 0 0 1800 5625; x_wconf 95' lang='lat' dir='ltr'> </span> 
     </span>
    </p>
   </div>
  </div>
 </body>
</html>
