3567 5625
746 398 897 456 Ptolemaei
914 397 1071 454 Harmonia

777 705 920 778 cnrur
947 695 1039 777 viru
1114 800 1120 812 ⁸

237 847 410 919 Quomodo
428 850 639 907 mutationes
657 852 690 906 in
709 852 1025 922 contemperatione
1043 852 1247 909 harmonica
1265 857 1505 922 comparentur
1520 864 1589 906 cum

509 939 768 1008 dispositionis
795 942 980 997 animorum
1003 939 1299 996 mutationibuslll

288 1175 292 1188 ,
328 1100 375 1158 Ad
398 1100 522 1161 eundern
545 1104 779 1179 propemodum
802 1111 832 1163 et
855 1104 1032 1163 mutationes
1057 1101 1092 1161 de
1115 1110 1185 1161 tono
1208 1103 1237 1159 in
1261 1110 1362 1161 tonum
1391 1101 1420 1158 in
1443 1107 1591 1179 systema-

241 1189 322 1248 tibua
345 1188 475 1254 conferre
503 1205 660 1265 possumus
690 1208 755 1251 curn
779 1189 1241 1267 mutationibus'dispositionum
1268 1191 1445 1262 animorum,
1477 1190 1506 1245 in
1530 1190 1592 1245 vita

242 1277 387 1336 communi
411 1280 624 1335 occurrentium
633 1274 690 1352 ¹¹¹).
735 1280 810 1339 Nam
833 1282 910 1338 sicut
924 1280 974 1352 ibi,
998 1280 1122 1337 servatis
1137 1276 1240 1336 iisdem
1255 1278 1420 1355 generibus,
1444 1275 1476 1334 lit
1491 1274 1593 1350 aliqua

240 1362 272 1422 in
295 1370 382 1422 cantu
411 1366 608 1439 permutatio,
634 1382 669 1426 eo
692 1367 771 1443 quod
800 1367 873 1441 loci,
906 1384 957 1442 per
980 1382 1055 1443 quos
1084 1365 1253 1424 adsciscunt
1283 1367 1341 1422 uim
1372 1374 1401 1423 et
1432 1363 1592 1422 efficaciam

121 1459 130 1474 ⁸
243 1467 335 1524 suam,
360 1451 467 1510 diversi
490 1454 548 1511 sint
579 1461 608 1512 et
630 1456 705 1514 serie
728 1455 856 1533 quadam
876 1453 1051 1514 succedente
1074 1459 1228 1513 consuetas
1257 1455 1415 1512 sortiantur
1442 1458 1594 1527 permuta-

242 1533 407 1619 tionesW),
431 1540 473 1604 sic
496 1542 583 1612 etiam
607 1542 636 1600 in
660 1544 878 1615 mutationibus,
906 1543 1064 1619 quaesita
1087 1541 1361 1612 communisallert,
1386 1539 1594 1615 dispositiones

245 1629 407 1686 animorum
431 1629 528 1703 specie
552 1627 655 1688 eadem
677 1631 832 1690 flectuntur
853 1646 907 1690 seu
930 1637 1139 1690 convertuntur
1154 1626 1371 1705 quodammodo
1393 1625 1595 1702 indissimiles

243 1713 408 1782 studiorum
437 1715 565 1774 rationes
588 1716 776 1794 eraduntqua
805 1735 865 1777 una
894 1734 960 1776 cum
991 1717 1092 1775 lorniis
1123 1723 1218 1775 status
1249 1711 1358 1800 publici
1382 1711 1502 1796 (quales
1526 1713 1595 1770 illae

246 1803 374 1862 existunt
396 1801 602 1877 persingulas
624 1811 785 1882 temporum
809 1806 979 1864 occasiones
1010 1804 1049 1862 ad
1073 1805 1299 1880 compositiones
1328 1804 1383 1861 sibi
1414 1803 1596 1860 convenien-

247 1884 370 1969 tlores);
394 1887 482 1965 quale
504 1889 575 1965 quid
599 1897 629 1949 et
650 1893 679 1948 in
702 1891 818 1969 legibus
841 1891 966 1952 terendis
989 1908 1043 1949 neu
1066 1893 1162 1965 venit,
1191 1890 1260 1949 duro
1282 1888 1474 1966 saepeleges
1499 1898 1597 1946 trans·

247 1977 409 2036 lormantur
437 1978 468 2034 iu
496 1976 586 2036 talem
610 1978 685 2054 juris
708 1979 1007 2051 administrationem,
1039 1981 1177 2055 quaesit
1204 1976 1426 2038 accommodata
1447 1976 1597 2053 praesenti

248 2062 410 2123 conditioni
438 2070 611 2139 temporum.
657 2064 704 2125 Ita
732 2084 799 2127 cum
829 2066 952 2145 pacifica
979 2073 1046 2125 sunt
1077 2073 1226 2142 tempora,
1259 2068 1367 2125 civium
1391 2066 1480 2122 animi
1502 2065 1598 2137 magis

249 2150 288 2210 ad
311 2153 439 2226 quietem
462 2158 491 2209 et
512 2156 690 2228 aequitatem
713 2155 897 2226 inclinantur,
921 2171 986 2214 curn
1009 2170 1080 2213 raro
1104 2152 1221 2226 bellica,
1245 2154 1426 2212 econtrario
1449 2149 1488 2211 ad
1503 2149 1599 2209 auda·

250 2240 326 2298 mam
348 2245 378 2297 ct
400 2245 587 2298 contemtum.
632 2239 759 2301 Rursum
782 2246 903 2321 penuria
925 2241 1044 2318 publica
1067 2249 1096 2299 et
1119 2259 1214 2301 rerum
1235 2242 1466 2301 necessariarum
1491 2240 1600 2298 caritas

250 2327 473 2401 temperantiam
497 2334 525 2385 et
548 2326 756 2404 humilitatem,
788 2330 944 2390 earundem
969 2346 1038 2389 vero
1064 2329 1168 2394 ,uilitas
1199 2337 1229 2388 et
1251 2329 1433 2388 abundantia
1461 2327 1600 2385 ferociam

252 2421 281 2473 et
297 2411 379 2471 altos
410 2414 528 2491 spiritus
556 2414 653 2488 affert,
686 2425 715 2476 et
741 2420 784 2478 sic
812 2420 901 2477 etiam
931 2417 967 2478 de
998 2417 1101 2476 ceteris
1128 2434 1181 2494 pro
1203 2434 1233 2475 re
1256 2425 1326 2475 nata
1355 2416 1413 2475 dici
1446 2423 1546 2492 posset
1561 2409 1600 2490 V).

253 2498 300 2560 Ad
322 2499 447 2560 eundem
469 2503 559 2578 igitur
581 2503 700 2562 modum
722 2512 751 2565 et
774 2507 803 2563 in
825 2506 1037 2564 mutationibus
1061 2503 1229 2564 harmoniae
1252 2511 1354 2563 motos
1376 2501 1452 2562 idem
1475 2505 1505 2558 in
1528 2516 1602 2559 acu-

252 2588 376 2648 tioribus
405 2587 524 2665 quidem
553 2593 630 2650 tonis
658 2592 754 2652 induit
781 2599 915 2652 naturam
944 2594 1038 2667 magia
1061 2595 1233 2662 excitatam,
1264 2592 1500 2667 ingratioribus
1530 2604 1603 2646 con·

254 2678 416 2747 tinentiam,
440 2676 665 2739 submissionem
695 2689 730 2739 etu
746 2680 920 2740 modestiam
942 2681 1042 2758 spirat
1086 2679 1162 2738 Nam
1191 2688 1220 2739 et
1243 2681 1271 2736 in
1297 2681 1376 2736 sonis
1406 2693 1464 2754 quo
1490 2677 1604 2734 acutior

255 2762 388 2840 quilibet,
408 2762 468 2823 hoc
489 2765 637 2839 intensior,
661 2783 719 2844 quo
742 2772 874 2846 gravior,
898 2767 955 2827 lroc
977 2768 1124 2826 remissior
1146 2775 1191 2827 est
1200 2763 1252 2847 vl).
1297 2765 1403 2825 Merito
1430 2766 1531 2841 itaque
1556 2761 1603 2823 rel

254 2851 304 2911 hic
326 2853 414 2910 etiam
437 2853 498 2910 toni
520 2854 684 2913 intermedii
707 2860 737 2915 et
759 2859 808 2933 qui
833 2855 946 2915 dorium
969 2857 1157 2915 circumstant
1183 2855 1429 2930 comparabuntur
1451 2869 1516 2920 cnm
1540 2869 1604 2909 me·

257 2938 404 2998 diocribus
427 2946 457 2998 et
479 2939 554 3000 bene
577 2944 745 3021 compositis
769 2946 848 3004 vitae
871 2945 1009 3016 moribus,
1033 2944 1178 3002 acutiores
1203 2960 1271 3003 vero
1303 2943 1406 3018 etqui
1438 2947 1507 2999 sunt
1529 2941 1606 2998 circa

258 3025 466 3104 mixolydium,
496 3044 561 3087 cum
583 3029 785 3106 inquietudine
808 3041 837 3091 et
860 3031 985 3091 audacia
1005 3029 1140 3106 publica,
1171 3033 1322 3108 graviores
1345 3028 1469 3103 denique
1502 3026 1607 3102 etqui

258 3119 328 3172 sunt
349 3114 426 3172 circa
445 3113 650 3192 hypodorium,
674 3135 740 3177 cum
761 3118 882 3195 ignavia
905 3126 934 3179 et
956 3117 1091 3179 socordia
1115 3120 1192 3178 ritae
1205 3117 1251 3183 ,dc
1274 3112 1453 3194 generem).

347 3200 429 3261 Adeo
453 3205 541 3261 ctiam
564 3222 630 3265 cum
651 3208 723 3285 ipsis
746 3206 890 3267 melodiae
913 3206 1101 3267 facultatibus
1128 3212 1157 3265 et
1180 3205 1311 3265 efficacia
1340 3203 1555 3281 compatiuntur
1578 3209 1609 3260 et
1699 3228 1701 3233 ·

240 3366 243 3377 Ι
261 3289 349 3347 animi
365 3292 487 3350 nostrie
503 3294 637 3368 uestigio,
660 3298 769 3372 quippe
791 3296 840 3370 qui
858 3302 888 3354 et
904 3296 1106 3372 cognationem
1129 3309 1195 3352 cum
1216 3293 1452 3372 proportionibus
1474 3291 1610 3367 propriae

200 3430 204 3443 ,
261 3376 308 3435 sui
330 3377 459 3450 ipsorum
482 3379 721 3440 conformationis
741 3390 970 3459 recognoscunt,
1000 3390 1030 3440 et
1050 3380 1291 3439 transformantur
1321 3384 1349 3437 in
1376 3387 1471 3438 certos
1499 3386 1608 3449 motus,

261 3462 470 3543 respondentes
493 3468 564 3543 ipsis
585 3469 776 3529 melodiamm
799 3471 1041 3548 proprietatibus;
1072 3476 1104 3526 ut
1126 3467 1304 3544 quandoque
1327 3466 1364 3525 ad
1387 3467 1558 3541 voluptates
1580 3472 1610 3523 et

262 3549 407 3610 luxuriam
438 3553 626 3629 instigentur,
658 3575 771 3616 mrsum
803 3558 840 3617 ad
873 3558 1156 3618 commiserationem
1191 3563 1220 3615 et
1250 3556 1395 3613 tristitiam
1427 3559 1615 3623 revocentur,

263 3654 341 3696 nanc
363 3638 456 3698 veluti
478 3639 662 3702 obvallcntur
684 3654 713 3703 et
735 3648 765 3703 in
788 3662 922 3722 soporem
947 3645 1066 3718 dentur,
1095 3659 1172 3717 nrrnc
1194 3650 1348 3719 erumpant
1375 3649 1405 3700 et
1427 3642 1610 3700 exsusciten-

264 3733 320 3797 tur,
344 3724 418 3784 alias
441 3743 510 3786 vero
533 3728 666 3789 aditam
688 3741 784 3792 oestro
807 3734 909 3811 perciti
933 3740 962 3792 et
984 3733 1092 3792 divinis
1113 3732 1258 3791 lareribus
1281 3733 1391 3804 invasi,
1416 3726 1483 3787 dum
1508 3736 1612 3795 vassius

265 3813 341 3871 alias
363 3812 447 3871 aliter
469 3821 643 3875 transmutat
665 3822 885 3897 animorumque
916 3819 998 3879 velut
1019 3836 1124 3895 agmen
1154 3818 1251 3878 educit
1281 3817 1455 3892 ordinatque
1483 3815 1612 3892 disposi-

266 3899 395 3959 tionibus
418 3901 464 3974 iis,
489 3919 565 3979 quae
587 3904 775 3965 similitudine
791 3909 1011 3986 proportionum
1025 3906 1181 3968 earundem
1204 3901 1424 3983 constantino.
1469 3903 1619 3962 Existimo.

267 3993 367 4047 autem
390 3986 448 4048 huc
471 3997 500 4048 et
522 3989 722 4069 Pythagoram
743 3998 915 4070 respexisse,
940 3994 1009 4054 durn
1027 3995 1114 4070 jubet
1129 4011 1195 4053 eum
1210 4010 1314 4053 aurora
1332 3998 1492 4067 surgentes,
1515 3993 1614 4067 prins·

269 4091 358 4152 quam
380 4076 476 4154 operis
498 4076 611 4169 alippid
633 4080 851 4157 aggrediamur,
882 4085 995 4141 musica
1017 4084 1059 4139 uti
1083 4091 1228 4158 cantuque
1256 4082 1320 4139 miti
1342 4088 1372 4137 et
1395 4080 1494 4149 suavi,
1518 4085 1567 4149 ut,
1589 4078 1613 4134 si

269 4180 345 4241 quae
368 4161 398 4219 in
420 4164 526 4222 anisnis
549 4170 795 4229 exsuscitantibus
817 4188 833 4230 e
856 4186 959 4229 somno
982 4168 1100 4230 residua
1122 4170 1259 4229 manserit
1272 4167 1459 4235 turbulentia,
1483 4181 1519 4223 ea
1535 4167 1614 4241 prius

269 4252 466 4311 insincerum
490 4251 620 4314 ordinem
650 4263 680 4315 et
701 4257 942 4333 tranquillitatem
971 4256 1121 4330 traducta,
1155 4258 1229 4316 bene
1253 4254 1459 4330 contemperati
1490 4258 1520 4310 et
1543 4268 1615 4310 con·

270 4340 335 4398 soni
357 4337 452 4398 veluti
474 4340 636 4401 alliciantur
658 4342 696 4403 ad
714 4343 866 4404 diuturnas
887 4348 1028 4406 semones.
1061 4342 1186 4422 'Opinon
1207 4350 1305 4403 sutem
1328 4343 1416 4400 etiam
1438 4339 1513 4412 hoc,
1536 4336 1615 4414 quod

271 4425 343 4485 deos
371 4442 437 4485 cnm
459 4430 764 4492 musica'invocamus
792 4441 822 4493 et
844 4441 949 4505 cantu,
980 4450 1020 4492 sc
1044 4432 1216 4509 hymnomm
1240 4430 1354 4506 (organi
1387 4428 1493 4505 genos)
1525 4435 1556 4487 et
1576 4428 1614 4484 ti-

272 4518 385 4577 bisrum
407 4525 437 4576 at
458 4517 668 4594 triangulorum
693 4521 920 4600 Aegyptiorum,
944 4523 1016 4580 satis
1038 4519 1181 4592 indicare,
1208 4516 1288 4595 quod
1310 4521 1529 4595 praesumamus
1553 4516 1616 4574 ani-

273 4607 341 4684 mis,
364 4609 446 4687 ipsos
469 4623 536 4666 cum
558 4610 619 4667 miti
642 4616 671 4670 et
694 4609 841 4670 benevola
861 4607 1086 4668 mansuetudine
1108 4624 1208 4686 preces
1229 4616 1345 4665 nostras
1367 4611 1548 4680 accepturos.

359 4717 433 4789 Nota
448 4717 471 4771 Ι.
506 4717 567 4772 Duo
586 4722 650 4772 sunt
667 4719 763 4788 capitis
780 4721 909 4788 membra,
928 4717 1018 4789 specie
1036 4718 1108 4772 inter
1125 4731 1154 4771 se
1172 4722 1302 4785 cognata,
1320 4729 1350 4768 re
1368 4713 1428 4782 ipsa
1445 4719 1472 4766 et
1489 4714 1614 4779 respectu

203 4788 207 4803 '
275 4798 444 4857 harmonicen
461 4798 606 4868 plurimum
623 4800 658 4855 ao
675 4799 789 4854 necem
807 4798 929 4855 diremta
962 4798 1041 4853 reor
1059 4797 1204 4867 enimpars
1215 4794 1283 4850 mnu
1301 4793 1373 4848 utra
1383 4791 1535 4847 metuam
1548 4803 1615 4844 com·

276 4879 424 4955 potationis
447 4878 656 4939 concinnitatem
672 4878 769 4948 habam
794 4881 930 4952 posterior
955 4878 990 4936 de
1006 4883 1082 4935 motu
1101 4877 1249 4933 animorum
1271 4873 1310 4930 ita
1327 4870 1457 4929 cohaeret
1480 4867 1615 4925 doctrinae
