3567 5625
555 453 734 511 Harmonicis
769 452 852 509 ludier
868 453 917 508 111.
936 453 1097 523 CapertXV.
1438 455 1497 517 tet

158 637 186 690 at
206 638 310 691 sextae
338 646 403 692 cam
426 632 534 708 prima,
565 634 615 710 qui
640 649 709 695 rsro
732 650 768 693 ex
792 630 871 692 Fet
892 650 917 707 e,
948 633 1147 692 consonantiis
1175 638 1295 693 utuntur
1317 629 1498 705 adulterinis,

151 717 225 777 inira
246 726 353 793 quarta
372 719 479 795 majori
501 740 524 794 e,
547 741 569 782 u
591 730 620 781 et
640 722 664 798 f,
686 721 722 780 db
745 728 775 781 ot
797 722 899 795 quinte
921 722 1024 796 majori
1047 738 1072 794 a,
1095 720 1131 795 itt
1153 727 1183 780 et
1203 722 1227 798 f,
1251 738 1290 779 ec.

236 803 317 879 Quid
338 807 428 883 igitur
455 824 522 868 cum
543 808 664 886 reliquis
687 810 787 869 docem
817 808 985 885 speciebus,
1017 808 1147 883 inquies,
1175 824 1240 867 cum
1263 824 1363 867 omnes
1397 807 1499 865 usitati

152 893 212 950 toni
234 892 404 969 redigantur
426 894 465 954 ad
487 896 639 971 quatuor?
683 896 826 956 Nimirum
848 894 886 954 ad
908 894 965 955 hoc
985 898 1134 968 serviunt,
1161 903 1195 955 ut
1216 898 1311 956 sciant
1331 896 1452 968 musici,
1474 896 1499 952 si

150 986 313 1055 qmmata
333 983 502 1060 principalis
525 993 649 1045 octavae
672 1000 708 1043 ex
733 981 760 1042 G
783 983 945 1060 descriptae
967 989 1177 1059 temperemus,
1206 989 1238 1042 nt
1260 990 1365 1042 natura
1387 980 1499 1054 suadet,

151 1074 219 1126 tunc
241 1085 429 1145 nequaqnam
456 1073 499 1130 ita
520 1072 667 1134 iacssofet
689 1071 770 1131 varie
802 1072 952 1148 transponi
985 1087 1074 1148 posse
1106 1080 1223 1130 cautum
1252 1073 1315 1130 sins
1338 1072 1499 1147 mutatione
1579 1134 1583 1149 ,

37 1230 40 1237 .
151 1157 328 1217 sinceritatis
349 1174 429 1230 suae,
453 1167 486 1217 nt
507 1162 564 1236 ipsi
586 1159 696 1219 habent
717 1161 747 1217 in
769 1175 835 1218 usu.
881 1158 1020 1217 Liberum
1041 1158 1129 1234 igitur
1151 1158 1209 1217 illis
1231 1165 1284 1232 ost,
1309 1156 1358 1216 vel
1379 1156 1499 1233 rejicere

152 1259 252 1302 omnes
280 1244 413 1304 residuas
439 1247 478 1304 10
508 1257 625 1307 etcum
656 1249 692 1306 iis
715 1247 809 1307 otiam·
826 1248 1067 1322 transpositiones
1093 1262 1180 1319 suas,
1212 1244 1260 1304 vel
1288 1245 1388 1317 lateri,
1420 1242 1499 1320 quod

152 1330 249 1407 plures
270 1331 382 1392 iormae
405 1333 605 1409 melodiarum,
628 1331 723 1412 plures
745 1350 849 1411 nempe
871 1332 951 1392 modi
984 1333 1030 1394 rel
1053 1334 1115 1391 toni
1137 1334 1251 1411 possint
1274 1334 1398 1393 existere
1419 1334 1499 1407 iique

153 1416 319 1481 dictantes
342 1420 380 1480 ab
403 1418 449 1479 his
471 1424 584 1499 positis,
608 1421 658 1480 alii
680 1424 784 1498 magis,
807 1420 858 1481 alii
879 1423 984 1493 minus,
1007 1426 1093 1498 prout
1108 1419 1352 1499 aequipollentias
1375 1419 1413 1478 ad
1437 1418 1500 1478 cal·

152 1520 213 1563 cem
241 1523 331 1585 supra
358 1506 443 1569 rides
472 1516 637 1569 annotatas.
681 1508 756 1569 Nam
791 1510 817 1567 si
848 1511 1030 1587 superiorum
1064 1509 1151 1567 unius
1175 1518 1298 1569 octavae
1327 1504 1499 1566 intervalia·

153 1600 214 1651 rum
235 1597 381 1655 rationem
410 1596 552 1658 habemus
582 1595 708 1679 nullam,
739 1595 845 1656 dantur
874 1613 946 1656 sane
973 1597 1214 1672 transpositiones
1236 1595 1350 1671 aliquot
1376 1612 1395 1654 a
1419 1590 1447 1653 G
1468 1594 1498 1651 in

153 1683 581 1745 cmmlmdufflm

239 1769 373 1845 Quaeras
394 1770 508 1851 ultimo,
529 1771 600 1849 quid
624 1769 763 1848 impediat
784 1768 849 1828 illas
872 1769 1126 1847 transpositiones,
1149 1770 1237 1831 toties
1256 1769 1320 1849 jam
1341 1787 1360 1828 a
1382 1785 1428 1828 me
1450 1785 1500 1827 re·

151 1854 266 1932 jonias?
312 1858 455 1919 Videntur
484 1862 560 1921 enim
582 1876 667 1919 aures
688 1857 755 1917 illas
776 1875 835 1916 non
859 1857 1014 1936 impedire,
1041 1875 1108 1918 cum
1130 1860 1160 1917 iu
1183 1858 1316 1918 confesso
1339 1857 1394 1925 sit,
1417 1873 1500 1915 com·

155 1946 238 2006 matis
263 1963 414 2007 ucesaum
436 1949 466 2005 in
488 1945 664 2018 intervallis,
694 1962 769 2021 quae
792 1943 1028 2026 disjuncta'sunt
1049 1946 1122 2007 locis
1145 1947 1329 2024 systematis,
1358 1943 1397 2004 ab
1419 1945 1501 2002 auri·

156 2031 206 2091 bus
227 2051 289 2094 non
313 2032 474 2110 dijudicari.
519 2036 590 2095 Esto
614 2034 691 2095 enim
711 2040 842 2110 systema
864 2049 953 2106 quam
976 2035 1084 2111 optime
1107 2042 1221 2093 tensum
1251 2032 1290 2092 ad
1311 2038 1433 2091 naturas
1455 2029 1501 2091 le·

158 2138 205 2195 gos
227 2122 373 2182 hactenm
388 2122 560 2202 explicam,
582 2123 733 2199 pulsentur
757 2117 795 2197 G,
817 2138 838 2179 o
860 2127 890 2178 et
910 2138 949 2197 a,
976 2121 991 2195 ip
1014 2128 1210 2197 rogenturque
1233 2137 1334 2181 omues
1356 2119 1500 2192 homines,

158 2217 303 2287 quotquot
324 2210 460 2283 audiunt,
493 2219 589 2289 utrum
610 2207 830 2270 intervallorum
860 2205 964 2266 horum
986 2209 1026 2267 sit
1047 2208 1167 2285 majus?
1196 2210 1308 2268 nescim
1338 2207 1500 2275 sedicem,

158 2314 207 2358 noc
229 2299 313 2374 prius
336 2297 513 2369 discernent,
544 2315 634 2375 quam
656 2297 813 2373 conjuncta
833 2293 940 2354 inerint
961 2296 1116 2355 intervalla
1143 2295 1209 2355 loco
1232 2294 1336 2355 eodem
1367 2301 1501 2366 octavae,

158 2383 209 2443 troc
232 2392 295 2454 est,
328 2384 379 2441 ubi
401 2385 497 2459 spatio
526 2384 651 2444 chordae
683 2401 733 2460 per
756 2383 895 2442 circinum
926 2381 1079 2460 dispuncto
1111 2401 1177 2460 pars
1201 2384 1382 2459 octogesima
1408 2383 1502 2459 prima
1556 2397 1566 2405 ·

158 2470 282 2530 chordae
305 2471 524 2547 intersepiatur,
556 2479 585 2531 st
606 2473 650 2530 sic
677 2468 752 2529 duae
779 2468 979 2541 longitudines
1004 2472 1046 2530 80
1069 2479 1098 2530 et
1121 2472 1157 2529 81
1187 2471 1322 2548 pulsatae
1345 2471 1500 2528 momentis
1568 2470 1570 2479 “

157 2559 292 2635 proximis
315 2559 390 2616 inter
411 2574 443 2616 se
466 2558 572 2617 inerim
593 2565 786 2634 comparatae.
830 2555 1016 2635 Respondeo,
1040 2559 1095 2618 etsi
1117 2557 1236 2616 auditus
1267 2573 1326 2617 non
1347 2557 1524 2632 distinguit.

157 2645 276 2722 pulsatis
298 2646 392 2704 tribus
414 2643 486 2705 solis
508 2644 624 2704 chordis
646 2651 768 2705 octarae
791 2639 931 2726 (duorum
954 2644 1172 2705 intervallorum
1194 2639 1355 2724 terminis),
1379 2651 1411 2702 at
1427 2642 1501 2721 pnl-

156 2735 222 2792 satis
246 2733 493 2792 omnibusnnius
514 2740 639 2792 octavae
660 2732 783 2798 elro'rdis,
807 2734 849 2791 sic
870 2732 988 2791 tandem
1011 2732 1165 2808 distinguit
1188 2728 1368 2792 octavamG
1390 2732 1501 2807 primo·

155 2825 281 2898 genitam
305 2830 336 2880 et
356 2822 518 2882 naturalem
539 2823 587 2881 ab
610 2823 721 2880 octavis
751 2820 873 2880 aliarum
896 2821 1033 2880 clavium.
1079 2820 1181 2880 Insunt
1195 2823 1282 2879 ‘anim
1312 2825 1343 2878 in
1365 2819 1501 2878 omnibus

156 2917 275 2970 ouavae
297 2908 453 2985 speciebus
474 2908 578 2969 eadem
599 2906 755 2968 intervalia
776 2910 918 2967 concinna
933 2915 1054 2985 septem,
1078 2926 1155 2984 quaa
1175 2906 1266 2968 semel
1280 2924 1418 2986 expresse
1431 2905 1500 2983 pul-

155 3000 266 3057 satione
287 2996 461 3057 chordarum
482 2998 582 3055 statim
603 2997 725 3055 merent
746 2996 774 3052 in
797 2997 937 3054 momoria
967 2995 1003 3055 de
1025 2998 1204 3074 propinqum
1235 3003 1268 3054 ut
1290 2995 1376 3055 facile
1400 3000 1501 3072 pateat

155 3084 274 3158 auditui,
297 3100 357 3160 quo
379 3084 444 3143 loco
467 3090 593 3144 octavae
615 3082 755 3143 naturalis
778 3081 903 3157 quilibet
924 3091 1011 3143 tonus
1039 3085 1169 3162 incipiat
1214 3082 1280 3142 Hoc
1307 3089 1394 3160 pecto
1417 3098 1499 3142 com-

153 3174 237 3231 matis
259 3188 365 3232 sensns
386 3174 440 3230 erit
461 3170 619 3249 implicitus
650 3170 889 3230 indistinctione
922 3179 1101 3231 octavarum.
1147 3169 1399 3247 Quemadmodum
1423 3170 1500 3230 enim

155 3258 269 3318 auditus
292 3260 499 3319 consonantias
524 3260 603 3338 ipsas
625 3265 655 3319 et
677 3260 819 3318 concinna
834 3260 933 3317 omnia
948 3258 1103 3319 interualla
1118 3259 1223 3337 probet
1237 3257 1275 3316 ab
1291 3257 1403 3326 ellectu,
1432 3255 1501 3316 licat

153 3363 209 3405 non
230 3353 365 3406 numeret
385 3345 583 3422 longitudines
605 3346 787 3416 chordarum,
811 3362 887 3421 quas
911 3363 1028 3405 caueam
1052 3348 1193 3425 praebent
1219 3343 1500 3418 concordantiarum,

153 3436 193 3493 sic
215 3432 293 3493 idem
315 3431 433 3493 auditus
455 3433 581 3493 advertit
604 3436 691 3493 etiam
712 3434 848 3493 affectum
870 3436 1023 3492 commatis
1045 3432 1135 3516 ⁸⁰4„
1159 3434 1214 3493 etsi
1236 3431 1266 3490 id
1289 3448 1347 3491 uon
1369 3440 1501 3491 numeret

155 3519 288 3598 adeoque
311 3537 366 3583 nec
387 3520 497 3582 actuali
519 3520 644 3582 dumeta
665 3522 803 3584 sensione
825 3522 924 3598 capiat
947 3523 1077 3580 seorsim.

701 3752 842 3824 CAPUT
869 3750 936 3822 xv.
1010 3772 1015 3792 ·

359 3898 421 3966 Qui
446 3897 537 3952 modi
562 3896 616 3953 vel
641 3899 717 3954 toni
746 3898 873 3969 quibus
900 3897 1063 3953 serviant
1089 3895 1285 3952 aflectibus.

236 4042 388 4104 Hactenus
410 4041 446 4102 de
468 4044 625 4119 principiis,
650 4060 686 4103 ex
708 4044 815 4119 quibus
837 4045 900 4103 tuni
923 4049 1057 4104 constant
1081 4050 1111 4102 et
1134 4050 1236 4102 contra
1257 4060 1290 4103 se
1313 4043 1501 4121 distinguun-

153 4137 217 4204 tur3
236 4132 298 4207 jam
321 4148 416 4208 pauca
439 4129 534 4190 dicam
557 4130 593 4191 de
617 4131 737 4200 ellectu,
762 4139 960 4190 consentanea
982 4130 1099 4206 quidem
1121 4133 1196 4192 meis
1218 4131 1376 4207 principiis.

237 4217 369 4277 Primum
392 4216 593 4279 admonendus
615 4225 660 4279 est
681 4220 780 4289 lector,
804 4235 862 4277 nou
884 4218 933 4277 hic
955 4220 1004 4293 agi
1026 4218 1063 4278 de
1086 4217 1312 4294 dispositionum
1331 4222 1420 4278 animi
1444 4218 1501 4276 dii·

154 4306 292 4376 icrentia,
327 4322 404 4381 quae
428 4305 569 4378 eiiiciunt,
601 4314 634 4365 ut
665 4306 751 4368 homo
774 4308 872 4383 potius
902 4312 1001 4379 canat,
1033 4321 1120 4381 quam
1144 4311 1177 4362 ut
1205 4308 1337 4365 oratione
1360 4306 1448 4382 plana
1471 4312 1501 4362 et

152 4390 255 4452 cedma
285 4399 400 4466 utatur,
428 4409 524 4467 neque
554 4392 590 4453 tle
612 4396 664 4467 iis,
694 4411 771 4470 quae
793 4393 862 4454 irinc
886 4400 1019 4466 cantum,
1050 4391 1117 4451 inde
1147 4392 1310 4470 simplicem
1339 4395 1500 4451 orationem

152 4487 370 4555 consequuntur
393 4481 423 4536 in
445 4479 586 4540 ausinora.
631 4480 705 4540 Nam
727 4491 760 4540 ut
785 4481 922 4541 alacritas
945 4482 1033 4539 animi
1056 4485 1117 4550 est,
1143 4496 1219 4554 quae
1243 4496 1358 4540 omnem
1381 4482 1498 4538 omnino

151 4575 267 4626 mutum
295 4570 325 4625 in
353 4575 475 4627 uuente
501 4566 649 4646 praecedit
677 4572 763 4644 eique
786 4569 878 4629 veluti
902 4567 992 4626 dietat
1016 4565 1190 4640 melodiam,
1224 4568 1267 4625 sic
1296 4569 1384 4626 etiam
1413 4583 1499 4626 omne

151 4672 243 4730 genus
272 4656 441 4714 cantionum
467 4656 671 4715 concinnarum
700 4658 836 4734 voluptas
868 4654 1047 4715 audientium
1078 4656 1275 4729 consequitur.
1326 4652 1498 4728 separanda

152 4751 197 4801 est
217 4743 302 4802 nobis
324 4742 399 4803 haec
419 4743 562 4819 generdis
584 4743 855 4820 dispositioanimi,
879 4759 932 4803 seu
954 4741 1051 4818 potius
1074 4740 1140 4800 loco
1158 4742 1298 4800 materiae
1313 4740 1498 4817 subjicienda

152 4828 194 4888 illi
217 4830 372 4889 affectuum
395 4829 683 4907 nunnunquam
706 4831 753 4890 hic
775 4834 952 4907 quaerimus.

240 4916 313 4977 curn
341 4924 440 4978 antem
467 4934 567 4979 omnes
595 4925 692 4996 partes
722 4926 824 4980 cautus
847 4918 979 4980 concinni
1006 4922 1037 4976 et
1057 4914 1201 4977 naturalis
1230 4923 1415 4993 comparatae
1438 4917 1498 4976 sint

455 5003 466 5030 Ι
