3567 5625
288 439 348 498 100
546 441 552 452 “
820 432 862 488 De
878 430 1104 502 Propoetiourbus

286 621 330 673 ter
351 614 435 672 varia
457 611 641 672 condimenta
663 618 775 671 cantus
820 610 888 686 Qua
910 609 947 671 de
968 626 1073 685 eausa,
1105 625 1171 670 cum
1193 628 1212 670 a
1233 617 1303 671 icoo
1326 612 1430 690 majori
1457 610 1638 672 rescindatur

284 701 470 761 semitonium
493 700 666 777 legitimum,
688 699 745 760 boc
766 705 894 759 renarrte
916 697 1081 774 intervallo,
1104 714 1260 776 possumus
1282 698 1356 760 illud
1376 702 1465 761 etiam
1488 699 1637 777 appellare

284 804 390 865 graeca
412 785 613 849 roos'iemma
635 803 688 846 seu
709 785 866 846 residuum.

372 876 507 953 Denique
537 877 612 934 inter
639 876 781 934 concinna
801 869 842 955 Ὗ,
865 882 896 934 et
917 866 970 955 'lm
992 871 1174 936 intercedens
1201 872 1362 934 differentia
1389 868 1457 956 ⁸⁰13,
1489 879 1589 951 potest
1618 892 1637 934 a

284 963 370 1022 nobis
392 961 449 1022 diei
472 977 625 1035 comma,
647 962 738 1022 latine
760 969 943 1038 segmentum
957 977 1011 1020 suu
1026 962 1165 1020 concisio,
1201 960 1322 1022 Veteres
1338 964 1415 1021 eninr
1438 960 1529 1021 diesin
1551 978 1637 1022 suam

285 1051 315 1108 iu
338 1051 358 1108 4
380 1058 479 1127 partes
501 1047 696 1110 concidebant
716 1047 843 1124 indeque
865 1056 1011 1108 commuta
1032 1047 1099 1108 illas
1122 1047 1323 1126 appellebant,
1347 1050 1557 1130 existimantes,
1579 1048 1637 1111 boc

286 1154 351 1196 csse
374 1154 527 1197 commune
549 1136 724 1197 elementum
746 1152 941 1197 consororum
963 1138 1110 1209 omnium3
1132 1136 1190 1196 boc
1206 1153 1276 1198 roro
1294 1136 1478 1196 intervallum
1495 1144 1539 1196 est
1553 1146 1637 1214 parta

244 1249 247 1262 ¹
285 1232 390 1301 quarta
412 1226 449 1286 de
471 1232 571 1285 nostra
593 1224 666 1283 diesi
688 1224 780 1301 paulo
801 1223 907 1300 majus.
938 1225 1034 1283 minus
1056 1231 1139 1300 parto
1166 1225 1259 1285 tertia
1304 1224 1380 1284 Nam
1403 1218 1475 1307 ²⁴s.²⁵
1497 1231 1543 1284 esi
1565 1220 1637 1308 ⁷775

286 1311 334 1372 vel
357 1306 461 1396 ⁹7¹0„
483 1329 553 1389 ergo
575 1328 645 1389 pars
664 1311 752 1371 tortia
774 1319 852 1371 esset
874 1306 953 1390 ”lan
976 1328 1045 1388 pars
1067 1318 1172 1388 quarta
1193 1305 1263 1392 llll„
1287 1313 1373 1386 circ,
1402 1321 1449 1372 est
1470 1328 1540 1372 sero
1562 1306 1632 1394 ml„

286 1401 362 1459 inter
382 1407 547 1476 utrumque.
592 1398 655 1458 Nos
676 1400 804 1477 propiori
828 1414 948 1458 numero
971 1415 1123 1474 possennus
1147 1397 1219 1464 iilud
1242 1398 1360 1461 delinire
1374 1407 1509 1460 octavarn
1525 1407 1638 1475 partem

244 1545 249 1561 ,
286 1488 348 1548 toni
369 1487 499 1566 majoris,
523 1504 564 1548 so.
587 1481 641 1567 Ἃ.
686 1484 890 1608 000ᾱέῐὶοω
913 1487 963 1564 ‘sic
984 1493 1075 1608 patet
1119 1485 1177 1546 Hic
1204 1484 1345 1610 dividitgp
1371 1493 1458 1546 tonus
1480 1486 1575 1562 maior
1596 1482 1637 1569 Ὗ,

324 1619 550 1746 81944,-
602 1572 768 1721 iiiiii
788 1568 868 1737 pli
884 1576 997 1722 iiii
1018 1571 1104 1721 aliti
1120 1568 1638 1739 ‘iriiiinln‘iitt'iff

327 1707 538 1854 “ggf'ff‘lb
601 1749 672 1808 citer
694 1751 714 1806 4
736 1749 964 1853 aequiparantur
985 1747 1107 1807 dimidio
1128 1750 1200 1852 toni,
1232 1757 1300 1809 octo
1328 1751 1383 1809 toti
1404 1756 1484 1853 torro,
1506 1750 1637 1826 proxime

320 1888 345 1942 ⁹·
374 1884 458 1954 aa
597 1833 1023 1999 triturationis
1046 1834 1123 1999 it
1141 1835 1449 2000 tritinia
1467 1844 1637 2000 iiitl.

286 2019 375 2071 tatem
405 2008 508 2069 auditu
538 2011 586 2068 rix
615 2009 848 2087 perceptibilem,
879 2009 987 2070 nedum
1009 2010 1137 2070 humano
1166 2018 1254 2071 cantu
1281 2027 1335 2087 per
1354 2028 1387 2070 se
1417 2014 1538 2071 seorsim
1561 2011 1637 2071 binis

286 2099 422 2174 deinceps
444 2097 568 2157 vocibus
582 2097 787 2173 expression.
836 2098 873 2156 nt
896 2114 954 2156 non
984 2096 1051 2158 ideo
1074 2097 1182 2158 desinit
1204 2115 1268 2159 esse
1292 2100 1479 2184 concinnum,
1509 2105 1542 2158 ut
1569 2093 1635 2180 ”lm

286 2194 316 2245 et
336 2185 459 2259 similia,
489 2188 560 2261 qnia
581 2201 784 2258 comparamus
807 2188 896 2246 etiam
918 2185 985 2258 illa,
1014 2202 1089 2262 ques
1110 2184 1184 2246 locis
1215 2194 1245 2246 et
1266 2191 1397 2262 tempore
1427 2193 1496 2247 sunt
1523 2186 1636 2246 dissita.

287 2273 403 2351 Duplex
427 2289 497 2332 vero
519 2273 705 2332 semitonium
728 2272 795 2332 ideo
817 2271 1004 2333 statuendum
1027 2280 1081 2348 est,
1104 2275 1175 2349 quia
1196 2274 1226 2330 in
1242 2272 1386 2335 divisione
1400 2279 1536 2333 tonorum
1553 2273 1637 2334 daln-

286 2377 354 2439 eeps
377 2358 576 2421 ordinatorum
599 2359 669 2419 bina
691 2358 850 2435 aliquando
873 2361 1030 2420 semitonia
1051 2359 1186 2420 locantur
1208 2359 1354 2439 deinceps,
1377 2363 1472 2439 itaqua
1494 2362 1524 2419 in
1546 2378 1636 2421 unum

286 2449 420 2509 conilatis
448 2447 593 2506 interdum
615 2464 669 2523 pro
691 2454 762 2507 tono
786 2453 921 2523 utuntur,
952 2451 1003 2526 qni
1025 2450 1196 2508 varietatem
1225 2448 1364 2509 affectant
1389 2449 1636 2525 stimulantium,

287 2536 326 2595 ad
349 2533 552 2613 exprimendos
573 2551 680 2609 paves
702 2536 865 2595 animorum
887 2545 993 2596 motus.

372 2619 452 2684 Nota,
470 2617 543 2687 quod
560 2617 631 2671 inter
648 2616 819 2690 semitonium
841 2620 897 2688 ”lm
915 2626 944 2673 et
962 2616 1048 2674 diesin
1067 2616 1124 2686 ”lna
1142 2624 1185 2672 est
1205 2616 1302 2686 mim,
1323 2616 1380 2673 iere
1396 2618 1455 2687 ”ln
1474 2632 1641 2673 seucomma

286 2696 396 2766 duplex.
433 2694 483 2749 Cui
501 2694 525 2749 si
541 2693 679 2750 addideris
697 2709 802 2750 comma
819 2697 896 2765 ”lm
914 2695 948 2751 fit
965 2693 1059 2764 ⁶²⁵lsan
1077 2692 1134 2750 iere
1152 2696 1214 2766 '’l„
1233 2711 1282 2753 ssu
1299 2712 1405 2752 comma
1421 2695 1530 2767 triplex.
1565 2696 1642 2753 Idem

286 2788 350 2830 nero
368 2773 439 2845 Ἢ,
456 2769 578 2847 ablatum
595 2787 613 2829 a
630 2772 697 2830 diesi
717 2773 784 2844 ”lm
802 2771 931 2844 relinquit
950 2771 1050 2842 mim,
1073 2772 1146 2843 quod
1163 2781 1207 2832 est
1224 2791 1305 2846 quam
1323 2775 1446 2845 proxime
1462 2774 1528 2846 ²7⁸0.
1566 2776 1640 2833 idem

286 2869 390 2909 comma
407 2852 527 2908 ablatum
549 2851 726 2907 asemitouio
748 2855 803 2923 ¹⁶4,
830 2852 960 2923 relinquit
977 2852 1077 2907 lemma
1097 2852 1268 2911 Platonicum
1292 2855 1392 2925 mim,
1418 2854 1490 2923 quod
1517 2862 1560 2910 est
1582 2853 1641 2911 iere

290 2933 352 3003 ”tm
370 2932 491 2988 additum
517 2944 581 2985 vero
599 2931 634 2985 ad
655 2932 727 3000 ”lm
746 2930 812 2987 iacit
828 2929 903 2999 ”lm
930 2929 1003 3000 qnod
1026 2937 1068 2985 est
1093 2930 1167 2987 inter
1186 2933 1241 3002 ¹¹1„
1267 2940 1310 2989 est
1329 2934 1394 3002 ¹³lu·
1431 2932 1477 2989 Sic
1502 2932 1557 2989 duo
1583 2931 1640 2988 toni

287 3014 405 3081 majores
423 3010 457 3078 ’9,
475 3008 580 3064 iaciunt
597 3006 682 3063 additi
699 3009 775 3079 ⁶⁶1⁸„
794 3027 848 3080 quo
865 3007 1010 3065 intervallo
1020 3010 1112 3065 ablato
1131 3011 1192 3080 a⁸l⁴
1206 3011 1347 3067 constituit
1358 3011 1436 3067 Pluto
1447 3011 1546 3067 lemma
1557 3026 1636 3067 suum

286 3091 347 3147 Hoc
362 3105 427 3146 vero
447 3087 543 3157 ΝΛΜ,
568 3094 598 3142 ut
620 3086 746 3141 lemmate
771 3088 864 3143 ablato
888 3102 905 3142 a
930 3095 997 3143 tono
1019 3088 1115 3159 maiori
1142 3092 1264 3145 resmbat
1286 3090 1393 3146 Platoni
1418 3088 1539 3160 ”illm
1563 3090 1648 3160 quod.

285 3169 333 3225 ille
349 3174 493 3238 apotomen
510 3163 665 3235 appellarit
683 3172 779 3244 estque
796 3165 884 3235 majus
903 3173 1035 3222 commate
1048 3165 1106 3236 ml„
1126 3183 1181 3224 uno
1200 3184 1281 3240 quam
1301 3169 1400 3225 lemma
1411 3176 1534 3225 nocuum
1553 3168 1640 3240 ΨΑ,

287 3253 315 3303 et
332 3252 444 3316 superat
461 3244 632 3301 semitonium
653 3243 709 3313 ¹⁵}st
726 3261 821 3315 parum
840 3246 993 3302 admodum.

373 3326 448 3381 Haec
465 3324 588 3395 quamvis
605 3325 661 3381 sint
678 3323 808 3384 inusitata
824 3323 977 3395 intervalla,
995 3324 1044 3381 liet
1061 3330 1154 3381 umen
1161 3323 1234 3380 iufra
1242 3323 1304 3381 libr.
1314 3324 1349 3389 V„
1364 3325 1517 3395 aliquorum
1529 3327 1642 3385 mentio.

858 3545 1000 3618 CAPUT
1027 3546 1068 3619 ll..
1114 3568 1117 3573 ·

289 3690 335 3745 De
353 3706 586 3747 consonarum
607 3691 884 3746 intervallorum
906 3691 1059 3746 sectione
1077 3691 1233 3748 naturali
1253 3692 1288 3747 iu
1306 3694 1486 3761 concinna,
1506 3700 1539 3748 et
1559 3692 1640 3748 hinc

375 3779 385 3803 ⁰
688 3778 774 3835 ortis
797 3791 912 3833 eorum
934 3778 1239 3849 appellationibus.

375 3919 459 3996 Quae
482 3928 581 3982 assem
600 3920 757 3982 intervalia
780 3923 940 3997 concinna,
971 3921 1001 3980 id
1030 3929 1075 3982 est
1103 3922 1222 3983 auribus
1244 3922 1378 3982 bnmuuis
1405 3925 1436 3981 in
1457 3923 1640 3985 traductione

290 4015 395 4068 mutus
418 4007 616 4068 observabilia
637 4016 668 4068 et
689 4025 763 4069 soce
786 4011 918 4069 canentis
940 4008 1107 4081 imitabilia,
1132 4009 1239 4069 dictum
1263 4018 1308 4070 est
1329 4012 1424 4087 capito
1445 4010 1641 4087 praecedenti.

288 4094 375 4155 lluuc
396 4093 542 4171 singulari·
566 4111 636 4156 cura
664 4094 877 4173 dispiciendum
901 4104 947 4156 est
967 4097 1068 4171 nobis,
1097 4098 1127 4154 in
1150 4114 1226 4173 quae
1256 4100 1399 4159 conemua
1428 4096 1582 4175 quodlibet
1603 4117 1641 4159 ex

290 4185 427 4244 consonis
447 4189 555 4243 natura
574 4180 649 4243 duee
672 4183 858 4245 dissolvatur.
898 4238 905 4247 .

376 4269 525 4329 Rosumtis
552 4271 641 4346 igitur
669 4273 796 4330 numeris
827 4270 945 4343 iisdem,
976 4286 1028 4347 per
1055 4287 1130 4347 quos
1159 4287 1259 4332 omnes
1281 4273 1427 4334 sectiones
1454 4271 1639 4333 harmonicae

291 4356 439 4418 naturales
462 4355 588 4417 chordae
611 4360 697 4418 unius
719 4360 749 4416 in
772 4375 862 4417 unum
877 4365 1066 4434 conspectum
1082 4356 1244 4420 collocatae
1262 4363 1386 4431 iucrunt,
1408 4361 1563 4437 apparebit
1582 4376 1640 4419 uo·

291 4436 346 4520 tir,
371 4444 557 4505 intervallum
588 4447 663 4506 inter
685 4461 820 4506 numeros
849 4448 888 4505 ib
912 4454 942 4506 et
966 4447 1044 4519 100,
1075 4448 1252 4524 interpositis
1276 4448 1316 4508 80
1339 4454 1369 4506 et
1392 4447 1448 4520 90,
1478 4448 1587 4508 abiisse
1609 4449 1638 4506 iu

295 4533 448 4593 nasonia
470 4534 627 4593 concinna:
651 4535 680 4591 in
703 4534 888 4594 semilonium
911 4528 983 4614 essm
1006 4533 1053 4593 vcl
1081 4528 1166 4617 ¹7¹3,
1189 4543 1290 4595 tonum
1313 4534 1452 4610 majorem
1474 4531 1561 4619 ⁸790,
1583 4535 1642 4597 lroc

291 4628 337 4681 est
357 4614 415 4699 ⁸l9,
439 4627 469 4680 et
491 4628 592 4680 tonum
614 4622 755 4682 minorem
778 4615 880 4702 ΜΛΝ,
904 4620 960 4680 boc
983 4630 1028 4679 est
1048 4614 1114 4702 Ἃ,

378 4706 459 4767 idem
490 4711 579 4768 etiam
607 4716 654 4769 est
681 4708 790 4768 iactum
812 4725 878 4768 cum
902 4707 1058 4768 intervallo
1080 4711 1155 4768 inter
1176 4725 1312 4769 numeros
1344 4710 1383 4767 70
1407 4718 1437 4769 et
1460 4710 1518 4782 90,
1545 4712 1637 4770 inter·

292 4792 461 4854 cedentibus
484 4794 588 4855 lisdem
612 4796 663 4868 80,
688 4796 739 4856 90.
783 4795 858 4856 Nam
883 4790 956 4879 πμ,
979 4802 1023 4855 est
1044 4789 1111 4877 ”lm
1134 4804 1221 4856 tortus
1242 4797 1351 4869 nrinor,
1374 4791 1487 4878 et⁸⁰l⁰⁰
1502 4805 1638 4874 utsupra

292 4888 337 4940 est
359 4888 446 4943 tonus
468 4882 570 4960 major,
593 4880 720 4959 denique
743 4876 816 4967 ”lm
837 4889 883 4943 est
907 4877 975 4965 ¹⁵1¹„
997 4884 1192 4945 semitonium·
1227 4879 1380 4962 'Utrinque
1401 4899 1470 4944 uero
1493 4886 1567 4945 iuter
1584 4901 1637 4947 cx·
