3567 5625
191 486 194 493 .
250 438 313 505 198
682 428 725 484 Da
741 426 965 495 Propertionibus
983 422 1160 483 llrumonicis.

247 613 311 672 sire
333 608 447 671 nobiles
469 610 536 681 sint,
559 606 623 667 sive
645 606 799 683 ignobiles,
821 606 885 664 sive
908 604 1024 678 divites,
1049 606 1112 665 sive
1136 620 1288 680 pauperes.
1334 601 1446 679 Quodsi
1467 620 1527 679 qua
1548 619 1596 661 res

249 705 303 773 est,
326 714 402 774 quae
425 713 482 755 non
504 696 613 772 patitur
636 693 810 753 divisionem
834 695 909 752 inter
931 692 1048 764 multos,
1074 708 1139 750 cam
1161 689 1287 767 populus
1312 690 1375 749 vult
1396 693 1501 760 sortiri,
1525 691 1596 764 quia

247 802 310 846 sors
334 801 422 851 caeca
443 791 496 856 est,
520 799 577 841 non
600 783 800 841 intemoscens
821 779 951 840 nobilem
976 780 1013 838 ab
1030 778 1161 853 ignobili,
1185 777 1304 837 divitem
1326 794 1496 853 apsupere,
1520 778 1595 836 bene

248 873 382 937 meritum
404 871 443 930 ab
465 871 619 942 immerito,
642 870 743 927 sirmii
766 866 896 927 deditum
919 886 937 926 a
959 869 1077 939 vitioso,
1100 868 1284 941 ingeniosum
1305 884 1324 924 a
1348 865 1474 941 stupido.
1519 864 1595 923 Tum

249 959 366 1020 demum
389 960 465 1019 euim
487 957 595 1033 aliquis
618 974 650 1015 se
673 963 757 1033 putat
780 956 901 1031 aequari
922 956 1043 1027 ceteris,
1073 954 1098 1012 si
1122 970 1187 1012 cnm
1211 955 1247 1011 iis
1268 954 1387 1011 sortitur
1416 945 1504 1028 super
1526 950 1595 1010 tali·

248 1047 312 1122 bus,
334 1047 400 1109 sire
419 1044 483 1121 jam
504 1045 584 1104 bona
605 1047 668 1103 sive
690 1043 769 1102 mals
790 1052 868 1102 sorte
891 1040 1078 1117 adipiscatur.
1124 1038 1180 1100 Ubi
1202 1041 1289 1099 sortis
1304 1039 1370 1098 loco
1392 1045 1516 1115 possunt
1530 1056 1595 1098 esse

253 1136 340 1194 stiam
363 1133 425 1192 alia
445 1131 614 1209 acquirendi
635 1130 747 1202 media,
769 1139 803 1187 ut
825 1132 848 1188 si
873 1129 977 1189 electio
998 1131 1183 1204 permittatur
1205 1129 1242 1196 ei,
1265 1128 1348 1202 cujus
1371 1126 1444 1186 nihil
1466 1130 1595 1199 interest,

248 1229 300 1287 aut
321 1221 373 1298 qui
394 1237 534 1298 personas
555 1236 613 1279 non
636 1219 778 1294 respicere
801 1215 936 1278 creditur.
981 1215 1028 1274 lta
1048 1215 1159 1275 Romae
1182 1213 1350 1274 consulatus
1373 1224 1433 1274 erat
1463 1231 1596 1273 commu·

249 1311 295 1368 nis
317 1310 447 1368 omnium
469 1308 540 1367 corti
564 1304 672 1365 ordinis
695 1322 819 1380 eumque
841 1305 949 1364 licebat
971 1310 1070 1380 petere
1098 1322 1116 1363 a
1138 1302 1263 1379 populo,
1291 1311 1324 1362 at
1346 1318 1403 1361 non
1430 1302 1596 1377 largitioni-

248 1397 320 1469 bus,
350 1413 387 1455 ne
410 1402 639 1472 conumperetur
662 1391 786 1470 populus
814 1400 844 1452 et
871 1392 978 1452 divites
999 1390 1214 1466 praeferrentur
1241 1389 1433 1449 tenuioribus.
1478 1391 1541 1449 Etsi
1565 1390 1595 1447 ie

249 1483 307 1542 hoc
329 1500 401 1547 casu
422 1484 513 1543 tacito
537 1497 680 1541 consensu
703 1480 856 1556 respicitur
878 1481 970 1538 virtus
999 1476 1094 1553 doque
1117 1495 1153 1537 ea
1175 1485 1205 1537 et
1227 1476 1264 1536 de
1287 1478 1361 1537 bene
1383 1477 1493 1536 meritis
1512 1475 1596 1554 judi·

251 1572 329 1630 cium
349 1571 536 1646 permitttitur
557 1566 677 1644 populo.

253 1702 267 1711 „
339 1656 364 1717 Ε
387 1657 549 1728 contrario,
572 1656 648 1714 sicut
669 1655 699 1712 in
722 1654 882 1729 geometria
911 1669 1047 1711 excessus
1068 1668 1251 1711 uumcronrrn
1273 1650 1470 1711 assimilantur
1490 1668 1596 1712 nume·

251 1746 290 1805 ris
311 1746 392 1822 ipsis,
416 1750 593 1818 utmagnus
615 1756 910 1816 numerusmagnnm
933 1740 1041 1799 habeat
1062 1756 1231 1811 excessum,
1253 1755 1364 1815 parvus
1387 1756 1524 1816 parvum,
1553 1741 1596 1799 sic

250 1832 279 1889 in
303 1834 474 1908 optimatum
497 1847 556 1906 rep.
580 1827 795 1905 distinguuntur
824 1843 981 1905 personae,
1013 1825 1229 1904 distinguuntur
1260 1832 1290 1885 et
1318 1842 1422 1899 onera,
1455 1829 1595 1903 praemia,

253 1920 450 1995 magistratus,
473 1918 587 1988 munia,
611 1924 641 1975 et
661 1917 913 1992 praestantissima
935 1922 1119 1972 reservantur
1142 1912 1348 1989 optimatibus,
1371 1911 1484 1989 reliqua
1505 1914 1596 1975 relin-

251 2012 378 2082 quuntur
405 2002 525 2080 populo.
570 1999 628 2062 Ubi
658 2019 778 2062 necesse
808 2010 868 2074 est,
901 2004 1021 2060 seorsim
1050 2003 1122 2060 inter
1150 2001 1281 2076 singulas
1310 2000 1451 2061 lectiones
1481 2002 1595 2060 admitti

252 2093 341 2153 wem
363 2091 576 2152 arithmeticam
597 2092 831 2166 proportionem
862 2087 899 2147 de
922 2089 957 2147 tis
981 2089 1073 2161 cnim,
1103 2105 1178 2163 quac
1201 2097 1269 2146 sunt
1291 2087 1410 2164 populi,
1441 2091 1596 2149 sortientur

135 2214 139 2222 ·
252 2196 361 2251 ornnes,
384 2181 434 2255 qui
457 2186 524 2237 snnt
546 2181 575 2236 in
596 2176 725 2256 populo,
756 2175 792 2237 de
815 2177 865 2249 iis,
889 2192 965 2250 quae
988 2178 1174 2251 optimatum,
1200 2191 1298 2233 omnes
1322 2178 1488 2251 optimates.
1532 2176 1595 2237 Nisi

252 2269 329 2326 enlm
350 2265 407 2326 hoc
427 2265 488 2340 liat,
518 2267 651 2342 perpetui
675 2271 758 2324 erunt
786 2266 874 2323 mam
897 2263 926 2320 in
948 2263 1060 2340 populo
1089 2262 1196 2337 gradus
1227 2265 1414 2338 optimatum,
1443 2272 1536 2339 usque
1560 2263 1597 2323 sd

250 2356 339 2413 imam
361 2353 462 2431 populi
485 2351 610 2427 iaecein,
640 2354 772 2428 perpetui
796 2352 982 2411 etiam'intar
1005 2351 1175 2425 optimates,
1203 2367 1298 2424 nsque
1326 2349 1363 2407 ad
1392 2351 1463 2427 reip.
1487 2353 1598 2427 princi-

251 2458 333 2518 pem3
357 2456 415 2517 qus
437 2442 548 2500 ratione
570 2457 646 2515 resp.
671 2456 728 2498 non
751 2439 822 2511 erit,
845 2436 897 2496 sed
920 2439 1030 2513 regium
1054 2439 1182 2496 civitatis
1205 2454 1306 2512 genus.

201 2528 204 2532 ’
338 2526 449 2605 Regius
472 2545 541 2587 vero
564 2534 669 2599 status,
694 2526 748 2585 etsl
772 2525 820 2584 sel
842 2526 967 2584 maxime
989 2526 1168 2602 proportioni
1193 2524 1386 2600 geometricae
1413 2525 1599 2600 assimilatur,

251 2633 287 2677 eo
309 2614 388 2691 quod
416 2618 514 2674 omnia
538 2614 605 2691 jura
633 2613 796 2689 majestatis
826 2614 886 2688 regi
917 2619 1117 2684 reservantur,
1149 2613 1309 2688 sicutipse
1344 2613 1390 2672 vel
1414 2606 1506 2671 nobili
1528 2631 1599 2689 pro-

252 2705 348 2781 sapie,
379 2702 427 2762 sel
450 2704 539 2761 armis
565 2700 613 2761 vel
636 2701 793 2759 virtutibus
822 2706 953 2776 praestat
980 2701 1083 2759 ccteris
1112 2700 1263 2778 omnihus,
1291 2696 1471 2775 gnbemandi
1502 2707 1598 2759 tamen

251 2792 326 2852 ratio
350 2791 379 2848 in
401 2790 458 2850 hoc
480 2796 558 2850 statu
581 2789 741 2849 rectissime
763 2793 861 2864 potest
883 2789 1037 2864 temperari
1061 2805 1097 2845 ex
1119 2795 1242 2864 utroque
1268 2789 1462 2864 proportionis
1484 2805 1600 2864 genere.

253 2879 428 2942 Nemenos
450 2894 500 2937 rex
522 2877 630 2937 arbiter
654 2878 782 2936 omnium
804 2892 862 2934 non
886 2891 975 2934 coeco
998 2876 1123 2952 impetu,
1157 2884 1189 2935 nt
1212 2892 1289 2946 sors,
1313 2874 1364 2933 sed
1389 2877 1512 2948 virtutis,
1537 2894 1609 2935 mes

256 2968 386 3037 sitorum,
410 2963 519 3023 ordinis
541 2963 743 3041 graduumque
765 2963 938 3035 rationibus,
962 2979 1021 3038 qua
1044 2962 1122 3035 licet,
1147 2964 1245 3021 omnia
1268 2963 1343 3021 inter
1365 2965 1520 3039 optimates
1542 2983 1601 3041 pc·

253 3052 416 3131 pulumque
437 3049 595 3128 dispensat,
620 3068 719 3110 omnes
739 3048 873 3125 justitiae
898 3048 1101 3108 distributivae
1125 3057 1154 3108 et
1177 3052 1403 3109 commutativae
1426 3059 1523 3127 partes
1547 3069 1601 3109 ex-

253 3142 399 3216 sequitur,
423 3155 500 3215 quae
523 3140 674 3214 utriusque
696 3138 891 3215 proportionis
915 3137 1081 3212 conjunctio
1105 3135 1218 3195 Bodino
1244 3137 1351 3197 sufficit
1373 3137 1410 3196 ad
1432 3141 1601 3214 proportio-

254 3245 321 3288 nem
344 3225 543 3286 harmonicam
566 3224 814 3300 constituendam3
836 3230 868 3283 at
887 3224 973 3300 juxta
997 3225 1093 3281 omnia
1109 3225 1231 3283 consilia
1253 3241 1311 3283 non
1327 3232 1386 3283 tam
1407 3223 1444 3284 ad
1468 3225 1602 3302 singulos

254 3315 301 3375 rel
330 3312 445 3373 ordines
472 3311 520 3372 rel
549 3312 694 3386 homines,
726 3327 813 3387 quarn
845 3310 882 3370 ad
913 3319 1005 3370 totum
1028 3312 1156 3370 civitatis
1198 3328 1303 3388 eorpus
1334 3314 1455 3388 ejusque
1476 3312 1603 3373 salntem

254 3406 442 3477 mutuamque
464 3400 635 3461 charitatem
658 3409 688 3460 et
709 3397 894 3459 concordiam
915 3400 1010 3473 refert,
1033 3417 1092 3460 uon
1114 3415 1198 3459 secus
1221 3417 1257 3458 ac
1278 3401 1304 3458 si
1327 3401 1356 3457 in
1379 3404 1506 3458 numeris
1529 3416 1601 3476 pro·
1634 3437 1637 3442 ,

253 3490 403 3567 portiones
425 3488 463 3547 ab
486 3487 666 3564 aequalitate
689 3495 719 3546 et
741 3504 760 3546 a
782 3485 970 3546 similitudine
998 3486 1127 3545 nonnihil
1151 3485 1297 3566 deflexae,
1327 3489 1370 3545 sic
1392 3495 1425 3546 ut
1455 3486 1523 3547 illae
1547 3486 1602 3547 dc-

254 3583 414 3650 struantur,
445 3577 470 3635 si
500 3583 546 3636 est
575 3593 664 3652 opus,
695 3573 733 3633 ad
763 3589 945 3634 communem
976 3576 1103 3632 omnium
1133 3573 1313 3633 harmoniam
1345 3574 1516 3634 referantur:
1541 3593 1600 3651 quo
1707 3585 1712 3592 ‘

254 3663 341 3724 modo
364 3665 437 3723 rucis
459 3662 665 3723 medietatibus
687 3661 862 3721 harmonicis
878 3669 990 3721 utetur.

341 3749 382 3811 11.
404 3750 448 3808 Ex
471 3749 540 3827 Cyri
561 3750 668 3828 paedia
691 3748 853 3827 exemplum
875 3750 1012 3826 proponit
1034 3746 1180 3821 Bodinus,
1208 3764 1266 3824 quo
1290 3750 1388 3806 omnia
1417 3749 1472 3805 tria
1493 3766 1603 3824 genera

256 3838 452 3914 proportionis
480 3835 618 3913 explicari
647 3844 778 3914 possunt.
824 3836 917 3914 Cyrus
948 3853 1034 3912 puer,
1068 3852 1133 3894 cnm
1163 3835 1310 3894 hominem
1339 3851 1490 3913 procerum
1519 3845 1602 3896 curta

256 3926 356 3983 tunica
385 3922 518 3981 indutum
541 3925 726 4000 conspicatus
756 3931 846 3995 esset,
877 3923 1018 3999 pumilum
1038 3923 1123 3998 juxta
1149 3925 1247 3982 tunica
1269 3922 1352 3995 laxa,
1383 3925 1496 3981 censuit
1518 3942 1602 3983 com·

255 4009 410 4070 mutandas
432 4010 491 4070 illis
513 4028 578 4071 esse
602 4012 725 4084 tunicas,
748 4019 780 4068 nt
803 4012 908 4086 cuique
932 4009 1010 4085 quod
1033 4008 1217 4069 commodum
1240 4019 1318 4070 esset
1341 4011 1505 4084 obvenirat3
1536 4029 1602 4071 ma-

256 4100 346 4175 gister
368 4099 472 4173 cuique
496 4113 581 4156 sunm
603 4096 823 4173 relinquendum
847 4095 953 4171 edixit3
979 4095 1084 4173 quodsi
1106 4114 1227 4173 procero
1249 4098 1354 4156 luisset
1375 4098 1545 4173 injunctum,
1570 4109 1604 4158 ut

254 4184 365 4264 pnmllo
388 4183 498 4260 aliquid
519 4187 661 4263 pecuniae
684 4183 811 4243 solveret
834 4194 863 4243 et
886 4186 929 4244 sic
951 4183 1066 4244 demum
1089 4188 1263 4262 permutatio
1279 4176 1376 4257 fleret,
1401 4187 1509 4260 optime
1527 4203 1601 4245 con-

259 4272 373 4334 ciliatus
398 4271 501 4332 inisset
529 4275 667 4348 magister
697 4270 848 4348 discipulo.
894 4271 951 4330 Hic
978 4271 1070 4349 Cyrus
1099 4275 1304 4348 geometricam
1332 4274 1405 4331 ursit
1433 4277 1602 4348 proportio·

216 4405 219 4412 ,
257 4378 332 4435 nem,
356 4358 511 4420 admensus
534 4360 703 4437 corporibus
726 4366 831 4433 restes,
855 4361 994 4436 magister
1015 4358 1235 4432 arithmeticam,
1261 4362 1462 4435 possessiones
1485 4362 1602 4437 utrique

259 4449 459 4532 suasfltnitus3
481 4455 513 4508 at
534 4450 635 4509 tertias
658 4447 708 4508 ille
730 4448 904 4523 respexisset
927 4454 1080 4523 utrumqne
1103 4448 1198 4520 simul,
1222 4455 1280 4506 tam
1297 4464 1449 4524 corporum
1464 4446 1602 4524 indigen-

258 4536 346 4608 tiam,
378 4551 466 4610 quam
489 4538 588 4613 copias
612 4538 716 4611 cuique
748 4552 817 4594 snas
840 4533 954 4607 salvas,
986 4535 1084 4609 itaque
1106 4534 1302 4594 harmonicam
1331 4536 1359 4593 in
1383 4552 1470 4594 sensu
1493 4534 1601 4595 Bodini

258 4620 428 4682 asseruisset
441 4626 665 4698 proportionem,
689 4626 797 4699 quippe
820 4638 855 4681 ex
871 4629 994 4696 utraque
1015 4623 1141 4697 priorum
1157 4625 1292 4698 mixtam;
1314 4622 1512 4681 harmonicam
1527 4640 1601 4683 vero

259 4710 347 4768 etiam
368 4710 398 4767 ln
419 4723 508 4769 sensu
529 4727 604 4783 meo,
628 4711 777 4785 quianon
801 4709 963 4778 dubitaret,
986 4706 1069 4768 alteri
1092 4708 1171 4784 quod
1196 4723 1271 4768 esset
1293 4711 1381 4786 panni
1411 4709 1600 4789 superfluum,

259 4794 342 4855 alteri
364 4798 517 4874 pecuniam
540 4800 659 4873 eripere,
682 4804 717 4856 ut
739 4799 852 4873 utrique
868 4793 1077 4870 consuleretur,
1102 4798 1171 4871 qnia
1186 4813 1336 4856 commune
1353 4800 1502 4875 utriusque
1518 4815 1601 4857 ccm-

174 4911 181 4934 ι
260 4881 377 4946 modum
405 4891 587 4967 comparatur
616 4885 756 4946 suavitati
784 4892 951 4950 concentus.
998 4883 1135 4946 Accidere
1162 4891 1259 4944 sutem
1282 4883 1360 4958 dixi,
1391 4892 1424 4943 ut
1454 4885 1600 4946 interdum
