3567 5625
294 449 355 507 158
699 465 703 475 ·
825 445 866 501 ue
883 443 1110 516 Propontionibns

290 639 362 700 ergo
385 618 428 706 ὓ),
449 630 479 683 st
500 619 541 705 ⁸1,
562 621 708 684 habentur
728 640 782 700 pro
804 631 888 684 sexta
911 601 941 684 et
963 627 1049 684 tertia
1068 624 1168 697 molli,
1199 618 1241 704 ⁸l,
1264 639 1335 682 sero
1366 631 1397 682 et
1419 616 1458 703 ⁴l,
1487 638 1540 699 pro
1563 629 1646 682 scxta

290 717 322 769 ει
343 713 429 770 tertia
451 708 526 770 dura
548 713 613 771 sins
635 727 757 789 aspera,
780 719 811 770 et
832 713 882 770 sic
898 713 986 772 etiam
1009 712 1225 798 appellatum·

781 823 882 892 Mollis
1053 832 1135 891 Dura
1245 902 1249 908 ⁸

380 1147 516 1224 Denique
538 1151 607 1225 qnia
630 1150 827 1225 proportionis
851 1146 958 1224 duplae
981 1137 1181 1222 intervallum,
1206 1154 1349 1224 utsupra
1373 1147 1501 1218 dictum,
1524 1163 1561 1206 cx
1583 1163 1646 1205 ses·

291 1217 436 1311 quialtero
460 1243 490 1294 et
511 1253 547 1295 ex
570 1238 755 1311 sesquitertio
779 1244 909 1307 consmt,
933 1251 1055 1312 quorum
1078 1235 1151 1294 iliud
1174 1238 1276 1311 quinta
1299 1235 1420 1307 dicitur,
1444 1235 1499 1294 boc
1522 1243 1646 1309 quarta,

292 1339 372 1398 quae
395 1332 494 1382 tamen
516 1322 587 1382 bina
608 1325 638 1380 in
660 1325 706 1382 sui
728 1323 825 1381 medio
848 1322 959 1382 babent
981 1340 1071 1382 unum
1094 1339 1278 1383 communem
1301 1323 1463 1394 terminum,
1486 1323 1537 1397 qui
1560 1323 1646 1379 unius

292 1409 397 1469 ultima
420 1418 476 1484 est,
501 1408 621 1469 alterius
644 1412 754 1486 prima,
777 1405 880 1468 versus
903 1409 1021 1487 plagam
1044 1410 1167 1470 eandem
1189 1413 1219 1467 iu
1241 1409 1319 1470 hunc
1341 1408 1476 1469 modum:

336 1495 444 1557 Prista.
488 1496 632 1557 Secunda
677 1495 785 1559 Tertia.
831 1494 954 1571 Quarta.
991 1496 1111 1571 Quinta.
1169 1496 1225 1556 ’6.
1373 1499 1401 1555 i.
1534 1497 1562 1554 8.

990 1585 1097 1644 Prima.
1142 1583 1288 1644 Secunda.
1334 1582 1444 1644 Tertia.
1488 1579 1614 1657 Quinta:

294 1673 426 1746 sequitur
447 1673 548 1750 igitur,
570 1679 604 1729 ut
626 1669 729 1729 ultima
751 1672 920 1748 posterioris
941 1673 971 1730 in
994 1674 1196 1731 numeratione
1225 1673 1264 1730 sit
1285 1683 1406 1730 numero
1429 1675 1544 1729 octana
1591 1671 1648 1728 itt-

294 1775 351 1834 que
378 1756 446 1817 inde
475 1758 533 1818 hoc
555 1757 740 1818 intervalium
773 1767 933 1819 octavae
962 1776 1067 1820 nomen
1098 1760 1232 1819 obtinuit.
1286 1756 1391 1817 Graeci
1423 1757 1460 1817 ad
1491 1756 1648 1816 identicam

293 1848 514 1905 consonantiam
536 1846 726 1921 respicientes
749 1845 899 1924 appellant
921 1852 969 1906 risa
991 1867 1104 1919 nuens,
1135 1853 1167 1904 ut
1197 1853 1226 1905 et
1255 1843 1355 1904 latinis
1384 1846 1474 1904 literis
1505 1844 1648 1922 diapason

294 1933 439 2002 scribitur,
461 1935 547 2009 qnasi
569 1933 730 1993 consumtis
753 1934 888 1992 omuibus
911 1932 1059 1994 diversum
1082 1934 1271 2004 sonantibus,
1306 1949 1365 1992 ror
1388 1934 1519 1992 canentis
1541 1940 1647 1991 ocmro

294 2034 367 2078 sono
398 2017 427 2078 ir'r
455 2037 487 2079 se
516 2023 612 2098 ipsam
641 2018 741 2079 redeat
770 2020 898 2098 indeque
928 2037 1038 2081 norum
1060 2022 1192 2095 initium,
1221 2033 1301 2080 uuna
1322 2023 1412 2090 serim
1441 2021 1649 2080 concinnorum

297 2107 427 2181 oriatur,
449 2108 538 2183 priori
560 2124 612 2189 per
634 2109 733 2167 omnia
754 2107 874 2185 similis3
899 2108 967 2169 ride
989 2125 1071 2188 prop.
1098 2111 1125 2168 1.

513 2227 669 2304 Diap'ente.
791 2228 993 2290 Diatessaron.
1103 2228 1242 2317 Systema
1263 2230 1416 2306 diapason.

382 2544 504 2605 Frustra
525 2544 574 2604 irie
595 2544 839 2624 philosophantur
861 2543 898 2603 de
920 2561 1051 2618 numero,
1075 2561 1126 2603 cur
1147 2563 1187 2605 sc.
1207 2555 1314 2605 octaua
1327 2563 1388 2603 vox
1409 2550 1564 2604 consumat
1586 2558 1652 2601 om·

297 2648 349 2692 nes
371 2634 460 2709 inque
483 2632 560 2693 idem
582 2631 706 2692 redeat?
729 2648 798 2691 rere
821 2634 899 2690 enim
921 2630 1157 2707 respondendnm
1179 2643 1224 2692 cst
1245 2650 1296 2708 per
1317 2634 1487 2708 petitionem
1506 2631 1652 2708 principii,

297 2721 367 2795 quia
390 2738 432 2781 sc.
454 2728 560 2779 natura
579 2718 641 2794 ilat,
664 2728 697 2778 ut
720 2718 906 2778 intervallum
930 2721 1126 2795 proportionis
1149 2718 1266 2796 duplae,
1290 2718 1369 2795 quod
1392 2736 1444 2796 per
1466 2735 1529 2794 cap.
1557 2720 1583 2776 l.
1607 2727 1652 2775 est

297 2804 504 2881 identisonum,
528 2806 677 2867 dividatur
698 2809 728 2866 iu
752 2804 908 2866 intervalla
928 2808 1072 2866 concinna
1094 2817 1214 2886 septem,
1230 2825 1314 2884 qnae
1330 2806 1558 2867 determinantur
1571 2805 1652 2864 sonis

298 2904 381 2969 octo,
405 2903 438 2954 ut
460 2894 518 2953 boe
540 2896 635 2974 eapite
657 2896 811 2971 probatum
835 2901 887 2953 est.
933 2892 995 2970 Ipsi
1016 2901 1122 2971 putant
1142 2894 1204 2954 lieri
1220 2893 1288 2973 boc,
1310 2894 1388 2970 quod
1411 2910 1548 2953 numerus
1572 2893 1590 2950 8
1613 2894 1653 2949 sit

297 2984 410 3059 primns
433 2983 526 3042 cubus
549 2991 579 3041 ct
600 2986 694 3059 prima
716 2990 836 3041 tessera.
882 2982 923 3038 At
944 2981 1016 3056 qnid
1047 2985 1170 3042 sectioni
1194 2982 1320 3042 chordae
1351 2999 1417 3041 cum
1444 2980 1570 3041 solidis?
1614 2978 1653 3037 Et

298 3085 431 3143 curnou
454 3073 543 3129 etium
568 3088 625 3128 vox
650 3071 787 3129 vicesima
809 3070 934 3145 septima
957 3063 1119 3149 [secundus
1143 3072 1168 3129 is
1191 3071 1282 3129 cubus
1305 3065 1365 3151 est)
1388 3066 1462 3128 redit
1485 3065 1611 3128 codem?

386 3152 463 3215 Hinc
493 3155 568 3216 adeo
592 3159 679 3217 ctiam
702 3159 869 3235 systematis
891 3171 997 3215 nomen
1024 3159 1140 3234 proprie
1163 3164 1193 3217 et
1214 3159 1307 3234 primo
1330 3157 1468 3216 convenit
1495 3153 1651 3215 intervallo

298 3246 495 3320 proportionis
518 3242 635 3320 duplae,
659 3243 754 3304 diviso
777 3260 829 3320 per
850 3258 906 3302 sua
928 3250 1040 3320 septem
1064 3246 1206 3304 concinna
1229 3252 1258 3304 et
1279 3246 1340 3303 suis
1364 3251 1430 3304 octo
1452 3242 1576 3302 vocibus
1599 3256 1651 3299 scu

301 3329 417 3389 chordis
441 3329 585 3410 descripto
608 3332 696 3407 inque
719 3333 919 3390 instrumentis
942 3347 1098 3407 expresso,
1121 3332 1158 3391 de
1181 3348 1240 3408 quo
1263 3333 1337 3390 inira
1360 3349 1423 3407 cap.
1448 3333 1476 3390 9.

385 3416 420 3476 In
442 3420 479 3479 iis
503 3417 681 3493 intervallis,
713 3436 789 3494 quac
812 3426 948 3478 octavam
971 3436 1024 3478 seu
1046 3417 1190 3495 diapason
1212 3426 1367 3495 superant,
1390 3422 1418 3475 in
1442 3414 1652 3492 multiplicibus

298 3502 418 3581 quidem
440 3513 578 3579 octavae,
604 3505 711 3583 duplex
735 3513 854 3580 octava,
878 3522 983 3579 masec
1006 3511 1048 3574 dre
1071 3512 1119 3567 dra
1142 3526 1249 3578 nauus,
1274 3505 1330 3565 dici
1348 3506 1431 3579 solet,
1455 3504 1560 3581 triplex
1582 3502 1653 3563 tris-

302 3591 460 3670 diapason,
491 3600 521 3653 et
551 3595 593 3652 sic
621 3602 840 3670 consequenter.
885 3591 920 3650 Iu
952 3595 1054 3652 ceteris
1086 3610 1157 3652 vero
1181 3594 1349 3669 exprimitur
1380 3592 1521 3669 diapason
1550 3589 1658 3666 ejusve·

300 3679 454 3759 multiplex
477 3686 507 3741 ct
529 3680 645 3740 additur
675 3698 812 3742 excessus
835 3679 891 3739 boc
913 3687 1017 3757 pacto:
1045 3683 1148 3757 quinta
1176 3697 1266 3756 supra
1293 3687 1441 3753 ormnem,
1471 3686 1524 3738 aut
1545 3685 1653 3736 octava

298 3784 388 3845 supra
412 3770 552 3843 quintam,
576 3768 719 3847 diapason
743 3768 929 3844 epidiapente
955 3766 1004 3828 rel
1034 3773 1082 3828 δια
1105 3790 1189 3828 neers
1212 3765 1264 3828 dns·
1281 3774 1328 3829 bru
1350 3788 1458 3827 aanor.
1502 3763 1652 3835 Interdum

303 3862 333 3913 et
354 3870 476 3914 numero
497 3858 661 3933 pergimus,
685 3854 868 3931 appellantes
889 3871 1016 3928 nonam,
1040 3855 1197 3924 decimam,
1222 3853 1425 3914 duodecimam
1446 3861 1501 3912 cte

388 3940 471 4001 Haec
500 3944 590 4019 igitur
617 3945 709 4002 sectio
735 3941 955 4002 intervallorum
982 3958 1176 4001 consonorum
1207 3943 1236 3998 in
1268 3944 1410 4002 concinna
1439 3939 1579 4000 naturalis
1608 3944 1654 3997 est

301 4030 509 4105 quantitasque
531 4028 605 4089 haec
628 4037 658 4088 et
680 4046 816 4088 numerus
840 4029 1049 4089 elementorum
1071 4031 1292 4102 concinnorum,
1321 4031 1447 4088 ternario
1468 4045 1526 4086 non
1548 4025 1653 4100 moj0r,

302 4130 361 4174 non
384 4114 448 4174 sola
471 4119 584 4175 aurium
607 4116 822 4176 assuefactione
844 4119 954 4189 nititur,
978 4116 1029 4175 sed
1053 4117 1172 4176 auditus
1194 4116 1251 4176 boe
1265 4118 1356 4177 babet
1378 4134 1414 4175 ex
1436 4116 1575 4173 instinctu
1597 4130 1653 4171 na-

300 4201 406 4279 turali,
435 4219 490 4263 nec
512 4212 638 4280 possunt
660 4212 774 4281 praeter
796 4206 854 4263 ista
876 4203 922 4262 rel
948 4203 1008 4261 alia
1029 4204 1184 4264 intervalia
1211 4204 1257 4263 rel
1279 4205 1339 4262 alio
1361 4219 1481 4262 numero
1503 4218 1557 4279 pro
1580 4213 1653 4258 cont

300 4291 394 4350 cinnis
415 4292 501 4364 sumi,
524 4292 554 4349 in
577 4307 654 4368 quac
677 4290 825 4349 dividatur
846 4290 1001 4367 quodlibet
1022 4308 1059 4349 ex
1081 4294 1227 4351 consonis.
1271 4291 1347 4351 Nam
1370 4294 1395 4349 si
1420 4290 1509 4349 velles
1526 4288 1651 4363 exempli

302 4380 398 4455 gratia
420 4376 513 4437 diesin
536 4377 704 4453 adjungere,
727 4380 852 4452 primum
875 4376 994 4437 illaesi
1015 4380 1103 4438 ctiam
1128 4379 1311 4438 diaconorum
1334 4380 1539 4436 concinnerum
1562 4376 1652 4435 sobo·

301 4465 363 4542 les3
385 4463 491 4525 ddnde
513 4468 539 4525 si
559 4469 685 4526 maxime
708 4465 789 4524 illam
810 4472 924 4524 tantum
947 4464 1013 4524 idco
1038 4465 1128 4525 velles
1151 4466 1319 4542 adjungere,
1346 4467 1417 4539 quia
1439 4474 1485 4523 εει
1506 4479 1654 4522 consono·

302 4570 366 4612 rum
387 4552 521 4625 soboles,
544 4560 576 4611 at
598 4552 692 4612 solam
713 4569 773 4610 non
795 4569 916 4629 posses3
947 4553 1075 4613 traheret
1096 4570 1124 4610 n.
1148 4570 1247 4630 secum
1262 4552 1369 4629 lempna
1390 4568 1443 4611 sen
1465 4552 1653 4610 semitonium

303 4643 413 4711 minus,
445 4640 524 4716 quod
546 4649 658 4699 tantum
681 4659 700 4700 ε
722 4640 848 4699 dissonis
870 4642 970 4699 oritur.
1017 4641 1057 4699 At
1084 4651 1311 4701 consentaneum
1336 4648 1396 4712 cst,
1426 4638 1558 4698 auditum
1581 4635 1655 4695 illuil

304 4746 323 4786 a
344 4724 446 4786 sobole
470 4744 664 4788 consonorum
688 4728 866 4803 distinguere
888 4730 982 4804 iisque
1005 4728 1142 4788 admissis
1170 4731 1244 4789 inter
1266 4725 1427 4787 canendum
1451 4730 1584 4801 interque
1604 4740 1655 4783 sc·

304 4812 400 4883 cunda
421 4814 586 4889 intervalla,
609 4815 665 4875 boc
688 4832 741 4875 ceu
764 4817 895 4893 spurium
917 4814 1078 4893 repudiare.
1125 4815 1222 4893 Quare
1244 4816 1333 4876 etiam
1363 4814 1451 4875 diesis
1474 4816 1548 4873 inter
1570 4814 1654 4890 prin·

305 4899 412 4984 cipdia
433 4907 558 4962 ceurae
581 4901 736 4962 intervalla
757 4920 815 4961 non
840 4906 902 4963 erit
1346 4910 1348 4923 '
