3567 5625
630 436 874 496 Demonstratioos.
910 437 1032 496 Liberi
1360 491 1363 500 .
1462 445 1502 508 οι

149 637 285 704 quaeras,
300 620 385 700 cujus
400 621 439 681 sit
454 627 601 700 apotome,
617 618 819 698 respondetur,
835 617 915 696 quod
930 620 970 680 sit
980 625 1119 696 apotome
1130 620 1265 699 alicuius,
1281 639 1357 700 qast
1369 622 1435 684 sola
1448 639 1504 702 pov

148 709 241 770 tentia
256 715 301 768 eat
316 710 587 772 commensurabilis
603 710 783 788 propositas,
807 724 883 785 quas
899 725 940 769 so.
956 715 1055 783 potest
1078 711 1315 789 amquiqaartum
1329 714 1505 792 propositae.

236 790 278 846 Sit
301 791 350 847 (aa
374 791 514 861 proposita
536 791 571 847 ad
594 791 741 847 secandum
765 791 853 864 sitque
876 789 990 848 effabilis

147 869 326 938 longitudIne.
350 871 414 924 Fiat
432 864 523 924 re'otus
542 869 657 940 angulus
677 868 756 926 GAM
778 877 805 925 et
821 869 875 926 AM
894 871 929 926 sit
948 871 986 928 di·

146 948 230 1004 midia
247 948 334 1017 ipsius
354 949 412 1016 GA,
431 957 460 1004 st
473 947 602 1004 connexis
615 948 647 1016 G,
660 947 691 1003 M
702 950 818 1018 punctis,
838 956 930 1005 centro
948 950 985 1020 M,

146 1028 290 1085 interuallo
304 1027 359 1083 GM
371 1027 503 1082 scribatur
520 1025 703 1082 semicirculus
721 1027 803 1095 PGX,
817 1035 844 1082 et
857 1028 911 1083 AM
924 1044 989 1083 con·

147 1110 270 1164 tinuatur
281 1108 311 1161 iu
325 1108 384 1176 ejus
396 1106 625 1162 circumferentiae
637 1115 739 1177 puncta
751 1108 781 1174 P,
793 1108 828 1178 X,
846 1108 896 1166 fiat
907 1114 994 1179 super

149 1191 197 1246 Pa
227 1187 391 1258 quadratum
417 1186 473 1242 Po.
509 1187 582 1254 Ergo
609 1186 681 1242 liuea
700 1188 748 1244 (ιι
774 1196 850 1245 ιιιιι
871 1197 915 1246 ιιι
931 1205 994 1261 pro·

153 1267 344 1340 portionaliter
361 1268 393 1322 in‘
412 1272 513 1336 puncto
532 1264 565 1321 0.
600 1266 675 1324 Haec
693 1268 775 1339 igitur
791 1269 839 1324 ΔΟ
858 1277 901 1326 ιιι
926 1285 992 1341 para

150 1348 237 1416 major
254 1353 347 1402 sectae
358 1342 597 1415 proportionaliter
612 1347 673 1416 GA3
693 1353 722 1402 at
734 1348 827 1404 eadem
839 1350 887 1406 Ao
899 1351 942 1407 rel
960 1370 994 1410 es

151 1427 274 1498 aequalis
293 1425 340 1480 ΑΡ
359 1432 402 1481 ιιι
419 1431 544 1495 apotome
562 1440 618 1479 non
636 1423 721 1495 ipsius
740 1426 802 1496 (ιιι,
831 1428 879 1483 sed
903 1430 988 1502 ipsius

149 1507 201 1562 MP
213 1506 258 1560 rel
276 1506 340 1574 MG,
359 1520 429 1575 qnae
446 1509 536 1574 potest
553 1505 610 1559 tam
628 1506 685 1574 (ia,
705 1521 785 1575 quum
799 1507 853 1564 AM
871 1509 944 1566 illius
963 1514 1115 1589 dimidiam
1135 1522 1166 1574 ut
1177 1510 1334 1585 sipotentia
1351 1509 1438 1581 ipsius
1453 1511 1505 1569 Ga

152 1588 187 1642 sit
204 1589 235 1657 ι,
256 1585 308 1642 erit
324 1585 410 1654 ipsius
429 1586 483 1640 AM
502 1589 533 1656 1,
559 1595 587 1645 et
604 1586 689 1657 ipsius
708 1587 790 1654 igitur
814 1587 868 1643 GM
892 1594 1013 1660 potentIa
1031 1596 1083 1652 erit
1100 1597 1124 1653 5.
1159 1595 1192 1650 In
1210 1599 1340 1665 quantum
1357 1590 1441 1661 igitur
1457 1585 1505 1645 AO

149 1665 191 1720 rel
209 1665 257 1720 ΔΡ
277 1672 320 1720 ιιι
338 1672 479 1736 apotome,
507 1667 654 1738 respondet
681 1665 705 1720 ei
722 1665 866 1724 binominis
884 1668 949 1726 Ax:
974 1682 1090 1746 suntque
1112 1676 1222 1731 nomina
1246 1671 1332 1744 ipsius
1358 1668 1508 1726 communia

150 1745 213 1816 MX,
233 1746 278 1800 rel
297 1746 350 1802 MP
367 1745 410 1799 vel
428 1747 483 1812 MG
501 1754 529 1801 et
546 1747 608 1802 AM.

239 1833 320 1902 Quod
339 1841 429 1889 autem
447 1835 493 1891 ΑΡ
512 1836 547 1890 ιιι
564 1839 692 1905 apotome
711 1840 739 1888 et
755 1833 807 1889 AX
824 1834 976 1906 binominis,
995 1833 1111 1911 nosque
1129 1845 1242 1910 quartae
1260 1836 1370 1907 speciei,
1387 1836 1427 1893 sic
1445 1852 1507 1906 pro·

150 1916 240 1970 batur.
276 1915 330 1970 Est
348 1915 418 1968 enlm
435 1921 580 1985 utrumque
598 1931 696 1971 nomeu
714 1912 823 1971 effabile
844 1923 873 1971 et
889 1917 946 1974 MX
964 1925 991 1974 et
1006 1919 1079 1988 MA;
1107 1925 1172 1974 sunt
1190 1923 1281 1972 muron
1304 1915 1364 1972 sola
1385 1914 1521 1987 potantia·

151 1992 426 2062 commensurabiles,
450 1995 513 2064 quia
527 1995 583 2050 MX
601 1993 640 2084 (id
658 1998 700 2050 est
716 1993 781 2064 MG)
799 2001 891 2065 potest
910 1999 938 2066 5,
966 1996 1088 2068 qualium
1105 1998 1159 2054 ΜΔ
1176 2003 1269 2067 potest
1285 1997 1311 2050 ι.
1347 1995 1385 2050 At
1402 1997 1417 2050 1
1438 1994 1474 2051 ad
1492 1994 1508 2048 b

150 2087 203 2126 non
223 2079 268 2126 est
285 2079 318 2126 ut
335 2088 461 2129 uumerus
480 2073 628 2144 quadratus
655 2074 691 2130 ad
707 2075 878 2146 quadratum.
914 2077 1039 2146 Denique
1066 2076 1220 2132 differentia
1246 2075 1428 2144 potentiarum
1449 2075 1461 2130 1
1481 2078 1509 2128 et

151 2150 228 2203 best
246 2149 277 2218 l,
307 2168 434 2207 numerus
453 2152 609 2221 quadratus,
629 2153 708 2222 cujus
734 2152 807 2209 latus
825 2153 842 2209 2
860 2154 1029 2223 longitudine
1053 2153 1177 2223 effabile,
1203 2152 1316 2223 aequale
1334 2168 1371 2208 so.
1389 2151 1442 2221 ipsi
1461 2150 1509 2208 ΘΑ

150 2230 319 2299 propositae.
355 2230 414 2284 Hae
439 2247 502 2285 vero
521 2240 585 2287 sunt
603 2241 685 2288 notae
711 2233 812 2303 speciei
830 2241 944 2302 quartae
971 2233 1151 2301 binominum,
1177 2233 1207 2289 in
1224 2231 1427 2289 definitionibus
1445 2236 1508 2287 anto

152 2325 229 2378 prop.
249 2309 292 2370 74,
311 2314 339 2362 et
358 2318 553 2381 apotomarum,
571 2315 634 2365 ante
652 2328 730 2381 prop.
748 2310 792 2367 85.
812 2311 908 2367 decimi
924 2312 1056 2368 Euclidis.

238 2387 365 2455 Denique
384 2388 408 2442 si
427 2387 474 2443 GA
493 2388 608 2444 effabilis
627 2395 735 2445 secatur
752 2390 1008 2460 proportionaliter,
1026 2407 1090 2461 pars
1109 2390 1168 2459 ejus
1186 2388 1272 2458 maior
1289 2387 1338 2444 ΟΛ
1356 2395 1383 2443 ιι
1401 2402 1508 2456 compo·

152 2470 203 2524 sita
221 2482 257 2520 ex
275 2475 391 2537 utraque
410 2467 466 2535 ΟΑ,
484 2469 532 2523 AG
551 2469 652 2524 cadunt
669 2468 697 2522 in
715 2468 828 2535 gradum
846 2470 975 2524 scientiae
993 2468 1125 2539 quintum.
1151 2469 1221 2525 Nam
1238 2466 1372 2537 quadrata
1388 2466 1508 2537 ipsarum

149 2549 248 2617 juncta
265 2561 396 2601 summam
415 2547 517 2603 facium
536 2547 681 2610 effabilem
699 2547 810 2617 triplum
828 2549 932 2605 scilicet
948 2549 1036 2620 ipsius
1054 2550 1103 2606 GA
1121 2548 1244 2618 effabilia,
1262 2564 1312 2619 per
1328 2547 1434 2603 XIIL4
1452 2545 1507 2600 Eu·

153 2627 239 2682 clidis.
265 2626 465 2694 Rectangulum
482 2644 545 2682 vero
564 2621 646 2682 etiam
665 2627 772 2684 effabile
790 2629 829 2698 fit,
848 2630 913 2700 quia
932 2636 973 2685 est
989 2628 1104 2699 aequale
1122 2628 1254 2699 quadrato
1272 2627 1358 2698 ipsius
1377 2625 1425 2680 (ιιι
1444 2621 1508 2680 eila·

151 2705 210 2776 bili,
237 2721 299 2759 eum
318 2705 354 2758 sit
371 2704 420 2760 GA
438 2705 528 2762 medlo
543 2706 755 2777 proportionalis
773 2698 843 2764 inter
861 2708 909 2765 ΟΔ
927 2715 1032 2781 partem
1050 2717 1079 2766 st
1096 2708 1157 2778 ΟΔ,
1179 2708 1230 2764 AG
1248 2706 1438 2778 compositam,
1461 2716 1510 2775 par

152 2783 304 2856 praemissa
318 2786 347 2848 ι).
1588 2807 1592 2815 ·

240 2875 394 2939 XXVIII.
416 2876 652 2955 Propositio.
698 2881 844 2956 Vicissim,
868 2885 893 2942 si
916 2882 1017 2960 aliqua
1039 2880 1164 2944 affabile
1185 2877 1368 2958 longitudIns
1382 2879 1426 2939 alo
1439 2892 1510 2955 pro·

153 2964 358 3043 portionalitar
379 2966 466 3057 luerit
488 2972 577 3041 secta,
602 2984 671 3042 pars
694 2970 759 3047 ejus
781 2973 875 3031 miuor
897 2970 930 3030 lit
952 2977 1089 3048 apotome
1112 2971 1223 3047 primae
1245 2967 1362 3045 speciei

241 3063 281 3119 Ut
299 3065 323 3119 si
341 3062 456 3125 effabilis
474 3065 510 3119 sit
528 3063 576 3119 aa
593 3072 625 3120 ut
642 3073 735 3136 antea,
764 3077 792 3125 et
814 3070 874 3139 eius
893 3076 985 3126 sectae
1010 3067 1251 3141 proportionaliter
1267 3082 1331 3138 pars
1348 3066 1437 3136 major
1453 3063 1510 3137 Ao,

153 3149 242 3203 mor
259 3144 321 3212 OG,
341 3145 392 3199 erit
410 3144 491 3199 etiam
508 3144 558 3199 00
575 3151 701 3219 apotome
719 3146 804 3216 (XIII.
823 3151 847 3204 6.
866 3144 1010 3218 Euclldis).

239 3226 362 3281 Rursum
378 3230 470 3279 autem
487 3222 536 3278 00
552 3223 652 3281 dicitur
675 3233 801 3296 apotome
823 3225 994 3296 qualitatium
1022 3242 1076 3281 non
1100 3224 1240 3281 relatione·
1255 3223 1289 3279 ed
1308 3221 1357 3279 (ΞΔ
1376 3218 1510 3277 affabilem

154 3305 331 3376 lngimdine,
348 3305 427 3374 eujus
445 3311 569 3374 estpars
581 3306 677 3370 minor,
694 3318 745 3360 nac
763 3305 895 3360 relatione
912 3304 947 3360 ad
965 3305 1020 3360 MG
1031 3304 1075 3359 uel
1087 3305 1148 3375 MP,
1166 3305 1244 3373 oujns
1261 3304 1323 3373 ipsa
1339 3300 1386 3357 Ao
1403 3297 1445 3355 rel
1464 3298 1511 3354 ΔΡ

154 3394 196 3441 ιιι
212 3392 354 3454 apotome,
380 3383 430 3438 sed
447 3384 533 3439 haba
548 3382 597 3438 GO
614 3383 723 3439 nomina
745 3383 902 3453 peculiaria.
940 3385 1007 3440 (lum
1025 3383 1095 3439 enlm
1118 3397 1168 3457 per
1186 3382 1221 3437 X.
1244 3382 1286 3438 97.
1304 3378 1426 3436 Euolldis
1444 3393 1510 3449 qua·

154 3468 263 3523 deatum
281 3464 468 3531 cujuscunque
485 3458 625 3529 apotomes
642 3470 671 3516 at
687 3461 727 3516 alc
745 3462 825 3516 otiam
843 3462 1005 3532 quadratum
1022 3461 1080 3528 ΡΟ,
1099 3470 1241 3517 extensum
1260 3460 1294 3516 ad
1313 3458 1448 3514 affabilem
1467 3460 1512 3527 (ut

154 3546 199 3602 lric
216 3544 254 3600 ad
273 3542 331 3608 GT,
349 3541 402 3610 ipsi
421 3541 470 3596 (ιι
480 3540 644 3610 aequalem),
662 3539 746 3596 faeiat
763 3540 934 3599 latitudinem
954 3541 1015 3611 00,
1033 3541 1137 3611 pulmaa
1155 3541 1256 3611 speciei
1275 3548 1432 3608 apotomen:
1451 3539 1512 3608 ipsa

154 3624 274 3679 uicissim
292 3620 341 3676 AO
360 3628 419 3674 erat
436 3628 562 3688 apotome
581 3619 681 3688 speciei
699 3628 820 3690 quartae.
856 3621 932 3676 lilius
950 3622 1033 3691 igitur
1050 3620 1098 3676 (ii)
1116 3634 1215 3675 noman
1237 3618 1325 3687 majus
1343 3624 1387 3671 est
1404 3614 1512 3672 affabile

154 3702 337 3774 longitudiue,
356 3700 438 3770 bojas
454 3697 503 3755 ΔΟ
521 3699 609 3769 majus
627 3715 725 3754 nomen
742 3700 795 3754 MP
813 3707 872 3755 arat
890 3698 951 3754 sola
967 3699 1092 3769 potantia
1108 3698 1231 3777 effabile,
1248 3696 1287 3752 lit
1304 3694 1430 3765 vicissim,
1449 3694 1512 3764 quir

155 3786 265 3842 nomina
283 3789 349 3837 sant
365 3781 425 3837 sola
441 3779 563 3849 potentis
574 3778 832 3850 commensurabilia,
852 3785 961 3849 oportet
972 3779 1061 3834 miuus
1078 3792 1177 3833 noman
1194 3791 1245 3832 seu
1262 3775 1512 3847 procharmoassan

154 3865 241 3934 psius
262 3860 311 3919 GO
330 3874 391 3914 ease
409 3858 468 3916 sola
484 3860 607 3928 potentia
624 3855 773 3915 affabilem:
792 3876 854 3915 oum
871 3859 958 3927 ipsius
974 3857 1022 3915 ΔΟ
1041 3872 1139 3913 nomen
1155 3856 1245 3911 minus
1262 3855 1317 3911 AM
1335 3860 1409 3911 esset
1426 3854 1512 3924 longi·

155 3941 250 3999 tudine
268 3937 392 3999 effabile
419 3937 529 4006 utrique
545 3944 635 4015 tomen
653 3935 706 3990 hoc
723 3945 824 4001 manet,
847 3938 920 4006 quod
938 3936 1091 3994 Mdemutt'a
1115 3935 1308 4006 quadratorum
1326 3950 1343 3990 a
1360 3932 1513 3989 nominibus

155 4020 355 4086 descriptorum
373 4016 408 4069 sit
424 4014 586 4084 quadratum
603 4013 719 4082 alicujus
736 4016 852 4074 effabilis
870 4016 1047 4086 longitudine.

175 4132 183 4151 .
243 4097 322 4165 Quae
340 4106 431 4148 antem
444 4092 497 4155 sint
509 4093 590 4163 hujus
604 4093 659 4165 (30,
677 4097 779 4167 primae
797 4102 946 4165 apotomes,
964 4095 1081 4165 nomina,
1099 4093 1222 4163 relinquo
1240 4091 1302 4148 aliis
1320 4091 1527 4161 quaerendum·

156 4178 389 4249 Proslrarmozusa
406 4173 515 4241 quidem
532 4172 584 4241 ipsi
596 4173 643 4229 00
661 4183 692 4230 ut
710 4184 852 4245 apotomae
870 4173 973 4244 primas
993 4182 1036 4230 ast
1048 4175 1129 4230 unica
1140 4173 1199 4227 sola
1216 4186 1267 4241 per
1278 4172 1313 4227 X.
1326 4172 1369 4227 79.
1380 4168 1512 4225 Euclidis.

157 4256 232 4323 Quae
250 4254 334 4308 debet
352 4268 413 4307 esse
431 4251 507 4319 talia,
530 4256 562 4306 nt
585 4254 644 4323 ejus
668 4254 830 4324 quadratum
848 4252 885 4308 sit
908 4250 1024 4322 effabile,
1044 4270 1099 4308 uon
1120 4260 1211 4307 tamen
1230 4266 1356 4305 numero·
1371 4248 1512 4319 quadrato,

156 4335 215 4404 ipsa
234 4350 300 4388 vero
319 4349 380 4388 rum
398 4330 446 4387 GO
463 4331 545 4387 debet
562 4331 651 4387 iacere
669 4331 768 4388 lineam
785 4347 867 4387 unam
887 4329 1021 4386 affabilem
1039 4328 1225 4399 longitudine,
1251 4336 1280 4383 et
1296 4344 1347 4398 per
1363 4328 1397 4382 X.
1417 4327 1464 4385 30.
1489 4324 1512 4378 si

157 4431 191 4470 ex
207 4416 261 4469 hac
279 4430 335 4468 ana
352 4420 411 4468 tota
428 4413 476 4468 fiet
493 4411 624 4467 diameter
649 4411 755 4474 circuit,
781 4409 856 4464 verbi
881 4424 964 4464 causa
982 4409 1042 4475 PX,
1071 4414 1099 4463 et
1116 4406 1138 4462 ai
1161 4406 1400 4478 prosharmornsa,
1428 4402 1511 4474 paulo

155 4495 265 4565 longior
282 4509 364 4562 qnam
381 4493 430 4549 ΡΑ
455 4491 598 4562 (siquidem
623 4497 682 4546 tota
699 4496 774 4546 esset
792 4487 913 4556 aequalis
929 4488 982 4556 ipsi
1000 4487 1062 4555 PX)
1084 4486 1119 4542 ab
1136 4502 1191 4541 uno
1209 4486 1324 4540 termino
1343 4483 1468 4540 diametri
1485 4482 1512 4537 X

157 4574 312 4645 applicetur
330 4570 563 4626 circumferentiae
580 4569 644 4625 XG:
672 4577 738 4625 tuno
756 4584 827 4639 quas
844 4568 923 4638 siqua
939 4567 972 4636 0,
997 4568 1019 4623 Ρ
1038 4566 1188 4625 mantelii,
1212 4562 1297 4643 tiebat
1314 4578 1375 4620 esse
1391 4563 1446 4633 ipsi
1460 4562 1512 4618 Px

157 4656 208 4711 toti
224 4650 478 4708 commensurabilir
494 4650 669 4719 longitudire.

245 4734 373 4796 XXIX.
397 4733 626 4811 Propositio.
671 4731 796 4806 Quaado
819 4746 890 4790 vero
912 4737 994 4791 reeta
1023 4730 1110 4790 luerit
1129 4725 1386 4805 proportlousIItor
1412 4723 1512 4801 aliqua

159 4826 265 4898 maon,
289 4823 376 4900 cujas
398 4821 571 4898 quadratum
593 4822 632 4879 sit
655 4819 779 4896 aequale
802 4818 973 4896 roctanquto
996 4817 1052 4877 sub
1073 4812 1267 4892 longitudine,
1287 4813 1454 4891 composita
1475 4830 1512 4873 ιι

158 4915 310 4993 proposita
333 4908 444 4972 edab‘rlt
472 4916 502 4972 et
522 4914 643 4986 potesta
670 4905 734 4985 ejas
756 4909 886 4986 quinqua
922 4912 1043 4984 quartas
1071 4910 1102 4965 at
1128 4901 1184 4968 sub
1205 4901 1360 4964 latitudine
1382 4903 1511 4979 quioqaa
