3567 5625
722 389 724 392 ’
774 416 916 524 sponsa
1455 422 1518 490 ιιι

171 600 287 664 tendas.
331 601 401 672 Mea
422 600 537 661 Terrae
553 602 651 662 anima
671 600 746 661 latet
759 604 855 676 intus;
878 600 985 677 quodsi
1008 608 1039 659 ιιι
1059 599 1240 678 probaveris,
1255 596 1441 700 ,Jadlatioues
1456 617 1520 661 ma·

169 707 236 749 nere
260 689 348 764 loris,
373 690 508 749 confossa
530 690 618 776 igitur
641 697 686 748 est
707 687 898 791 philosophia
919 707 1001 763 mea,
1024 705 1081 748 non
1105 687 1272 791 movebitur
1293 688 1391 748 anima
1414 686 1521 750 Terrae
1535 709 1557 750 ’,

171 778 208 836 ab
233 778 419 855 aspectibus,
454 794 544 853 quare
575 785 707 836 cessante
741 778 805 853 ejus
833 776 945 852 officio,
978 774 1056 836 unde
1078 778 1206 835 animam
1238 790 1293 854 ogo
1324 773 1521 838 demonstrare

170 863 267 939 volni,
299 882 336 924 ne
359 864 477 941 quidem
500 867 555 923 erit
575 865 676 941 aliqua
698 863 804 925 Terrae
836 866 942 925 anima
987 864 1091 944 Hunc,
1123 866 1271 940 inquam,
1295 880 1416 939 scopum
1439 871 1521 926 tuum

171 952 268 1028 ¹video,
293 960 324 1012 at
346 951 494 1028 quomodo
517 950 555 1010 ad
578 969 645 1010 eum
669 951 818 1032 collimes,
845 970 905 1012 uon
927 954 1021 1032 capio.
1067 952 1098 1012 Si
1123 950 1254 1011 visibiles
1277 949 1377 1028 anguli
1400 959 1469 1014 sunt
1490 952 1520 1009 in

169 1044 250 1111 abre,
275 1050 359 1098 erunt
385 1039 472 1098 iidem
496 1048 526 1100 et
547 1041 576 1096 in
599 1039 706 1112 Terra,
736 1042 885 1115 quianon
908 1049 1058 1120 reputatur
1080 1040 1220 1100 distantia
1242 1041 1332 1098 centri
1355 1056 1373 1097 a
1396 1040 1521 1099 circum·
1553 1059 1563 1070 ‘

171 1127 294 1187 larentia
317 1129 445 1186 adrisin
468 1125 681 1186 radiationibus
704 1125 896 1204 planetarum,
930 1145 966 1189 ac
989 1145 1025 1187 ne
1048 1130 1078 1185 in
1093 1127 1195 1186 Lunae
1212 1126 1329 1202 quidem
1352 1125 1419 1202 plus
1434 1144 1523 1203 quam

170 1215 250 1291 quod
274 1214 397 1272 duarum
421 1215 557 1273 horamm
579 1215 676 1293 spatio
699 1217 815 1291 pensari
837 1217 940 1293 possit.
984 1215 1034 1290 Ar,
1058 1216 1164 1294 inquis,
1189 1216 1319 1291 opacitas
1335 1213 1442 1292 Terrae
1465 1216 1522 1276 im·

160 1302 260 1380 ,pedit
307 1302 378 1360 Esto
407 1300 443 1360 de
475 1301 598 1375 lumine,
632 1319 708 1379 nego
731 1310 829 1361 temen
852 1302 888 1363 de
913 1305 1035 1378 virtute,
1071 1302 1109 1363 do
1134 1304 1302 1364 instantiam
1334 1309 1521 1380 amagnete,
1582 1327 1586 1338 ¹
1627 1291 1636 1306 ’

172 1389 367 1449 radiationem
391 1389 454 1465 ejus
477 1407 534 1447 non
559 1388 680 1466 impedit
701 1388 836 1450 soliditas
859 1393 931 1452 euri.

258 1476 437 1536 (iurantem
468 1485 498 1534 tu
521 1493 612 1554 negas
634 1475 758 1553 angulos
780 1478 977 1538 radiationum
1006 1481 1034 1536 in
1057 1477 1170 1537 Terra?
1215 1476 1292 1552 Quia
1314 1480 1433 1554 spiritus
1457 1478 1522 1536 Do·

171 1564 243 1622 mini
266 1580 323 1623 uon
348 1566 404 1623 snb
426 1564 517 1623 Terra
539 1560 588 1645 (tu
611 1567 665 1633 ais,
689 1581 746 1622 non
770 1567 799 1623 in
823 1567 960 1640 tenebris,
984 1568 1157 1641 incogitans,
1184 1563 1279 1625 lucem
1302 1575 1371 1626 tunc
1392 1564 1522 1644 nondum

171 1646 279 1731 luisse)
303 1650 355 1710 sed
378 1668 466 1727 super
481 1655 578 1730 aquis,
602 1650 668 1711 loco
683 1651 795 1711 scilicet
809 1655 894 1725 airis,
918 1653 1064 1712 ferebatur
1083 1653 1112 1710 in
1126 1653 1295 1728 primordio.
1344 1651 1435 1728 Quasi
1453 1671 1521 1714 vero

173 1741 288 1798 intersit
309 1737 347 1797 ad
370 1738 564 1818 radiationes,
588 1740 637 1798 ubi
661 1742 780 1817 spiritus
803 1740 921 1798 Domini
945 1738 1058 1799 dicatur
1084 1738 1163 1799 latus
1186 1757 1260 1800 esse.
1304 1739 1522 1822 Rudinus-pla·

172 1836 259 1885 netas
293 1825 383 1885 coelis
410 1826 473 1901 Jam
506 1825 645 1894 conditis,
678 1834 775 1885 textus
798 1836 866 1887 tuus
889 1835 957 1888 ente
980 1828 1078 1887 coelos
1102 1826 1235 1902 conditos
1259 1827 1439 1905 intelligitur.
1486 1827 1523 1886 llt

173 1912 303 1989 loqueris
327 1913 362 1971 de
386 1914 511 1988 angulis,
535 1931 593 1972 non
617 1923 650 1973 ut
672 1913 708 1973 de
731 1914 882 1975 accidente
904 1914 1120 1976 individuarum
1137 1914 1334 1978 radiationum
1351 1916 1523 1992 quotidiano

173 2008 203 2060 et
224 2003 408 2073 transitorio,
432 2000 484 2059 sed
507 2008 540 2060 ut
563 2002 598 2060 de
621 2002 788 2061 substantia
811 2001 933 2064 durante
956 2020 974 2062 a
995 2001 1169 2081 primordio,
1192 2002 1318 2079 angulos
1342 2004 1435 2064 iactos
1458 2020 1521 2062 esse

103 2143 106 2148 .
172 2090 201 2145 in
225 2091 303 2146 ae‘re.
349 2086 426 2145 Illud
450 2087 575 2165 denique
598 2088 734 2149 dabimus
757 2089 901 2167 theologis
924 2089 1141 2164 excutiendum,
1165 2088 1310 2164 Roberte,
1334 2089 1413 2167 quod
1436 2093 1523 2167 spiri-

171 2184 232 2234 tum
257 2175 374 2234 Domini
398 2191 434 2233 ex
458 2177 555 2235 verbis
577 2176 672 2236 Mosis
698 2185 731 2236 ιιι
754 2176 826 2236 dicis
849 2179 978 2237 animam
1001 2178 1106 2252 totiusJ
1140 2193 1207 2235 nam
1232 2167 1284 2236 ita'
1304 2195 1350 2238 mo
1376 2175 1523 2237 catholica

172 2262 276 2322 doecre
301 2262 415 2320 videtur
438 2263 575 2336 ecclesia,
607 2266 741 2366 spiritum
765 2265 884 2326 Domini
914 2272 1073 2326 creatorem
1096 2280 1177 2342 esse,
1208 2266 1335 2324 animam
1359 2267 1464 2338 totins,
1497 2266 1523 2323 si

171 2367 231 2427 qua
254 2358 315 2420 est,
347 2359 518 2409 creaturam
565 2350 661 2410 Tanto
691 2352 786 2410 minus
808 2352 898 2428 igitur
927 2351 1035 2426 babes,
1068 2350 1147 2428 quod
1175 2354 1352 2450 aspiritu
1341 2352 1461 2410 Domini
1485 2350 1523 2411 ad

169 2436 350 2497 radiatioues
373 2438 431 2494 tuis
454 2440 672 2514 consequentiis
696 2436 832 2498 deducas.

258 2524 429 2590 Biscxtilem
454 2532 483 2583 et
504 2525 674 2586 trisextilem
697 2524 772 2586 laiso
796 2527 867 2588 meis
891 2524 1036 2586 admisces
1051 2527 1137 2584 novis
1152 2525 1330 2603 aspectibus.
1375 2525 1522 2588 Nonsum

170 2612 249 2671 adeo
273 2611 424 2687 stupidus,
450 2620 482 2673 ut
503 2615 623 2671 uomina
643 2615 706 2672 sine
728 2630 759 2672 re
781 2614 987 2690 multiplicem,
1020 2629 1085 2671 cum
1108 2613 1216 2687 sciam,
1243 2612 1295 2672 illo
1317 2613 1441 2688 trinum,
1465 2615 1522 2673 isto

172 2702 342 2776 oppositum
364 2709 516 2776 aspectum
539 2703 686 2760 constitui.

254 2786 373 2855 Durum
397 2787 450 2847 tibi
474 2787 603 2863 videtur,
628 2787 726 2865 plnres
749 2804 814 2851 esse
837 2794 989 2864 aspectus,
1021 2804 1110 2864 qnam
1133 2796 1201 2847 sunt
1226 2790 1255 2851 in
1279 2785 1403 2853 zodiaco
1425 2794 1524 2865 partes

172 2874 343 2949 integrales
389 2874 454 2933 Non
487 2875 584 2952 plures
615 2886 728 2951 statuo,
761 2876 800 2934 mi
824 2875 968 2950 Roberte,
999 2877 1115 2953 sipara
1145 2876 1295 2954 integralis
1320 2875 1399 2936 idem
1428 2884 1524 2949 sonat,

171 2963 253 3039 quod
277 2961 445 3037 aequalium
459 2966 634 3066 pqrtionum
657 2981 725 3025 una
770 2963 879 3022 Divide
902 2980 1026 3040 nemque
1048 2963 1233 3025 zodiacum
1224 2982 1255 3041 ιιι
1271 2964 1523 3037 dodecatemoria:

170 3059 257 3108 erunt
281 3057 416 3126 aspectus
438 3036 629 3124 semisextus,
660 3051 788 3126 sextilis,
822 3050 999 3127 quadratus,
1031 3054 1137 3125 trinus,
1166 3056 1333 3129 quincunx,
1357 3054 1521 3131 oppositus.

172 3136 283 3195 Divide
307 3154 419 3195 rursum
443 3134 544 3219 (potes
567 3141 691 3217 enim)
685 3157 712 3195 ιιι
736 3139 947 3201 decutemoria:
976 3146 1060 3203 erunt
1082 3148 1218 3215 aspectus
1242 3139 1358 3215 docilis,
1383 3140 1523 3216 quintilis,

174 3224 326 3295 tridecilis,
351 3225 523 3300 biquintilis,
547 3228 708 3305 oppositus.
755 3225 864 3286 Divide
888 3226 1048 3302 danique
1040 3242 1069 3283 ιιι
1088 3227 1291 3303 ogdo'e'moria:
1315 3235 1399 3288 erunt
1419 3244 1527 3304 aspec-

173 3321 222 3371 tus
254 3312 416 3387 sequadrus
446 3331 498 3373 seu
530 3315 640 3389 octilis,
675 3313 849 3390 quadratus,
883 3312 1060 3389 sesquadrus
1091 3331 1142 3375 seu
1175 3314 1326 3389 trioctilis,
1362 3320 1524 3392 oppositus.

175 3400 282 3459 Potest
305 3399 396 3457 dividi
420 3409 450 3458 et
472 3403 501 3458 in
524 3401 713 3478 beptemoria,
737 3418 795 3460 non
819 3409 905 3458 crunt
926 3409 1022 3459 tamen
1047 3400 1097 3458 ulli
1121 3403 1280 3461 secundum
1303 3402 1378 3461 lianc
1401 3403 1526 3461 divisio·

177 3504 246 3546 nem
271 3496 414 3562 aspectus.
459 3488 506 3548 Ita
529 3506 588 3548 non
609 3488 717 3566 plures,
741 3498 772 3547 at
795 3490 947 3563 pauciores
969 3488 1064 3567 habeo
1081 3499 1226 3567 aspectus,
1251 3507 1339 3565 qnam
1354 3498 1450 3568 partas
1473 3498 1525 3548 tuo

172 3592 263 3655 sensu
287 3574 454 3649 integrales.

261 3660 387 3719 Rursum
410 3678 456 3720 me
471 3678 583 3721 oneras
606 3661 681 3721 ialso
704 3662 778 3735 fine,
811 3669 845 3719 nt
868 3677 1001 3735 corporo
1021 3663 1179 3737 repuleris
1201 3679 1374 3738 comparem
1398 3666 1525 3738 aspecti·

172 3749 239 3809 osse·
286 3750 376 3824 Atqui
392 3747 504 3807 nullum
519 3757 614 3807 exstat
628 3750 716 3825 hujus
731 3756 853 3809 conatus
871 3750 1036 3823 vestigium.
1083 3750 1141 3808 Cur
1156 3752 1231 3808 enim
1253 3757 1391 3825 aspectus
1406 3750 1525 3811 aliunde

174 3835 365 3909 deducerem,
399 3853 488 3911 quam
518 3853 537 3894 a
566 3835 665 3910 liguris
694 3835 811 3911 planisi
856 3836 896 3895 At
916 3852 972 3901 nec
1003 3834 1077 3893 illud
1100 3854 1200 3896 verum
1229 3846 1286 3910 est,
1321 3841 1524 3914 proportiones

171 3923 360 3983 harmonicas
381 3922 434 3983 seu
458 3926 663 3983 consonantias
686 3927 715 3981 in
739 3940 826 4000 opere
850 3939 915 3983 meo
940 3931 1019 3983 ortus
1042 3939 1132 3983 causa
1151 3923 1285 3983 distribui
1309 3926 1381 3983 inter
1396 3927 1525 4002 quinque

173 4028 308 4086 corpora
353 4010 387 4068 ln
410 4009 552 4087 Mysterio
577 4011 825 4088 cosmographico
849 4011 962 4070 tentavi
986 4009 1055 4086 quid
1078 4011 1263 4088 hujusmodi,
1286 4013 1316 4069 in
1338 4011 1525 4073 Harmonicis

172 4100 274 4177 potius
298 4096 422 4157 discutio
446 4108 559 4158 veteres
582 4097 635 4158 bas
657 4118 739 4158 meas
762 4097 1017 4172 hallucinationes,
1041 4097 1110 4159 dum
1132 4110 1273 4187 aspectus
1291 4117 1350 4158 non
1365 4101 1437 4177 ipsis
1453 4118 1525 4160 con·

173 4188 319 4246 sonantiis
342 4186 532 4262 simplicibus,
555 4185 607 4244 sed
630 4204 728 4246 earum
743 4188 841 4259 sociis,
864 4187 1063 4245 consonantiis
1085 4188 1255 4264 maioribus,
1269 4171 1397 4263 copulo.
1443 4188 1523 4248 Care

171 4273 265 4334 lector
296 4273 456 4348 quidquam
485 4274 553 4333 huic
581 4272 710 4334 Roberto
742 4272 846 4333 credas
873 4291 973 4333 earum
995 4290 1106 4347 rerum,
1137 4291 1210 4350 quas
1242 4275 1291 4335 ille
1320 4275 1392 4334 mihi
1407 4276 1523 4351 tribuit,

174 4378 299 4437 quarum
324 4359 409 4419 fidem
435 4361 491 4420 tibi
511 4360 613 4420 liber
606 4379 668 4438 rpse
691 4379 774 4422 meus
796 4361 891 4420 lacere
913 4363 1015 4437 possit

262 4448 394 4526 Diapson
417 4457 447 4508 et
469 4449 661 4525 oppositionis
683 4458 835 4526 aspectum
857 4465 893 4507 ex
916 4447 1019 4507 iisdem
1042 4462 1097 4521 ego
1123 4446 1318 4510 fundamentis
1339 4451 1523 4528 geometricis

172 4533 291 4608 deduxi,
314 4552 369 4595 nec
391 4536 478 4612 an‘us
501 4537 725 4601 consociationis
749 4544 850 4596 auctor
865 4553 930 4594 snm
944 4536 1063 4611 primns,
1088 4538 1181 4595 omnis
1201 4536 1414 4613 astrologorum
1440 4539 1522 4597 natio

173 4622 243 4681 inde
266 4641 286 4681 a
309 4610 382 4682 duce
404 4622 576 4682 Ptolomaeo
600 4621 709 4682 dudum
732 4640 796 4683 eam
818 4625 936 4701 recepit.
981 4622 1022 4682 At
1044 4629 1084 4695 tu,
1107 4621 1244 4698 Roberte,
1268 4628 1342 4683 tanti
1365 4642 1525 4686 consensus

173 4710 327 4784 oblitus,
319 4727 349 4771 m
372 4728 418 4770 me
441 4710 535 4769 solum
558 4710 688 4784 intueris,
711 4728 758 4771 me
780 4712 916 4769 omnibus
932 4710 1038 4769 ictibus
1060 4727 1112 4785 per
1127 4727 1227 4770 omnes
1243 4715 1413 4773 occasiones
1437 4713 1522 4791 petis,

175 4806 208 4857 ιιι
231 4800 468 4874 comparationes
491 4814 572 4859 meas
595 4797 749 4858 disturbes.
793 4798 993 4857 Veruntamen
1007 4806 1049 4872 tu,
1073 4797 1180 4857 relictis
1197 4801 1421 4861 consociationis
1435 4800 1524 4876 hujus

171 4883 386 4960 fundamentis,
418 4886 525 4961 quibus
547 4900 606 4945 non
627 4886 757 4946 subrutis
780 4885 862 4945 firma
882 4884 937 4945 illa
958 4902 1072 4963 semper
1093 4886 1199 4963 stabit,
1231 4886 1270 4948 sd
1291 4888 1411 4950 ollactus
1435 4904 1523 4950 coeco

1298 4994 1368 5059 28*
