3567 5625
83 420 87 433 '
159 438 167 445 ·
252 401 315 476 did
511 460 514 464 .
578 365 581 370 ἱ
765 395 915 471 Ptolemaei
932 399 1089 469 Harmonia.

249 591 348 668 parari
370 595 516 668 poterunt,
539 601 612 670 puta
633 593 864 670 enharmonium,
888 593 1098 655 chromaticum
1111 590 1143 673 v)
1165 601 1196 654 et
1217 589 1414 668 diatonicum
1437 609 1513 670 quae
1535 591 1602 671 ipsa

251 693 370 754 quoque
399 676 575 738 differentias
605 683 709 741 sortita
738 690 808 742 sunt
836 701 872 743 ex
903 681 1030 759 quadam
1058 680 1259 757 magnitudine
1287 689 1318 740 et
1339 681 1431 752 mole,
1464 697 1541 756 quae
1572 680 1601 736 iu

251 765 416 824 elevatione
440 774 492 825 aut
514 771 711 828 contractione
735 772 876 829 consistit.
920 770 996 829 Nam
1018 769 1078 829 tale
1104 768 1176 846 quid
1198 769 1298 828 evenit
1319 770 1432 827 ratione
1451 775 1512 825 tam
1527 769 1602 825 situs

251 869 339 928 quam
368 856 523 929 potestatis
556 857 598 930 ei,
627 855 707 933 quod
735 856 858 916 densum
887 852 1101 933 indensumqua
1129 854 1295 934 appellatur
1325 855 1456 931 parilia
1483 871 1600 929 genera.

250 940 290 999 Et
312 941 532 1000 enharmonium
555 941 673 1019 quidem
696 944 924 1020 comparandum
947 951 993 1004 est
1013 960 1079 1003 oum
1102 942 1232 1021 physicis
1255 942 1419 1018 ethicisque
1442 938 1602 1013 habitibus,

235 1044 287 1093 „eo
309 1026 390 1104 quod
412 1031 574 1089 communis
604 1032 643 1089 sit
666 1030 724 1090 illis
747 1049 816 1111 prae
838 1034 943 1092 ceteris
965 1030 1174 1109 magnitudinis
1202 1029 1367 1090 diminutio.
1414 1030 1602 1088 Diatonicum

252 1131 323 1172 vero
351 1114 525 1191 theologicis
543 1115 586 1175 ‘et
614 1117 742 1194 politicis
772 1117 922 1186 habitibus
950 1117 1117 1195 respondet,
1150 1127 1269 1196 propter
1296 1116 1405 1176 ordinis
1434 1123 1464 1176 et
1485 1117 1604 1191 magni-

247 1200 383 1261 ficentiae
405 1202 623 1264 similitudinem
645 1207 675 1263 in
692 1214 825 1283 unoque.
869 1207 1088 1266 chromaticum
1102 1205 1219 1266 tandem
1237 1204 1452 1265 mathematicis
1467 1212 1497 1263 et
1514 1220 1604 1263 oeco·
1631 1219 1636 1230 ‘

249 1291 372 1348 numicis
393 1289 579 1366 assimilatur,
603 1309 638 1352 eo
662 1285 743 1370 quod
764 1296 926 1354 communis
947 1297 1083 1371 utrinque
1110 1296 1148 1352 sit
1169 1292 1355 1352 mediocritas
1377 1295 1452 1350 inter
1474 1300 1604 1351 exuema

250 1378 476 1436 circumstantia.
522 1377 597 1439 Nam
620 1387 649 1440 et
671 1380 895 1442 mathematicae
917 1384 1058 1442 scientiae
1087 1383 1241 1459 potissima
1263 1389 1344 1458 parts
1367 1387 1520 1438 versamur
1542 1385 1603 1437 tam

147 1539 154 1544 g
249 1464 279 1522 in
311 1464 435 1543 physico
465 1482 572 1541 genere
600 1485 689 1545 quam
721 1471 750 1527 in
780 1469 967 1546 theologic03
1001 1477 1031 1530 et
1054 1470 1259 1529 oeconomicus
1288 1468 1467 1543 participant
1487 1465 1603 1539 ethicis,

248 1554 362 1613 ratione
385 1554 519 1629 privatae
542 1562 572 1614 et
593 1557 791 1632 potestatibus
813 1559 966 1633 subiectae
981 1560 1069 1628 vitae,
1093 1558 1269 1633 participant
1284 1564 1314 1614 et
1328 1554 1466 1632 politicis,
1489 1554 1603 1612 ratione

250 1642 467 1699 communitatis
490 1649 520 1700 et
542 1644 671 1720 imperii;
701 1646 858 1716 ercglone
881 1644 1090 1704 chromaticum
1112 1642 1245 1703 similiter
1274 1659 1436 1702 connexum
1459 1650 1503 1700 est
1526 1657 1604 1716 quo·

250 1724 408 1788 dammodo
435 1727 503 1788 hinc
530 1745 595 1788 cum
626 1733 798 1791 remissione
827 1739 857 1791 et
884 1731 1009 1791 mollitie
1032 1731 1230 1803 enharmonii,
1262 1729 1330 1789 inde
1352 1746 1418 1788 cum
1441 1730 1605 1787 intensione

250 1822 280 1872 et
302 1813 408 1875 duritie
430 1815 585 1891 diatonici;
608 1817 640 1876 bt
662 1821 739 1877 enim
755 1818 973 1892 chromaticum,
997 1821 1112 1895 utrique
1125 1818 1303 1894 reliquorum
1325 1815 1474 1888 collatum,
1498 1832 1605 1892 quem-

253 1899 415 1972 admodum
446 1901 569 1977 chorda,
607 1922 684 1981 quae
712 1922 792 1965 mese
823 1906 943 1979 dicitur,
983 1914 1028 1966 est
1068 1923 1133 1965 cum
1166 1904 1275 1965 chorda
1303 1904 1608 1981 proslambanomene,

250 1986 386 2064 marum,
420 2006 496 2066 quaa
527 1989 670 2069 diapason
698 1994 892 2068 constituunt,
913 1979 1052 2070 'amtior3
1083 2010 1150 2053 cum
1171 2007 1238 2052 nete
1267 2009 1336 2052 vero
1367 2001 1412 2051 est
1434 1990 1604 2051 iacientium

248 2074 393 2153 diapason
416 2079 542 2154 gratior.
1060 2099 1062 2102 ’

335 2180 409 2234 Nota
425 2179 447 2235 I.
482 2178 543 2234 Jam
566 2179 594 2234 in
612 2179 665 2235 hoc
684 2180 773 2250 capita
796 2182 911 2237 virtutes
934 2198 989 2236 uon
1008 2189 1073 2236 sunt
1094 2179 1211 2250 amplius
1229 2175 1370 2248 potentiae
1392 2174 1547 2244 naturales,
1572 2183 1604 2229 ut

249 2271 309 2326 cap.
329 2258 353 2324 b,
373 2256 422 2313 sed
439 2265 471 2312 ut
487 2258 599 2313 babitus
617 2260 813 2316 exercitatione
831 2262 982 2331 comparati
1001 2261 1073 2315 eirca
1091 2257 1323 2326 certum'aliquod
1341 2272 1429 2326 genus
1446 2270 1546 2310 rerum.

334 2336 408 2393 Nota
425 2337 459 2391 11.
495 2338 560 2393 Tria
582 2336 628 2391 hic
651 2351 752 2408 genera
775 2347 871 2395 cantus
897 2340 1035 2395 veteribus
1059 2340 1172 2407 usitata,
1195 2337 1377 2405 diatonicum,
1400 2333 1605 2401 chromaticum,

250 2414 454 2470 enharmonium
489 2432 544 2470 non
569 2415 730 2474 inconcinne
753 2433 819 2472 sans
849 2433 909 2472 cum
934 2419 1023 2473 tribus
1049 2418 1180 2471 vinutum
1208 2424 1263 2472 tam
1286 2414 1497 2470 theoreticarum
1521 2429 1604 2481 quam

248 2493 429 2564 practicarum
447 2494 592 2563 generibus
611 2503 811 2567 comparantur,
830 2496 987 2564 humilibus,
1006 2495 1201 2565 mediocribus,
1219 2494 1291 2550 altis.
1327 2493 1396 2547 Mihi
1415 2500 1506 2546 tamen
1524 2493 1604 2548 satis·

248 2571 349 2629 iactum
367 2581 410 2629 est
427 2573 555 2629 nondum.
592 2573 669 2642 Quae
686 2574 757 2628 enim
775 2576 904 2644 utrinque
921 2575 1020 2631 similia
1037 2574 1201 2645 allegantur,
1226 2579 1290 2629 suut
1308 2570 1494 2627 tantummodo
1513 2569 1601 2639 qnali-

247 2654 332 2710 tatira
354 2653 398 2709 rel
419 2654 509 2724 quasi,
534 2654 636 2723 quippe
660 2653 755 2708 domus
779 2655 895 2724 amphos
918 2651 961 2710 est
979 2651 1202 2722 homine‘unico,
1222 2654 1317 2709 civitas
1341 2652 1429 2726 domo,
1454 2658 1482 2704 et
1504 2658 1604 2704 natura

247 2749 339 2788 rernm
356 2732 571 2802 corruptibilium
593 2748 637 2787 res
663 2731 885 2803 mathematicae,
914 2749 958 2790 res
976 2734 1146 2804 theologicae
1164 2732 1283 2802 quodam
1300 2729 1452 2786 altitudinis
1470 2734 1498 2784 et
1515 2726 1604 2783 humi·

247 2809 334 2868 litatis
357 2819 491 2881 conceptu
513 2811 585 2866 inter
608 2827 637 2866 se
660 2808 871 2883 distinguuntur.
907 2814 970 2869 Jam
995 2815 1048 2869 tria
1070 2814 1120 2869 illa
1141 2820 1238 2868 cantus
1263 2825 1364 2883 genera
1390 2825 1445 2863 non
1471 2806 1531 2863 sola
1557 2806 1604 2861 illa

247 2898 394 2962 praetensa
411 2891 596 2960 magnitudine
615 2898 663 2946 aut
681 2889 892 2949 condensatione
911 2894 1127 2963 distinguuntur,
1151 2892 1200 2948 sed
1218 2889 1408 2955 multomagis
1426 2886 1604 2956 proprietate,

248 2978 280 3029 ut
297 2969 399 3025 latetur
416 2970 588 3025 Ptolemaeus
612 2969 680 3039 ipse.
720 2970 786 3023 Cum
808 2972 879 3027 enim
901 2972 979 3027 initio
997 2989 1052 3027 non
1070 2971 1178 3040 penitus
1205 2977 1298 3025 esseut
1315 2976 1396 3024 notae
1413 2965 1604 3036 proportiones

249 3050 442 3104 concinnerum
462 3049 580 3104 omnium
598 3049 625 3103 in
645 3063 698 3102 uno
717 3046 857 3119 diapason,
876 3052 1006 3106 continua
1023 3049 1210 3105 subtractione
1226 3049 1284 3103 toni
1297 3046 1410 3114 maioris
1425 3045 1604 3101 constitutum

248 3134 291 3182 est
309 3136 428 3197 systema
445 3126 622 3196 diatonicum,
646 3125 694 3181 sed
713 3125 811 3182 durum
830 3136 858 3184 et
875 3137 986 3199 praeter
1003 3136 1137 3184 naturam.
1172 3128 1284 3196 Loquor
1302 3132 1392 3181 autem
1417 3123 1451 3178 de
1469 3133 1603 3192 apparatu

248 3213 277 3263 et
299 3207 423 3262 tensione
446 3207 695 3263 instrumentorum.
731 3206 801 3265 Nam
825 3210 900 3279 quod
922 3224 1017 3265 rocem
1043 3207 1188 3263 humanam
1212 3207 1322 3273 attinet,
1348 3204 1396 3259 illa
1418 3203 1544 3257 naturaie
1563 3221 1604 3274 sy-

248 3292 347 3355 stema,
371 3285 452 3356 quule
470 3303 521 3356 ego
539 3286 586 3341 lib.
605 3286 654 3342 ΠΙ.
678 3302 737 3354 cap.
757 3293 781 3346 7.
801 3288 947 3360 descripsi,
966 3295 1063 3358 sponte
1082 3287 1220 3355 sequitur,
1245 3294 1273 3339 et
1295 3284 1425 3343 instinctu
1443 3284 1531 3353 ipsius
1555 3300 1602 3338 ua·

247 3370 326 3420 turae
344 3372 372 3420 et
389 3365 472 3434 hujus
490 3364 575 3434 ipsius
593 3367 666 3422 tocie
685 3369 819 3425 humanae
837 3367 1048 3437 comparatione,
1064 3365 1166 3433 judicio
1180 3379 1218 3419 sc
1232 3362 1350 3427 auditus,
1365 3360 1534 3418 intellectum
1552 3370 1603 3431 est,

246 3444 428 3500 instrumenta
452 3440 491 3500 sic
515 3453 592 3500 tensa
610 3445 778 3518 dmiuscule,
806 3464 856 3503 seu
880 3454 911 3501 ut
929 3444 1103 3501 Ptolemaeus
1120 3442 1256 3513 loquitur,
1283 3459 1472 3507 cenomanos
1496 3457 1602 3502 sonare,

247 3521 378 3579 Additum
396 3532 440 3580 est
456 3523 538 3593 igitur
555 3524 756 3596 chromaticum,
775 3525 848 3595 quod
867 3523 993 3580 duritiem
1011 3523 1083 3579 illius
1101 3522 1241 3582 emolliret,
1263 3519 1336 3588 quod
1354 3517 1472 3573 fortasse
1490 3520 1603 3587 propius

248 3603 277 3658 in
295 3603 431 3659 nonnullis
453 3603 487 3659 ad
506 3605 659 3659 naturalem
678 3605 807 3676 originem
832 3603 971 3659 divisionis
994 3602 1148 3672 systematis
1167 3599 1297 3668 accessit,
1322 3597 1371 3653 sed
1395 3605 1422 3652 et
1445 3597 1473 3650 in
1492 3597 1602 3666 quibus·

248 3681 311 3737 dam
330 3681 437 3751 deiecit,
456 3689 484 3735 et
501 3683 590 3751 ipsum
609 3683 813 3741 enharmonium
830 3700 895 3738 vero
914 3683 1007 3739 dedita
1025 3698 1108 3752 opera
1125 3681 1178 3737 fnit
1195 3684 1382 3748 comparatum
1399 3674 1433 3730 ad
1451 3674 1602 3737 mollitiem,
1638 3684 1640 3693 ’

248 3761 407 3830 videturque
424 3759 471 3814 illa
490 3759 652 3815 chordarum
670 3761 883 3818 condensatione
900 3777 952 3815 vox
971 3760 1085 3816 tremula
1103 3759 1209 3814 effecta.
1246 3758 1321 3812 Haec
1333 3769 1394 3809 mea
1409 3760 1452 3807 est
1465 3754 1603 3808 sententia

247 3839 283 3894 de
307 3840 410 3908 origine
434 3841 516 3895 trium
539 3856 670 3908 generum
693 3849 791 3897 cantus
815 3842 888 3912 apud
907 3848 1021 3895 veteres.
1059 3841 1099 3893 De
1117 3837 1225 3892 duobus
1246 3851 1310 3890 tero
1328 3829 1473 3902 generibus
1496 3839 1602 3891 cantus,

249 3917 316 3973 duro
335 3927 363 3972 et
381 3918 469 3986 molli,
494 3935 564 3989 quae
583 3928 610 3975 et
628 3920 801 3976 Ptolemaeus
817 3921 898 3990 juxta
915 3918 989 3974 illam
1006 3917 1163 3974 divisionem
1182 3921 1304 3970 veterum
1330 3909 1455 3979 agnoscit
1472 3916 1500 3963 et
1518 3909 1603 3964 nomi·

247 4002 296 4053 nat
313 4004 340 4053 et
358 3997 508 4067 dequibus
526 4014 577 4066 ego
597 4015 649 4069 ago
667 4014 728 4068 cap.
746 4001 771 4055 6.
790 3998 835 4053 lib.
853 3999 904 4067 111,
922 4013 966 4053 res
985 4004 1028 4052 est
1045 3996 1126 4066 louge
1144 3995 1211 4059 alia,
1229 4010 1284 4050 non
1301 3992 1373 4048 enim
1391 3988 1533 4043 arbitrium
1549 3989 1601 4043 hu·

247 4091 364 4145 manum,
382 4093 437 4131 non
455 4079 562 4134 occasio
580 4078 678 4150 aliqua,
697 4078 746 4134 sed
763 4079 824 4147 ipsa
841 4092 931 4131 rerum
949 4082 1047 4131 natura
1064 4076 1112 4131 illa
1123 4081 1258 4129 monstrat
1276 4079 1305 4127 et
1321 4073 1393 4125 inter
1406 4083 1436 4123 se
1448 4065 1600 4135 distinguit.

249 4153 303 4210 Sed
321 4155 349 4223 in
366 4170 495 4224 praesens
512 4171 670 4213 maneamus
687 4158 715 4213 in
732 4157 877 4227 generibus
895 4155 983 4211 tribus
1001 4162 1130 4211 veterum.
1511 4222 1518 4236 .

335 4233 476 4302 Quomodo
493 4234 576 4304 igitur
596 4236 642 4292 bic
659 4237 773 4293 virtutes
791 4252 842 4292 nos
860 4235 1095 4305 comparabimus?
1130 4231 1269 4301 Numquid
1293 4230 1345 4299 sic,
1370 4226 1443 4300 quod
1461 4230 1519 4279 tom
1536 4242 1601 4294 per·

248 4310 330 4367 sectio
348 4313 478 4371 scientiae
496 4317 633 4386 perfectae
651 4332 810 4388 summoque
828 4316 911 4386 rigori
934 4315 963 4370 in
980 4314 1100 4369 moribus
1118 4312 1225 4382 similis,
1253 4316 1280 4366 et
1299 4310 1372 4383 qnod
1389 4321 1485 4381 peccat
1506 4313 1535 4368 in
1553 4329 1602 4367 na·

249 4396 350 4461 turam,
369 4391 416 4460 qui
434 4395 524 4450 omnia
541 4395 599 4451 nult
617 4394 849 4466 comprehendere
867 4393 1056 4462 scientialiter,
1081 4392 1127 4464 qui
1146 4408 1208 4446 cum
1226 4391 1350 4447 omnibns
1368 4394 1428 4448 vult
1444 4392 1601 4449 conversari

248 4469 346 4540 stoice,
369 4470 491 4528 laconice
515 4475 543 4530 in
561 4476 650 4532 verbis
668 4484 696 4531 et
712 4476 793 4532 factis
811 4482 840 4532 et
858 4473 1012 4544 disciplina,
1037 4473 1126 4528 omnia
1150 4488 1255 4527 summo
1270 4471 1333 4539 jure
1351 4487 1494 4542 peragere,
1518 4488 1600 4526 suum

249 4548 331 4603 armis
349 4556 377 4604 et
394 4553 421 4606 vi
437 4558 574 4626 repetere,
597 4571 659 4609 cum
676 4554 705 4610 id
722 4570 777 4610 non
794 4554 865 4609 ierat
882 4555 926 4609 rel
944 4553 1064 4609 omnium
1080 4567 1170 4607 rerum
1188 4560 1287 4607 natura
1307 4552 1351 4606 vel
1369 4552 1456 4607 omnis
1474 4552 1531 4605 vita
1547 4552 1599 4605 bn·

248 4644 339 4699 mana,
366 4647 428 4686 cunt
453 4642 551 4690 natura
571 4634 633 4704 ipsa
654 4634 769 4690 suadem
791 4633 1052 4702 temperamentum?
1089 4632 1212 4701 Denique
1235 4633 1308 4702 quod
1335 4632 1391 4687 sint
1411 4630 1496 4701 aliqui
1522 4628 1600 4684 habi·

249 4712 306 4776 tus,
325 4718 437 4779 aparte
455 4711 593 4767 hominum
611 4704 660 4781 pr'o
677 4710 823 4767 mutibus
840 4709 940 4779 babiti,
970 4712 1018 4782 qui
1035 4719 1151 4781 peccant
1167 4710 1195 4763 in
1214 4710 1340 4765 deiectu?
1376 4709 1422 4765 Sic
1438 4717 1481 4764 est
1506 4706 1599 4777 topica

250 4781 284 4837 de
302 4788 384 4842 rebus
402 4788 479 4843 seriis
497 4796 525 4844 et
541 4789 697 4845 scientificis
716 4787 880 4860 disputatio;
904 4789 943 4844 sic
965 4789 1127 4857 humanitas,
1145 4787 1248 4858 cultus,
1273 4788 1423 4844 aulicorum
1440 4802 1545 4854 moras,
1569 4788 1596 4841 in

250 4864 319 4935 νῆας
338 4867 378 4922 sic
394 4866 529 4961 leatania
543 4884 650 4924 morum
666 4876 696 4925 et
712 4872 863 4940 verborum,
881 4869 1039 4938 eloquentia
1050 4870 1177 4939 mistim,
1196 4867 1235 4924 sic
1247 4883 1292 4923 ars
1303 4867 1419 4937 manu,
1437 4867 1476 4921 sic
1488 4865 1596 4936 lenitas,
