3567 5625
8 583 30 1678 μὴ’-Ἣ
13 210 33 562 infinum-on--oae-o‘
17 111 32 196 ί-’.ι
18 75 32 98 Α.
18 0 32 56 α.-

497 419 627 482 124
1388 402 1472 491 De
1506 435 1832 507 Figura-um
1866 442 2309 501 amonim-um

2290 624 2495 688 Tertio.
2530 644 2673 685 unus
2692 631 2991 700 trigonicus
3014 638 3072 687 et
3092 639 3208 689 tm·

2111 706 2434 775 tetragonici
2482 709 2657 764 minus
2703 710 2910 765 habent
2952 713 2989 768 4
3022 713 3204 768 rectis.

2104 784 2210 837 Hic
2254 799 2384 852 ergo
2422 795 2732 857 congruunt
2779 790 2815 844 8
2847 789 3111 858 trianguli
3148 801 3205 846 et

1840 887 1978 923 Ξ
2103 862 2175 917 18
2208 863 2282 925 (id
2317 869 2403 920 est
2443 865 2507 920 12
2545 876 2600 921 et
2636 869 2686 929 6)
2720 869 3097 940 quadrangula
3128 871 3201 926 ad

1860 935 1868 944 ’
1992 967 2010 1006 1
2104 960 2271 999 unum
2295 942 2763 1016 icosihexaedrom
2801 947 2948 1017 quod
2981 950 3204 1019 appello

1928 1015 2012 1095 025'11.
2105 1031 2372 1080 sectum
2441 1023 2798 1079 rhombum
2877 1028 3006 1082 cub
3025 1036 3204 1084 octa·

1924 1100 1980 1174 ..ξιξ-μ’
2008 1102 2028 1159 ζ.
2105 1103 2305 1160 endi-ic
2323 1118 2420 1157 um
2451 1100 2535 1157 vel
2562 1103 3201 1162 rhombicuboctsedron.

1920 1168 2033 1256 3¹¹¹
2105 1182 2292 1236 Pictus
2327 1188 2414 1235 est
2447 1180 2534 1234 hic
2572 1198 2798 1238 numero
2833 1185 2941 1240 23⁸.

1936 1248 1940 1263 '
2278 1260 2343 1314 In
2367 1259 2450 1313 his
2477 1259 2648 1330 igitur
2678 1262 2855 1318 tribus
2881 1272 3010 1319 sunt
3031 1271 3202 1320 tetra·

2104 1341 2231 1407 goni
2260 1342 2425 1408 juxta
2459 1343 2733 1409 trigonos:
2773 1342 3019 1411 sequitur
3049 1347 3112 1398 ut
3147 1354 3205 1400 et

2105 1419 2499 1487 pentagonicos
2518 1420 2586 1474 iis
2607 1421 2837 1478 seorsim
2853 1424 3199 1481 mocimus.

2278 1497 2532 1566 Quinque
2568 1498 2720 1568 plani
2753 1500 3005 1568 trigonici
3036 1502 3202 1569 Juxta

485 1606 650 1645 unum
687 1587 1107 1659 pentagonicum
1159 1599 1268 1639 non
1317 1587 1483 1649 stant,
1548 1581 1675 1648 quia
1710 1595 1888 1650 neque
1933 1557 2096 1649 ,inita
2131 1580 2391 1633 minorem
2426 1592 2515 1645 e0,
2570 1578 2966 1645 tetragonicum
2981 1622 2995 1649 ‚
3054 1589 3201 1636 stare

479 1676 749 1738 poterant.
824 1668 1078 1737 Quatuor
1130 1677 1258 1730 ergo
1311 1660 1564 1731 trigonici
1613 1678 1735 1717 cum
1781 1678 1889 1716 uno
1939 1659 2302 1731 pentagonico
2350 1657 2529 1712 minus
2582 1657 2832 1712 efficiunt
2876 1659 2912 1712 4
2946 1659 3107 1713 rectis
3146 1667 3203 1715 et

480 1752 787 1815 congruunt
822 1746 893 1801 80
929 1744 1005 1812 (id
1042 1750 1128 1799 est
1150 1743 1219 1796 20
1256 1748 1312 1797 et
1347 1741 1435 1808 60)
1471 1740 1670 1808 trigoni
1709 1756 1833 1794 cum
1879 1740 1943 1796 12
1968 1738 2309 1810 pentagonis,
2336 1734 2405 1790 ad
2432 1735 2779 1790 formandum
2802 1747 3199 1811 enneneconts·

476 1826 843 1895 kaedyedron,
882 1822 1029 1893 quod
1067 1821 1285 1892 appello
1322 1819 1812 1875 dodecaedron
1849 1818 2098 1874 simum.
2169 1816 2419 1886 Pingitur
2452 1814 2543 1868 hic
2595 1830 2820 1870 numero
2859 1816 2968 1871 23⁴.
3032 1817 3109 1872 Et
3143 1819 3196 1871 in

463 1906 582 1960 hoc
618 1903 807 1957 ordine
845 1904 1102 1957 simorum
1141 1898 1460 1956 icosaedron
1496 1906 1688 1968 posset
1725 1912 1847 1952 esse
1883 1897 2120 1966 tertium,
2158 1894 2304 1963 quod
2329 1903 2414 1947 est
2449 1896 2607 1963 qussi
2641 1894 2955 1949 teti-cedron
2985 1895 3197 1952 simum.

651 1981 788 2038 Tres
824 1982 1018 2051 planos
1055 1982 1352 2051 trigonicos
1401 1978 1448 2031 si
1483 1977 1577 2030 uni
1614 1974 1977 2045 pentagonico
2027 1972 2406 2038 associaveris,
2460 1972 2524 2026 fit
2558 1973 2704 2041 quod
2745 1989 2937 2041 supra,
2990 1981 3055 2029 ut
3091 1977 3197 2032 duo

475 2061 651 2116 solum
686 2061 1030 2130 pentagonici
1083 2060 1303 2115 veniant
1337 2058 1393 2110 in
1431 2055 1689 2123 solidum3
1745 2062 1801 2108 et
1839 2052 1886 2107 si
1941 2051 2079 2106 duos
2125 2052 2422 2121 trigonicos
2473 2052 2565 2105 uni
2605 2054 2999 2123 pentagonico,
3051 2056 3198 2109 venit

476 2155 615 2195 unus
652 2138 802 2193 solus
838 2146 1183 2207 pentagonus
1218 2139 1274 2191 in
1312 2136 1570 2198 solidum,
1617 2131 1792 2201 fitque
1829 2131 1942 2185 illic
1976 2145 2116 2184 zona
2151 2129 2237 2184 vel
2276 2129 2530 2186 columna
2564 2131 2768 2201 media,
2816 2132 2907 2187 hic
2941 2135 3194 2219 pyramis,

473 2224 658 2287 partes
694 2215 959 2272 icosaedri
998 2217 1161 2287 (Pp),
1198 2230 1297 2270 nec
1334 2212 1520 2283 anguli
1552 2210 1712 2266 solidi
1749 2218 1880 2264 sunt
1915 2209 2005 2263 hic
2039 2207 2284 2276 ejusdem
2323 2211 2553 2280 speciei,
2599 2210 2728 2279 quia
2762 2225 2902 2267 unus
2938 2213 3192 2284 ambitur,

471 2305 531 2351 ut
567 2297 625 2351 in
660 2294 967 2363 icosuedm,
1025 2296 1266 2363 quinque
1312 2291 1609 2361 trigonicis.
1683 2290 1759 2344 Et
1802 2295 2137 2345 transactum
2174 2294 2260 2343 est
2305 2305 2430 2344 cum
2464 2288 2629 2345 unico
2672 2290 3053 2359 pent-genico.
3125 2296 3197 2348 At

732 2411 832 2458 m,
860 2406 947 2449 23⁵.
1202 2379 1317 2427 tres
1353 2370 1603 2438 trigonici
1641 2386 1762 2425 cum
1803 2369 2013 2426 duobus
2051 2367 2425 2437 pentagonicis
2475 2370 2600 2437 pius
2646 2369 2893 2424 efficiunt
2928 2373 2963 2426 4
2996 2372 3177 2427 rectiS.

776 2514 795 2517 „
1209 2452 1566 2507 Transaotum
1600 2450 1768 2519 igitur
1803 2456 1887 2504 est
1921 2464 2043 2504 cum
2078 2447 2252 2502 tribus
2276 2447 2554 2516 trigonicis
2582 2449 2639 2502 in
2663 2448 2979 2504 societatem
3002 2457 3190 2518 penta-

1209 2532 1522 2598 gonicorum
1571 2528 1955 2584 adsciscendis.
2027 2528 2150 2581 Duo
2199 2526 2451 2597 trigonici
2508 2543 2633 2581 cum
2673 2526 2886 2603 duobus
2933 2536 3192 2598 pentago-

1213 2611 1347 2665 nicis
1395 2610 1572 2663 minus
1611 2608 1854 2664 efficiunt
1901 2608 1933 2661 4
1974 2607 2153 2661 rectis.
2225 2606 2548 2676 Congruunt
2581 2608 2748 2675 igitur
2794 2608 2864 2664 20
2898 2608 3098 2676 trigoni
3135 2618 3195 2664 et

916 2723 932 2735 Ξ
1216 2689 1278 2743 12
1306 2686 1604 2756 pentagoni
1629 2686 1684 2739 in
1711 2701 1879 2740 unum
1898 2684 2536 2754 triacontakaodyedron,
2573 2688 2721 2753 quod
2747 2687 2965 2758 appello
2998 2688 3196 2745 icosi-

904 2759 932 2835 „J
1079 2767 1096 2818 ss
1208 2765 1708 2823 dodecaedron.
1746 2766 1996 2833 Pingitur
2020 2765 2108 2820 hic
2128 2780 2358 2820 numero
2385 2765 2495 2821 2³³.
2537 2767 2671 2822 Cum
2693 2783 2806 2823 uno
2829 2768 3194 2838 pentagonico

1084 2864 1088 2876 ·
1210 2846 1346 2901 duos
1382 2846 1680 2915 trigonicos
1710 2847 1825 2913 jam
1863 2845 2166 2913 rejecimus,
2203 2853 2537 2900 transactum
2573 2845 2739 2914 igitur
2780 2855 2866 2902 est
2903 2864 3026 2903 cum
3062 2846 3193 2903 duo·

1206 2923 1308 2979 bus
1344 2925 1591 2992 trigonis.

1380 3005 1534 3060 Unus
1569 3002 1870 3071 trigonicus
1906 3019 2029 3058 cum
2066 3003 2240 3058 tribus
2264 3005 2641 3074 pentagonicis
2677 3005 2804 3075 plus
2837 3023 3003 3076 quam
3029 3009 3063 3063 4
3081 3024 3195 3062 rec·

1202 3091 1292 3139 tos
1327 3083 1512 3150 efficit,
1551 3099 1675 3138 cum
1710 3082 1927 3137 duobus
1961 3098 2091 3137 vero
2127 3097 2228 3152 per
2260 3085 2347 3140 23.
2382 3085 2519 3139 nihil
2551 3086 2817 3155 regulae,
2855 3086 2983 3157 quin
3004 3096 3196 3157 penta·

1200 3178 1376 3232 gonus
1415 3168 1498 3216 est
1533 3159 1708 3228 figura
1740 3159 2124 3229 imparilatora.
2200 3162 2397 3232 Sicque
2420 3171 2761 3220 transactum
2795 3172 2882 3221 est
2905 3183 3028 3222 cnm
3064 3184 3206 3236 pen-

466 3233 681 3297 tagonis
711 3237 772 3292 in
810 3243 1080 3299 societate
1120 3243 1476 3314 trigonorum.

643 3314 917 3387 Trigonici
954 3330 1201 3390 quatuor
1236 3339 1357 3377 cum
1393 3337 1502 3376 uno
1542 3318 1884 3387 hexagonico
1923 3325 1980 3373 et
2016 3317 2126 3373 duo
2162 3320 2538 3377 cum-duobus
2576 3323 2927 3392 hexagonicis
2971 3326 3200 3394 implent

466 3389 776 3466 planitiem3
819 3406 877 3454 at
910 3407 1023 3456 tres
1065 3418 1186 3457 cum
1224 3401 1438 3457 duobus
1475 3404 1604 3454 sunt
1640 3398 1878 3467 majores
1913 3399 1948 3451 4
1983 3399 2165 3468 rectis,
2201 3416 2322 3455 cum
2358 3416 2468 3455 uno
2495 3400 2837 3472 hexagonico
2873 3402 3011 3458 duos
3048 3405 3196 3462 solos

726 3505 823 3555 ΗΚ,
853 3505 939 3548 2³⁶.
1118 3514 1125 3524 ι
1202 3482 1522 3550 hexagonos
1558 3478 1614 3531 in
1650 3475 1878 3543 figuram
1913 3477 2207 3547 recipiunt:
2247 3478 2463 3545 rejectis
2499 3480 2664 3547 igitur
2696 3480 2870 3536 tribus
2897 3481 3195 3558 trigonicis‚

1207 3561 1316 3616 duo
1353 3565 1482 3614 sunt
1517 3556 1773 3625 aequales
1810 3556 1905 3609 uni
1938 3555 2301 3626 hexagonico‚
2349 3572 2521 3626 quare
2561 3558 2755 3625 rejecti
2798 3575 2897 3629 per
2932 3560 3017 3615 22.
3084 3563 3193 3618 Re·

1206 3647 1314 3695 stat
1351 3645 1413 3693 ut
1449 3653 1590 3692 unus
1615 3636 1914 3706 trigonicus
1951 3652 2073 3691 cum
2101 3637 2319 3691 duobus
2337 3635 2692 3702 hexagonicis
2722 3639 3023 3708 copuletur.
3084 3643 3192 3697 Its-

1203 3734 1309 3787 que
1345 3721 1653 3784 congruunt
1689 3722 1723 3767 4
1760 3713 1958 3783 trigoni
1995 3730 2117 3769 cum
2151 3716 2186 3768 4
2222 3715 2524 3784 hexagonis
2571 3716 2630 3770 in
2665 3732 2835 3772 unum
2872 3720 3193 3790 octaedron,

807 3831 1048 3867 -522÷--::;:;=.
1076 3859 1080 3863 ἦ
1205 3795 1349 3866 quod
1375 3795 1593 3863 appello
1615 3800 1929 3849 truncum
1955 3794 2372 3850 tetraedron.
2409 3795 2659 3863 Pingitur
2681 3812 2906 3852 numero
2921 3798 3035 3854 23⁶.
3074 3801 3196 3855 Tri-

903 3939 1016 3944 -
1204 3875 1379 3945 goniei
1416 3881 1653 3942 quatuor
1686 3890 1810 3928 cum
1849 3890 1956 3928 uno
1992 3870 2354 3941 heptagonico
2411 3880 2468 3927 et
2507 3874 2804 3942 majoribus
2851 3886 3117 3947 superant
3150 3881 3186 3933 4

1205 3962 1405 4022 rectos,
1442 3951 1595 4006 nulla
1629 3952 1794 4019 igitur
1823 3968 1986 4020 porro
2023 3953 2225 4006 mentio
2275 3951 2526 4007 facienda
2570 3959 2656 4007 est
2701 3962 2935 4023 quatuor
2971 3956 3195 4025 trigoni·

1028 4028 1039 4038 “’
1096 4028 1102 4056 ³
1205 4046 1422 4100 corum;
1459 4029 1609 4084 nulla
1645 4030 1809 4084 etism
1848 4031 2026 4100 trium,
2064 4032 2134 4088 ob
2177 4048 2372 4089 causus
2398 4047 2562 4101 saepe
2598 4032 2890 4102 allegatas;
2928 4033 3035 4090 duo
3062 4051 3192 4091 yeuro

1201 4126 1324 4165 cum
1359 4111 1655 4179 figurarum
1693 4107 1980 4177 hexagono
2018 4110 2282 4179 majorum
2320 4113 2463 4169 binis
2498 4113 2675 4182 planis
2712 4121 2973 4182 superant
3005 4113 3039 4167 4
3076 4130 3193 4171 rec-

1198 4199 1309 4257 tos,
1346 4189 1500 4245 nulls
1533 4186 1700 4255 igitur
1734 4202 1910 4255 neque
1946 4185 2174 4244 duorum
2209 4206 2374 4259 porro
2406 4198 2494 4247 est
2528 4191 2778 4265 facienda.
2824 4192 3028 4248 mentio
3066 4210 3191 4250 cum

1204 4267 1555 4337 binis,planis
1590 4266 1797 4334 figurae
1835 4267 2071 4337 majoris,
2109 4283 2210 4323 nec
2235 4268 2474 4325 duorum'
2501 4287 2621 4327 cum
2658 4286 2767 4325 uuo
2791 4269 3192 4341 plsnojigurae

1207 4346 1445 4415 majoris,
1483 4346 1612 4413 quia
1644 4346 1722 4400 illi
1745 4354 2089 4416 superantur
2124 4352 2195 4406 ab
2230 4350 2354 4413 hoc,
2390 4351 2535 4418 quod
2575 4350 2834 4418 rejectum
2870 4357 2957 4405 est
2992 4369 3079 4405 ax.
3105 4354 3190 4408 22.

1205 4427 1400 4481 Restat
1447 4425 1838 4481 examinandus
1892 4427 1982 4483 hic
2032 4442 2218 4496 casus,
2265 4445 2388 4483 cum
2434 4443 2574 4483 unus
2625 4426 2923 4495 trigonicus
2976 4427 3193 4486 duobus

978 4519 1012 4551 ref
1048 4535 1052 4566 1
1089 4511 1136 4559 ”;··
1202 4505 1378 4573 planis
1415 4505 1622 4575 figurae
1658 4506 1879 4575 majoris
1927 4506 2217 4574 hexagona
2253 4507 2567 4576 copulatum
2613 4507 2766 4574 utqui
2815 4523 2937 4562 cum
2975 4506 3191 4565 duobus

692 4619 756 4627 —-
904 4579 920 4599 ·“
960 4587 964 4591 “
1008 4575 1134 4627 Ξ
1201 4585 1579 4653 heptagonicis
1616 4585 1864 4653 rejicitur
1893 4601 1995 4655 per
2029 4585 2114 4654 23,
2167 4594 2229 4641 ut
2264 4592 2320 4641 et
2365 4602 2486 4640 cum
2526 4585 2762 4639 omnium
2799 4585 3193 4655 imparilatera·

1198 4678 1313 4716 rum
1352 4661 1583 4729 duobus,
1621 4677 1744 4717 cum
1766 4662 1978 4720 duobus
1996 4679 2124 4720 vero
2151 4666 2484 4734 octogonicis
2504 4664 2566 4719 fit
2588 4680 2802 4732 corpus,
2838 4665 2897 4719 in
2928 4679 3037 4734 quo
3062 4681 3188 4724 con·

1088 4736 1092 4740 ’
1200 4747 1403 4808 gruunt
1447 4742 1483 4796 8
1519 4741 1716 4808 trigoni
1759 4746 1817 4796 et
1862 4743 1896 4798 6
1930 4745 2183 4812 octogoni
2234 4746 2292 4801 in
2329 4761 2493 4800 unum
2542 4742 3189 4812 tessaraksedecaedron,

1208 4819 1355 4887 quod
1392 4818 1608 4889 appello
1646 4820 1771 4875 cub
1793 4836 1892 4875 um
1939 4827 2275 4880 truncum.
2349 4823 2486 4891 Ejus
2523 4822 2750 4891 figuram
2801 4822 2972 4878 habes
3009 4823 3188 4894 signa-

1210 4905 1324 4954 tam
1358 4915 1504 4955 num.
1541 4899 1652 4956 23⁷.
1720 4902 1856 4958 Cum
1890 4900 2104 4961 duobus
2141 4902 2485 4973 decagonioia
2507 4902 2572 4958 fit
2595 4918 2810 4972 corpus,
2846 4904 2903 4959 in
2927 4919 3034 4974 quo
3060 4918 3188 4960 con-
