3567 5625
280 441 346 499 436
750 431 916 504 appendicis
935 431 1161 488 Harmonicorum

217 617 223 632 “
281 620 311 672 ιι
331 614 412 672 irrito
435 612 544 689 impetu
576 613 749 672 transvolas.
794 612 878 673 More
911 622 1060 689 receptum
1090 630 1153 673 esse
1181 614 1275 683 nosti,
1306 612 1331 669 si
1354 610 1463 686 dogma
1484 607 1630 685 quoddam

282 703 355 760 bene
377 700 538 758 stabilitum
562 710 615 770 est,
640 709 673 759 ut
694 717 760 759 cum
784 701 1000 775 objectionibus
1023 709 1126 777 postea
1140 699 1301 759 levioribus
1319 701 1505 773 transigatur.
1543 696 1631 755 Cam·

280 804 391 865 panae,
416 790 527 862 inquis,
551 790 580 844 in
605 788 720 865 templis
744 789 860 846 minime
884 787 972 847 silent
992 790 1022 844 in
1045 790 1231 864 oppositione
1254 786 1355 845 Lunae
1379 802 1444 844 cum
1468 782 1630 855 malevolis,

258 884 364 952 ,peste
387 883 548 950 grassante.
594 874 624 934 Si
649 878 722 934 bene
746 875 880 951 conjicio,
905 883 935 933 tu
959 879 1071 951 patriae
1094 887 1161 933 ιιιιιι
1185 892 1294 933 morem
1319 874 1366 931 bie
1380 876 1486 949 tangis,
1511 874 1630 947 inqua,

280 965 330 1039 qui
353 964 473 1020 suntin
497 979 592 1037 agone
616 964 776 1034 constituti,
801 966 820 1019 ii
844 980 1005 1040 campanae
1028 966 1111 1039 signo
1127 965 1281 1039 impetrato
1299 960 1433 1037 publicas
1448 975 1549 1035 preces
1571 958 1631 1016 sol·

279 1050 402 1108 licitant.
446 1049 511 1107 Non
536 1061 615 1108 caret
637 1050 710 1109 haec
734 1050 902 1109 observatio
925 1050 1011 1108 laude
1034 1068 1089 1108 sua
1113 1049 1281 1125 diligentiae
1306 1057 1335 1106 et
1356 1049 1630 1122 circumspectionis.

279 1136 357 1195 Illud
380 1138 469 1196 etiam
491 1135 659 1215 philosophi
682 1140 829 1195 remittent
850 1140 981 1196 moribus
1004 1137 1198 1212 astrologicae
1214 1135 1394 1213 disciplinae,
1419 1133 1497 1210 quod
1521 1135 1560 1192 ab
1576 1134 1632 1192 hoo

280 1223 384 1283 effectu
408 1225 610 1299 oppositiones
632 1223 757 1283 lethales
780 1232 809 1283 et
833 1226 977 1284 violentas
1001 1225 1142 1302 appellas,
1167 1228 1223 1284 etsi
1246 1226 1297 1300 qui
1320 1239 1366 1280 me
1385 1222 1476 1295 audit,
1501 1220 1550 1279 ille
1573 1238 1630 1279 non

280 1314 375 1386 magis
399 1313 608 1387 oppositiones,
632 1329 720 1387 quam
743 1312 791 1370 vel
813 1312 937 1371 haustus
959 1321 1135 1389 purgantes,
1158 1312 1312 1389 clysteres,
1337 1312 1491 1368 vomitoria
1514 1308 1561 1366 vel
1585 1309 1630 1366 di·

280 1401 457 1458 minutiones
480 1401 632 1474 sanguinis
655 1397 779 1458 lethales
803 1408 832 1459 et
855 1399 1001 1458 violentas
1027 1400 1111 1458 dicct.

369 1485 447 1545 Vera
470 1489 547 1544 enim
570 1495 638 1544 sunt
661 1487 791 1563 epitheta
814 1486 850 1545 de
873 1486 1098 1563 particularibus
1120 1484 1270 1544 nonnullis
1293 1485 1461 1554 eventibus,
1489 1481 1583 1552 salsa,
1606 1485 1629 1541 si

281 1574 330 1633 vel
354 1582 488 1631 naturam
510 1573 613 1631 barum
637 1591 739 1645 reram,
763 1573 811 1632 vol
835 1577 976 1632 intentum
1000 1577 1127 1632 auctoris
1150 1581 1274 1650 spectes.
1319 1571 1406 1646 Legis
1434 1569 1479 1627 his
1503 1587 1631 1628 consona

183 1663 186 1668 ’
280 1661 331 1720 fol.
358 1661 421 1719 260
445 1659 509 1718 libri
534 1663 590 1719 mei
614 1660 666 1718 IV.
714 1661 789 1736 Ergo
814 1671 844 1719 ιιι
867 1662 942 1719 hanc
965 1661 1159 1738 antipathiam
1181 1660 1330 1738 appellas,
1356 1656 1554 1736 sympathiam
1577 1675 1630 1716 ne·

239 1819 242 1830 Ι
279 1765 344 1824 gas.
391 1746 454 1805 Imo
478 1750 597 1823 inquam
622 1765 691 1822 ego:
716 1750 741 1804 si
764 1766 829 1807 cum
852 1748 1010 1824 astrologis
1026 1749 1180 1824 loquimur,
1204 1766 1284 1806 mera
1305 1747 1378 1807 baec
1394 1753 1439 1805 ιιι
1453 1744 1629 1822 sympathia,

280 1837 323 1908 si,
358 1851 417 1909 quo
441 1833 678 1912 temporalibus
708 1834 890 1908 aSaturno,
925 1853 1013 1911 aeger
1036 1845 1222 1913 oppugnatur
1245 1854 1263 1892 a
1285 1836 1402 1907 morbo,
1433 1835 1508 1905 uisi,
1541 1835 1630 1890 missa

280 1919 450 1981 coelestium
475 1932 504 1981 et
527 1922 728 1980 sublunarium
751 1925 985 1991 consociatione,
1015 1923 1112 1982 sidera
1132 1926 1253 1982 seorsim
1281 1920 1462 1990 consideras,
1495 1922 1551 1977 nisi
1576 1920 1630 1978 boc

281 2008 431 2068 adscribas
454 2009 609 2067 radiationi
632 2027 667 2067 ex
691 2013 843 2085 opposito,
875 2010 955 2098 quod
983 2019 1051 2069 tnnc
1074 2010 1216 2068 Saturnus
1246 2017 1275 2068 et
1299 2009 1383 2067 launa
1413 2010 1487 2066 inter
1511 2023 1543 2066 se
1568 2006 1629 2065 dis-

240 2145 242 2152 ,
278 2095 403 2155 uideant.
448 2098 540 2172 Atqui
570 2113 606 2154 ne
628 2098 670 2155 sic
701 2096 817 2172 quidem
851 2099 1001 2176 oppositio
1024 2099 1149 2156 sustinet
1177 2097 1357 2174 antipathiac
1388 2098 1506 2176 crimen.
1553 2093 1628 2152 Nam

280 2184 354 2242 haec
376 2183 549 2258 antipathia,
573 2187 764 2243 sciscentibus
786 2183 953 2258 astrologis,
977 2203 1028 2263 per
1051 2193 1183 2243 naturam
1204 2186 1280 2243 inest
1302 2183 1456 2253 sideribus,
1480 2198 1516 2240 ac
1539 2198 1629 2258 prop·

280 2277 362 2330 teras
383 2287 441 2328 non
466 2273 494 2327 in
518 2274 703 2347 oppositione
726 2271 821 2330 solum
845 2280 938 2343 tenet,
972 2271 1024 2331 sed
1047 2274 1135 2332 etiam
1159 2276 1186 2328 iu
1210 2270 1403 2347 quadratura,
1433 2273 1461 2326 in
1486 2268 1629 2344 conjuac-

279 2360 369 2419 tione.
414 2357 457 2415 Fax
480 2356 605 2416 adverso
629 2358 667 2417 da
691 2358 851 2417 beneficum
874 2360 1030 2434 planetam,
1053 2360 1125 2417 nibil
1142 2361 1195 2418 ιιιι
1218 2361 1248 2416 in
1270 2358 1334 2434 ejus
1356 2359 1541 2434 oppositione
1565 2373 1629 2415 cum

280 2444 365 2503 Luna
387 2445 522 2519 periculi,
554 2462 613 2522 quo
638 2445 673 2504 dc
696 2456 832 2504 moneant
855 2445 1008 2522 astrologi.
1057 2447 1121 2505 Non
1144 2455 1189 2506 est
1212 2464 1281 2522 ergo
1311 2447 1339 2503 ιιι
1362 2446 1549 2520 oppositione
1573 2446 1629 2503 sita

280 2549 374 2608 neque
398 2532 566 2607 sympathia
588 2550 682 2608 neque
706 2533 878 2609 antipathia,
906 2533 956 2592 sed
981 2537 1058 2592 vires
1081 2534 1176 2593 solum
1200 2533 1383 2592 efficacitatis
1405 2531 1541 2606 maj0rcs.

284 2619 288 2626 ’
368 2620 458 2694 Atqui
489 2620 546 2678 boc
570 2623 663 2695 ipsum
688 2628 748 2692 est,
781 2619 860 2696 quod
892 2637 957 2678 cum
981 2625 1173 2681 consonantia
1204 2639 1308 2682 vocum
1340 2619 1502 2694 comparari
1532 2616 1627 2676 debet

280 2705 367 2780 Quod
391 2708 467 2764 enirn
491 2721 534 2766 est
559 2708 587 2764 in
610 2707 725 2781 angulis
754 2707 912 2766 efficacitas
921 2753 930 2787 ‚
954 2709 1010 2769 boc
1032 2721 1077 2768 est
1105 2713 1134 2766 iu
1158 2709 1281 2767 vocibus
1308 2707 1514 2779 consonantia,
1548 2702 1627 2780 quod

279 2792 340 2852 illic
374 2793 577 2865 inefficacius,
611 2793 639 2851 id
669 2794 717 2854 hio
749 2803 794 2853 ιιι
824 2794 1015 2855 dissonantia.
1058 2795 1134 2855 Nam
1161 2797 1215 2855 etsi
1246 2794 1406 2873 particulae
1437 2811 1493 2854 con
1524 2800 1553 2852 ιι
1585 2792 1628 2850 dir

278 2883 515 2941 contrarietatem
539 2884 705 2952 insinuant,
731 2901 788 2940 non
812 2892 977 2943 esttamen
1004 2902 1075 2944 vera
1098 2885 1287 2944 contrarietas
1310 2886 1384 2941 inter
1407 2883 1627 2940 consonantiam

281 2976 310 3027 et
338 2967 565 3041 dissonantiam,
594 2969 646 3027 sed
675 2972 821 3044 oppositio
850 2971 974 3047 simplex
998 2971 1238 3043 contradictoria,
1271 2987 1329 3035 uon
1358 2972 1386 3027 in
1417 2968 1483 3027 idea
1514 2977 1627 3026 tantum

281 3056 356 3114 inter
388 3057 528 3130 angulum
557 3058 752 3130 geometricae
784 3056 1008 3133 pulchritudinis
1040 3062 1158 3118 unicum
1189 3067 1218 3117 et
1240 3058 1368 3116 infinitos
1399 3073 1454 3115 non
1479 3055 1626 3131 pulchros,

281 3140 333 3201 sed
365 3145 452 3200 etiarn
480 3145 509 3200 ιιι
540 3144 642 3202 effectu
672 3142 874 3204 delectationis
905 3158 934 3203 et
956 3145 1124 3205 offensionis
1152 3147 1274 3205 aurium.
1319 3145 1395 3203 Nam
1428 3147 1450 3201 si
1475 3142 1627 3217 diligenter

281 3228 431 3302 attendas,
464 3232 527 3306 ipso
551 3247 693 3289 concursu
716 3247 853 3290 sonorum
884 3227 941 3291 nou
964 3236 1058 3308 inagis
1082 3232 1235 3293 offenditur
1265 3231 1394 3304 auditus,
1428 3234 1452 3289 si
1476 3232 1541 3288 soni
1567 3229 1626 3287 dis-

280 3326 394 3390 sonent,
418 3319 553 3392 quamsi
577 3327 746 3390 consonent,
779 3336 833 3378 ιιιι
855 3318 947 3378 ullam
967 3335 986 3379 a
1009 3322 1189 3380 dissonantia
1214 3324 1378 3396 passionem
1400 3320 1526 3377 sustinet
1556 3334 1627 3375 con·

282 3406 398 3463 uariant
419 3404 625 3480 delectationi,
648 3406 700 3464 sed
722 3405 788 3465 ideo
812 3407 908 3465 solum
931 3406 1011 3466 dolet
1034 3410 1071 3467 ob
1095 3408 1306 3480 dissonantias,
1330 3410 1399 3484 quia
1422 3409 1627 3479 circumgestat

280 3498 421 3567 cognatas
445 3492 525 3552 ideas
548 3510 685 3551 sonorum
709 3497 940 3567 consonantium,
965 3512 1039 3570 quos
1061 3513 1126 3554 cum
1147 3494 1305 3566 desideret,
1328 3496 1436 3571 qnippe
1455 3494 1518 3569 jain
1541 3503 1627 3551 ιιιιιι

282 3576 461 3653 degustatos,
486 3579 552 3638 ideo
575 3583 706 3656 privatus
730 3583 766 3638 iis
789 3583 907 3641 tristitia
929 3582 1108 3641 contrahitur
1130 3586 1244 3641 animus
1269 3585 1403 3656 interior,
1427 3594 1484 3639 non
1509 3580 1626 3638 auditus

279 3667 308 3721 ln
330 3668 435 3724 mentis
458 3667 555 3725 limine
578 3670 701 3743 positus.
747 3668 797 3727 Sic
820 3671 848 3725 in
872 3686 962 3746 puero
985 3669 1066 3728 aliud
1088 3678 1133 3748 est
1156 3671 1248 3729 fames
1271 3670 1317 3727 vel
1341 3671 1406 3727 sitis
1430 3685 1513 3737 vera,
1545 3664 1624 3726 aliud

280 3750 386 3827 cupido
412 3752 545 3813 vescendi
570 3753 605 3812 de
629 3756 736 3813 cerasis
760 3755 797 3813 ob
821 3756 924 3815 oculos
939 3757 1063 3835 positis,
1093 3776 1169 3833 quac
1191 3760 1247 3815 nisi
1272 3758 1440 3815 memoriam
1465 3754 1627 3812 dulcedinis

280 3837 389 3897 dudum
412 3839 581 3915 degustatae
606 3841 780 3906 radicarent.
805 3842 884 3901 nuda
906 3846 952 3901 sui
976 3845 1109 3904 absentia
1123 3862 1242 3921 puetnrn
1266 3862 1322 3902 nou
1345 3852 1522 3920 torquerent.
1561 3840 1628 3899 Hoc

280 3929 369 4001 igitur
391 3927 525 4002 obtento,
559 3928 629 3986 nihil
659 3930 757 3987 obstat
773 3920 999 3988 'dissonantiam
1030 3930 1167 4009 copulare
1198 3949 1264 3991 cum
1287 3930 1505 4001 inefficacitate,
1541 3929 1628 4005 quasi

279 4031 356 4089 quae
379 4013 517 4074 nudauit
539 4018 667 4090 negatio,
690 4032 747 4073 non
772 4018 878 4093 positio
902 4021 1038 4077 corrtrarii
1061 4021 1152 4097 ipsius
1176 4019 1365 4078 efficacitatis.

367 4098 550 4177 Superllnum
574 4105 732 4176 existimas,
757 4104 854 4180 plures
870 4106 1026 4165 observare
1049 4115 1184 4183 aspectus
1206 4124 1293 4182 quam
1314 4109 1452 4182 quinque.
1498 4102 1631 4161 Primum

280 4204 339 4247 nou
362 4196 407 4247 ιιι
416 4190 602 4266 superfluum,
627 4189 722 4249 dicere
746 4198 839 4250 rarum
862 4196 1066 4269 apparentium
1082 4211 1200 4270 causas,
1225 4203 1256 4252 ut
1278 4197 1311 4265 si,
1336 4210 1394 4270 quo
1410 4202 1541 4268 tempore
1557 4188 1632 4248 nulli

281 4284 350 4334 sunt
372 4285 507 4352 aspectus
530 4295 566 4336 ex
589 4280 726 4353 antiquis,
753 4278 866 4337 videam
889 4289 1023 4340 naturam
1039 4285 1194 4360 praecipue
1210 4284 1403 4358 commorari,
1427 4279 1516 4354 digna
1530 4278 1633 4353 philo-

280 4363 375 4439 sopho
398 4381 467 4422 cura
489 4372 534 4423 est
556 4382 703 4441 quaerere,
728 4384 816 4441 quam
839 4366 877 4425 ob
901 4368 960 4425 rem
984 4372 1167 4444 potissimum
1190 4370 1246 4427 hnc
1268 4372 1332 4447 ipso
1348 4369 1396 4426 dic
1418 4374 1524 4425 natura
1547 4382 1634 4424 com·

279 4458 451 4527 moveatur;
480 4450 569 4531 digna
591 4462 636 4511 ast
658 4453 841 4529 philosopho
856 4457 971 4531 opinio,
1004 4459 1030 4514 si
1054 4457 1169 4529 videat,
1202 4457 1252 4516 illo
1276 4455 1323 4515 die
1350 4472 1414 4516 esse
1437 4457 1512 4512 iuter
1535 4454 1634 4513 bonos

280 4536 413 4614 planetas
436 4541 633 4612 semisextum,
657 4541 854 4617 recipiendum
876 4542 1009 4601 fortassis
1031 4547 1060 4601 in
1082 4561 1233 4603 nnmerum
1256 4551 1285 4603 et
1307 4546 1513 4617 semisextum,
1542 4541 1635 4616 digna

279 4623 454 4702 philosopho
484 4626 641 4701 sedulitas,
675 4628 836 4687 attendere
855 4630 892 4688 ad
924 4630 1033 4689 similes
1064 4634 1233 4691 occasiones
1265 4631 1348 4690 alias.
1394 4629 1431 4689 Et
1454 4632 1497 4688 ita
1519 4628 1632 4687 lactum

281 4718 334 4771 est.
379 4712 455 4771 Nam
477 4713 513 4773 de
536 4715 624 4789 hujus
648 4723 783 4791 aspectus
806 4716 979 4777 efficacitate
1001 4722 1100 4778 testati
1114 4728 1182 4778 sunt
1204 4720 1414 4795 meteoroscopi
1438 4726 1507 4776 anta
1523 4732 1633 4775 causas

279 4799 415 4857 inventas
438 4799 571 4876 adeoque
594 4820 640 4861 me
662 4819 720 4861 uon
743 4802 926 4863 mediocriter
954 4809 1083 4865 exercuit
1111 4805 1158 4866 hic
1181 4808 1368 4881 semisextus,
1402 4811 1435 4864 ut
1456 4820 1562 4864 causas
1583 4803 1635 4862 sic

280 4888 486 4946 constituerem
508 4896 688 4966 aspectuum,
712 4897 745 4949 ut
767 4892 854 4951 etiam
876 4891 924 4952 bic
946 4895 1037 4970 recipi
1058 4895 1087 4951 in
1103 4911 1253 4954 numerum
1274 4900 1382 4971 posset,
1406 4909 1473 4952 cnm
1489 4890 1634 4967 riderem,
