3567 5625
589 427 767 485 nomentan.
790 428 887 486 'libor
903 427 952 485 m.
973 427 1065 500 Caput
1078 429 1100 485 L
1459 429 1521 494 18?

167 600 389 687 (barmoniae)
422 609 633 668 consonantiae
664 607 880 685 indigetantur,
910 608 968 670 bae
990 605 1065 691 (nou
1086 604 1290 690 harmouioae)
1312 605 1522 669 dissonantiae.

165 691 280 766 Quodsi
302 696 461 753 accesserit
482 697 571 755 etiam
593 696 689 756 altera
710 700 863 773 proportio
885 698 1075 775 harmonica,
1101 712 1209 758 recum
1235 711 1434 773 sonorumque
1456 694 1523 754 lon·

166 796 273 856 gerum
295 790 326 840 st
347 780 482 840 brevium
505 800 595 844 causa
619 788 776 860 temporis,
811 793 882 846 tunc
903 784 973 845 illua
996 799 1119 862 corpora
1141 801 1197 845 sus
1218 783 1442 856 saltationibus,
1463 781 1524 841 lin·
1563 811 1569 826 ι

165 885 240 943 guas
262 869 552 943 pronuntiationibus
575 868 615 929 ad
637 870 755 931 eudem
775 869 860 946 leges
880 881 1017 947 movent3
1050 872 1108 931 huc
1124 871 1256 948 -eplhces
1284 870 1457 931 malleorum
1479 872 1524 930 ic·

136 981 138 984 v
166 964 229 1024 tus,
259 955 317 1014 huc
339 956 449 1015 milites
472 975 604 1032 gressum
627 958 867 1040 accommodant,
896 962 1002 1019 uiuunt
1022 962 1123 1020 omnia
1151 958 1324 1019 durantibus
1354 958 1523 1032 harmoniis,

167 1051 338 1119 torpescunt
359 1043 463 1103 iisdem
486 1042 666 1106 disturbatis

254 1129 341 1190 Haec
362 1139 393 1190 et
416 1131 525 1193 similis
546 1132 661 1193 consilii
684 1136 744 1192 sint
766 1136 968 1209 instinctusre,
992 1134 1049 1195 hoc
1065 1142 1110 1195 est
1130 1135 1238 1194 mentis
1258 1149 1350 1211 epm,
1374 1135 1524 1194 suetiam

170 1226 294 1278 naturae
316 1213 525 1279 elementorum
548 1224 745 1297 materiaeque
769 1225 947 1282 necessitate
969 1222 1029 1295 flat,
1053 1231 1086 1281 ut
1107 1224 1262 1298 temperies
1283 1222 1419 1282 sensibus
1443 1237 1525 1279 com-

169 1305 261 1364 moda
282 1305 366 1365 nullu
386 1309 482 1384 possit
504 1324 586 1382 esse,
618 1310 675 1366 nisi
698 1327 775 1385 quae
798 1319 912 1369 conmet
932 1310 1171 1386 proportionibus
1193 1308 1353 1384 figurarum
1375 1308 1526 1367 harmoni·

169 1394 222 1465 cia,
244 1392 276 1451 id
300 1395 380 1453 varie
406 1393 587 1472 disputatum
609 1396 664 1454 luit
686 1414 705 1455 a
726 1397 925 1474 philosophis,
948 1398 1158 1473 quaerentibus
1180 1396 1331 1471 omnibus,
1361 1394 1439 1456 unde
1461 1397 1527 1455 exi·

171 1489 232 1538 stat
254 1478 307 1539 illa
329 1484 473 1555 suauitas,
497 1500 574 1562 quae
596 1484 716 1542 auribus
738 1484 878 1543 allabitur
900 1502 936 1545 ex
957 1486 1145 1562 proportione
1160 1497 1277 1557 vocum,
1299 1500 1359 1561 qua
1379 1485 1526 1543 suavitate

172 1569 383 1627 consonantias
407 1568 570 1629 delinimus
615 1569 673 1646 Qui
700 1568 739 1629 ad
761 1576 913 1647 materiam
943 1581 975 1631 et
996 1579 1108 1631 anetum
1137 1572 1345 1632 elementorum
1375 1570 1528 1644 inclinant,

172 1654 341 1732 exemplum
363 1655 489 1717 aderunt
510 1656 576 1732 hoc,
598 1675 650 1735 per
672 1676 705 1717 se
728 1658 846 1735 quidem
868 1676 940 1719 sane
964 1675 1051 1737 qnam
1067 1658 1210 1732 mirabile,
1232 1658 1311 1735 qaod
1335 1657 1444 1722 chorda
1458 1657 1529 1735 pul·

172 1750 238 1802 sata
261 1743 400 1802 chordam
431 1743 522 1803 aliam
543 1760 603 1804 non
630 1746 777 1822 pulsatam
807 1765 906 1807 eaerum
934 1750 965 1805 in
988 1745 1118 1806 sonitum
1138 1746 1243 1819 trahit,
1276 1747 1408 1806 siteusa
1439 1746 1533 1806 iusrlt

172 1830 228 1889 sibi
252 1847 391 1902 consone,
415 1830 533 1892 dissone
555 1839 668 1892 tensam
690 1835 841 1894 immotam
863 1834 1011 1911 relinquit
1056 1833 1123 1895 Hoc
1148 1850 1215 1894 cum
1244 1847 1305 1893 non
1324 1836 1418 1911 possit
1439 1832 1528 1893 ullius

172 1921 279 1977 mentis
303 1921 466 1978 ministerio
489 1919 559 1991 lieri,
583 1923 655 1995 qula
676 1937 775 1993 sonus,
799 1921 856 1982 hoc
876 1929 1025 1995 causatus,
1048 1930 1176 1982 mentam
1198 1929 1251 1980 aut
1267 1921 1446 1981 intellettum
1469 1935 1528 1980 non

123 2012 129 2027 ‘
172 2006 277 2078 habet,
311 2008 457 2081 seqnitur,
487 2015 521 2066 ut
547 2006 577 2065 id
600 2011 867 2085 contemperatione
894 2016 1026 2069 motuum
1057 2009 1119 2069 lieri
1142 2008 1284 2068 dieamus.
1328 2007 1426 2068 Sonus
1451 2008 1529 2069 euim

174 2093 303 2154 chordae
332 2093 423 2152 habet
450 2111 572 2153 acumen
601 2093 650 2153 vel
679 2097 856 2168 grauitatem
884 2096 1076 2157 sceleritute
1103 2095 1152 2157 rel
1181 2094 1318 2162 tarditate
1346 2095 1529 2170 vibrationls,

175 2202 234 2260 qua
256 2187 321 2241 tota
343 2180 469 2240 chordae
492 2181 644 2254 longitudo
666 2182 761 2243 libera
783 2183 931 2257 vibratur,
953 2200 1009 2244 nec
1030 2185 1130 2243 insunt
1153 2183 1209 2244 bue
1231 2199 1370 2244 sonorum
1392 2183 1530 2244 dimreu·

176 2274 234 2331 tiae
257 2270 351 2347 primo
381 2277 413 2327 et
440 2268 609 2328 immediate
640 2273 668 2327 iu
691 2273 757 2347 ipsa
785 2270 970 2347 longitudine
1003 2271 1049 2332 uel
1075 2272 1235 2343 brevitate,
1264 2270 1316 2331 sed
1347 2270 1530 2343 secundario,

175 2363 245 2438 quia
266 2355 381 2416 scilicet
401 2373 468 2415 cum
488 2356 672 2432 longitudine
695 2357 839 2419 diminuta
860 2357 984 2418 tarditas
1008 2358 1181 2419 vibrattouis
1209 2356 1393 2432 diminuitur,
1424 2357 1530 2418 celeri·

174 2457 220 2507 tas
242 2451 376 2520 augetur.
421 2442 493 2504 Inde
516 2452 569 2516 est,
593 2444 673 2521 qnod
695 2454 831 2506 manente
853 2445 958 2506 eadem
980 2445 1107 2507 chordae
1121 2444 1306 2522 longitudine
1320 2444 1413 2505 libera
1435 2448 1530 2506 tensio

174 2538 237 2613 ipsa
259 2548 366 2592 sonum
388 2532 476 2601 acuit,
500 2534 570 2608 quia
591 2534 687 2591 minus
709 2532 808 2592 laram
830 2533 968 2594 chordam
990 2531 1167 2610 relinquens,
1191 2528 1437 2593 diminuit'etiam
1459 2549 1531 2610 spa·

175 2626 256 2690 tium,
279 2636 333 2696 per
355 2617 434 2695 quod
457 2617 511 2677 illa
531 2621 679 2696 reciproco
703 2631 783 2678 motu
807 2622 915 2680 vibrari
939 2623 1040 2698 possit
1087 2622 1160 2678 Cum
1183 2620 1272 2691 igitur
1297 2619 1421 2679 duarum
1442 2620 1531 2679 chur-

175 2710 278 2769 darum
301 2707 389 2765 tuerit
411 2706 514 2765 eadar'n
537 2709 709 2780 tensionis
731 2717 764 2766 ut
785 2712 942 2768 unisonum
964 2708 1085 2769 reddere
1100 2711 1222 2785 possint,
1246 2716 1315 2766 tunc
1329 2723 1418 2767 seans
1433 2711 1529 2780 unius,

175 2797 204 2859 id
226 2803 274 2857 est
295 2794 410 2873 species
432 2795 629 2854 immateriale
651 2796 780 2872 torpetis
803 2795 939 2870 chordae,
963 2797 1140 2857 constitutae
1160 2797 1192 2855 iu
1213 2793 1385 2870 rlhratlooe,
1409 2794 1531 2879 delapsa

173 2901 271 2944 asua
295 2882 413 2955 chorda¹
437 2882 504 2941 terit
527 2881 666 2941 chordam
689 2882 826 2959 alteram3
856 2886 933 2943 siout
954 2886 981 2944 si
1004 2886 1070 2961 quis
1092 2884 1214 2963 boatum
1244 2881 1313 2943 udat
1335 2900 1437 2944 uorsus
1460 2883 1531 2974 ebe·

174 2972 222 3049 lyn
248 2980 302 3030 ant
324 2969 406 3029 aliud
429 2985 543 3042 cavum,
567 2986 607 3029 co
626 2970 717 3029 boatu
739 2973 866 3048 percutit
887 2971 921 3030 id
942 2989 1061 3046 cavum,
1095 2972 1225 3055 facitque
1246 2986 1384 3032 monuere
1407 2956 1531 3031 chordas

175 3062 237 3135 ejus
251 3074 373 3132 omnes3
397 3057 469 3118 ierit
479 3067 578 3116 autem
594 3056 646 3115 illa
662 3058 836 3117 vibrationis
851 3061 966 3136 species
981 3059 1120 3120 chordam
1135 3058 1258 3120 alteram
1274 3057 1378 3120 eodem
1394 3058 1531 3137 rhythmo

176 3148 350 3216 uoluntatis,
381 3160 440 3220 quo
464 3153 599 3204 monetur
622 3154 652 3204 et
673 3143 763 3218 haec,
793 3147 863 3222 quia
887 3164 982 3223 aeque
1005 3156 1105 3220 musa,
1137 3157 1171 3206 ut
1191 3148 1234 3206 lta
1255 3145 1366 3222 singuli
1386 3144 1462 3206 ictus
1484 3142 1530 3228 (in

176 3252 249 3312 quos
274 3234 401 3292 vibratio
426 3229 523 3290 diuisa
549 3249 614 3291 esse
645 3228 834 3315 intelligitur)
857 3235 888 3293 in
910 3234 1042 3309 singulas
1071 3250 1227 3311 percusm
1254 3232 1376 3293 ulterius
1405 3232 1531 3294 chordae

176 3319 377 3382 eessiuuculns
392 3328 535 3395 perpetuo
554 3319 699 3379 incidant:
722 3321 764 3379 ita
779 3320 820 3392 fit,
843 3330 877 3380 ιιι
892 3324 1022 3382 omnium
1039 3322 1165 3385 mulne
1179 3328 1336 3380 mereatur
1349 3320 1529 3394 illaeborda‚

174 3427 249 3486 quae
271 3408 312 3468 ad
333 3410 491 3466 unisonum
514 3413 565 3465 est·
581 3417 666 3467 tensa
689 3423 758 3466 eum-
777 3408 892 3483 prima,
923 3418 1060 3468 moretur
1081 3425 1152 3468 raro
1175 3400 1212 3469 ρι’
1226 3406 1279 3467 illa
1300 3406 1424 3480 chorda,
1454 3425 1531 3484 quae

176 3498 283 3574 duplae
307 3503 354 3553 est
376 3503 428 3553 aut
448 3491 615 3569 subduplus
637 3493 805 3566 celeritatis,
829 3497 901 3571 quia
922 3496 982 3556 dao
997 3496 1172 3555 vibrationis
1188 3499 1263 3554 lotus
1284 3496 1314 3552 in
1331 3511 1391 3554 uns
1405 3494 1532 3555 chordae

175 3582 359 3645 maitiuculo
382 3578 576 3640 absolvuntur
606 3588 636 3640 et
658 3583 701 3640 sic
722 3599 837 3658 semper
859 3585 936 3642 ictus
956 3601 975 3642 a
997 3584 1085 3661 priori
1108 3585 1211 3644 tertius
1240 3582 1365 3658 quisque
1396 3584 1530 3659 cougmit

175 3675 203 3730 in
231 3673 322 3729 unius
356 3668 557 3729 sessiunculas
587 3678 764 3744 extremum3
794 3678 930 3729 moretur
959 3670 1085 3747 denique
1117 3681 1146 3729 et
1176 3669 1228 3728 illa
1253 3668 1533 3744 chorda-nonnihil,

176 3776 251 3836 quae
274 3769 321 3818 est
343 3754 556 3832 sesquialterae
579 3754 755 3829 celeritatis,
783 3757 855 3832 quia
877 3766 935 3817 tres
957 3755 1134 3818 ietiunculae
1155 3757 1229 3817 dunt
1250 3757 1280 3813 iu
1303 3754 1419 3817 duabus
1441 3758 1530 3834 hujus

175 3845 377 3918 sessiunculis,
399 3841 452 3904 sed
471 3842 532 3918 jam
556 3845 700 3920 incipiunt
721 3844 847 3904 invicem
869 3844 991 3905 obviare
1013 3845 1142 3905 erebrius
1164 3844 1207 3903 illi
1230 3845 1307 3903 ictus
1336 3853 1366 3903 et
1387 3844 1444 3904 hae
1466 3860 1532 3905 ces·
1628 3910 1632 3918 ,

175 3933 329 3993 sinuculae
349 3948 441 4008 seque
462 3936 566 3989 mutuo
589 3930 738 4008 impedire,
762 3931 831 3991 dum
846 3931 911 3992 duo
929 3932 1008 3992 illius
1031 3935 1106 3992 letus
1122 3951 1140 3992 a
1155 3932 1213 3991 due
1229 3931 1428 3991 sessiunculas
1443 3931 1532 4008 hujus

176 4023 322 4094 aberrant,
346 4038 423 4079 unus
445 4016 527 4077 solus
549 4017 652 4077 incidit
674 4034 811 4091 eonarue,
836 4034 897 4095 que
918 4036 1040 4080 occursu
1063 4028 1160 4080 motus
1175 4018 1349 4079 chordarum
1371 4027 1531 4079 ceterarum

175 4113 295 4181 sistitur,
319 4124 378 4167 non
400 4122 487 4167 secus
508 4122 544 4163 ac
565 4107 590 4163 si
614 4108 680 4180 quis
703 4106 828 4182 digitum
850 4108 984 4169 vibratae
1007 4107 1196 4168 minuriunt.
1241 4104 1327 4167 Haec
1353 4106 1424 4166 mihi
1447 4105 1533 4166 rido-

126 4191 130 4202 “
175 4210 219 4256 tur
242 4214 337 4256 causa
357 4192 502 4255 mirabilis
522 4191 612 4268 hujus
635 4196 838 4271 experimenti:
862 4198 913 4273 qui
935 4212 983 4255 me
1006 4195 1119 4256 felicior
1140 4201 1186 4255 eat
1205 4192 1345 4271 indagine
1365 4194 1480 4267 mentis,
1503 4194 1531 4301 el

221 4302 302 4344 mam
324 4283 412 4344 dabo.

174 4285 219 4361 pfl
262 4371 342 4445 Quid
364 4369 477 4447 igitur?
498 4369 524 4425 si
547 4365 682 4428 celeritas
704 4368 831 4429 chordae
852 4372 940 4429 unius
963 4368 1043 4429 valet
1065 4367 1103 4430 sd
1125 4376 1237 4427 motum
1264 4366 1390 4427 chordae
1412 4365 1532 4427 alterius

178 4461 436 4536 proportionatae,
461 4471 537 4532 quae
561 4455 661 4530 quoad
684 4458 779 4515 nisum
801 4465 903 4517 manet
924 4460 1049 4529 intacta,
1082 4472 1119 4517 an
1141 4472 1200 4516 noa
1224 4453 1344 4515 eaedem
1367 4453 1532 4515 celeritates

177 4546 298 4606 duarum
322 4545 494 4606 chordarum
518 4544 592 4602 iuter
613 4560 646 4603 se
668 4542 811 4604 valebunt
831 4544 871 4605 ad
886 4543 1083 4605 titillationem
1097 4542 1215 4603 auditus
1231 4559 1352 4602 suarem
1367 4548 1531 4619 propterea,

178 4634 255 4709 quod
278 4636 303 4693 is
326 4631 543 4709 quodammodo
566 4629 747 4691 uuilonuiter
775 4633 813 4691 ab
836 4640 960 4708 utraque
982 4628 1091 4692 ulrdrdu
1118 4640 1253 4690 movetur
1276 4628 1394 4705 duoque
1417 4631 1532 4689 lotusa

179 4720 291 4781 duobus
313 4722 394 4781 souis
416 4738 470 4780 seu
493 4718 705 4779 vibrationibus
735 4720 765 4776 in
789 4719 865 4780 idem
888 4725 1068 4780 momentum
1099 4716 1292 4795 competunt?
1335 4712 1531 4793 Nequaquam

179 4826 258 4886 vero,
279 4811 400 4885 inquam
424 4825 491 4885 epo,
513 4811 555 4866 ita
576 4804 661 4864 facile
684 4808 854 4883 hamigitur
875 4824 942 4867 oum
958 4806 1015 4867 hae
1029 4824 1070 4879 re,
1091 4804 1425 4883 mirorquePorphyrio,
1449 4821 1531 4864 com·

180 4899 331 4957 ummtori
353 4912 444 4974 super
465 4894 645 4956 Harmonia
667 4891 839 4970 Ptolemaei,
861 4895 922 4956 tals
944 4893 1016 4973 qaid
1037 4896 1114 4956 ebra
1134 4894 1286 4975 injussu
1307 4908 1427 4953 esuum
1440 4894 1532 4955 satit·
