3567 5625
249 432 290 492 ἰι
814 424 856 480 Ι)ι
874 422 1030 479 Ηιιιιιοιιιι
1063 497 1066 500 ¹

206 623 211 630 ·
248 611 433 667 ιιιιιιιιιιιιιιι.
476 603 527 666 Sic
558 604 707 682 trigonus,
737 609 925 681 tetragonus,
956 610 1141 684 pentagonus
1168 606 1284 662 struem
1316 604 1445 682 quinque
1479 619 1601 680 corpore

248 692 405 771 regulerie,
428 693 471 753 sic
493 694 634 770 trigonus,
658 699 842 770 tetragonus,
864 691 1037 767 hexagonus
1060 693 1233 753 continuent
1255 689 1421 769 plenitiem;
1449 690 1492 750 sie
1514 688 1601 750 stelle
1640 689 1651 696 '

248 781 453 861 pentegoniee,
478 780 562 856 enjus
584 779 662 860 letus
684 778 869 841 subtenditur
891 778 1004 840 duabus
1020 782 1129 857 quintis
1152 777 1260 853 circuli,
1283 779 1369 838 struit
1390 777 1507 840 stellam
1527 776 1602 838 soli-

251 869 319 930 dam
341 866 595 942 dodeceiidricem,
627 870 671 929 sic
700 866 803 929 stellae
833 866 999 929 octa'c'drice
1028 876 1058 928 et
1085 866 1256 928 deceidries
1284 866 1386 946 (lutere
1407 863 1602 926 subtendente

250 956 312 1017 illic
333 962 392 1017 tres
416 962 546 1031 oeteves,
568 956 618 1016 hic
640 961 698 1017 tres
721 952 862 1037 decimes)
884 962 1056 1016 construunt
1078 954 1212 1032 singulae
1233 953 1349 1014 stellam
1370 953 1504 1018 solidam

336 1042 464 1104 Rursum
492 1060 569 1121 quae
598 1050 667 1104 eunt
692 1042 824 1122 ejusdem
846 1045 922 1104 inter
943 1060 975 1103 se
997 1047 1127 1121 generis,
1158 1043 1239 1102 verie
1261 1045 1367 1102 ιιιίιιιιι
1389 1040 1427 1103 ed
1449 1040 1601 1119 planitiem

148 1156 157 1172 ·
249 1130 426 1206 struendam,
450 1130 693 1210 quedrengulum,
716 1130 917 1212 octangulum,
939 1130 1025 1191 stelle
1047 1129 1252 1208 oeteoguteris
1265 1130 1342 1200 uiuo,
1365 1128 1433 1190 inde
1454 1127 1602 1207 pentago-

251 1236 319 1295 nus,
340 1219 427 1280 stelle
448 1221 653 1297 peuiegonica,
677 1218 861 1297 decagonus,
885 1217 971 1279 stelle
993 1218 1182 1297 decagoniee.
1227 1216 1276 1278 Sic
1297 1220 1445 1296 trigonus,
1467 1217 1602 1294 hexago-

248 1324 319 1383 nus,
353 1305 575 1384 dodecegonns‚
608 1307 692 1384 cujus
714 1310 804 1369 etiem
825 1324 910 1383 eree,
933 1314 966 1366 ιιι
988 1308 1147 1385 tetregoni,
1169 1305 1324 1367 rationalis
1345 1312 1391 1366 est
1412 1302 1450 1368 ed
1473 1304 1603 1381 quedre·

248 1404 311 1457 tum
333 1393 476 1456 diametri.

336 1481 377 1541 At
397 1482 581 1560 heptagonus
610 1488 641 1543 ιι
669 1484 780 1546 similes
807 1502 861 1547 nee
890 1486 955 1559 ipse
984 1498 1039 1543 nec
1065 1498 1133 1542 cnm
1159 1482 1206 1540 sui
1234 1481 1350 1557 generis
1372 1477 1436 1540 eliis
1458 1496 1512 1541 noe
1534 1498 1603 1542 cum

248 1569 394 1649 prioribus
417 1571 575 1647 quicquam
596 1570 643 1631 vel
667 1572 786 1652 plenum
809 1572 858 1634 vel
880 1567 1007 1633 solidum
1031 1571 1125 1629 struit.
1169 1566 1255 1630 Unde
1278 1567 1363 1628 detur
1384 1567 1524 1649 intelligi,
1554 1568 1603 1628 ie·

232 1657 389 1719 ‚cultatem
411 1656 530 1717 eoditos
553 1656 605 1717 ille
627 1675 765 1736 quaerere
787 1663 862 1722 inter
884 1675 983 1728 sonos,
1007 1674 1083 1733 quae
1100 1657 1181 1717 Deus
1203 1658 1316 1715 invenit
1336 1657 1413 1716 iuter
1434 1657 1603 1735 proportio·

249 1763 308 1807 nes·
327 1746 522 1822 geometricus
536 1744 644 1806 mundo
661 1747 828 1810 exomendo
851 1747 973 1807 idonee:
995 1763 1065 1804 nem
1087 1746 1175 1805 etiem
1198 1744 1283 1804 orbes
1305 1743 1448 1805 coelestes
1471 1743 1508 1805 ed
1530 1760 1603 1806 nor·

250 1851 329 1893 mem
352 1834 481 1910 quinque
504 1848 657 1912 corporum
671 1836 847 1913 regularium
870 1836 973 1907 iactos,
996 1834 1025 1891 in
1048 1833 1190 1911 Mysterio
1206 1830 1453 1910 cosmographioo
1468 1832 1601 1911 probavi.

336 1920 414 1997 Ergo
438 1919 546 1981 chorde
567 1925 731 2001 preposite,
755 1925 900 1984 sectiones
923 1920 988 1998 ejus
1009 1920 1195 1981 harmonicae
1217 1917 1272 2001 (sic
1293 1928 1329 1980 ut
1348 1925 1531 1995 segmentum
1552 1919 1602 1980 vel

251 2024 320 2088 pers
342 2009 439 2069 minor
459 2009 499 2068 sit
520 2024 651 2070 consone
672 2015 727 2072 toti
750 2020 781 2072 et
800 2011 920 2072 residuo
942 2009 991 2069 rel
1006 2005 1122 2088 majori)
1148 2023 1207 2067 non
1231 2006 1337 2067 dentur
1359 2005 1456 2087 piures
1478 2013 1600 2086 septem

457 2109 539 2159 -Tots
555 2111 582 2160 iu
600 2116 684 2174 partes
703 2115 728 2176 ι,
746 2119 900 2176 segmentum
917 2113 1028 2177 partium
1039 2110 1065 2178 1,
1089 2112 1216 2161 residuum
1233 2109 1374 2176 pertineri

969 2217 983 2244 ii
1040 2181 1064 2314 ἐξ
1152 2216 1165 2243 2
1273 2217 1286 2243 ii

492 2354 506 2382 Ι
563 2356 576 2383 tt
632 2357 645 2384 tt
718 2360 725 2387 i
813 2359 827 2386 is
971 2358 984 2384 n
1038 2321 1064 2384 1,
1152 2356 1165 2383 1
1272 2358 1285 2385 2

493 2419 506 2452 s
562 2427 575 2453 ss
632 2427 645 2454 rs
718 2429 725 2454 ι
813 2429 827 2456 ιι
970 2427 984 2455 n
1038 2389 1064 2449 2·
1152 2427 1166 2454 ιι
1274 2428 1287 2454 ιι

491 2495 645 2593 ;;;
719 2500 726 2524 ‚
814 2498 828 2526 ·
969 2463 1063 2594 :iz
1150 2498 1166 2595 ,τ
1272 2497 1287 2594 3:
1358 2531 1375 2584 ι

240 2585 243 2591 ¹
338 2619 379 2679 At
400 2622 426 2679 si
448 2626 563 2681 secetur
584 2626 648 2680 tote
669 2620 699 2678 in
722 2568 826 2699 partes„
837 2622 868 2700 8,
889 2626 1130 2698 segmentumque
1152 2622 1191 2681 sit
1211 2622 1302 2698 pertis
1318 2624 1346 2698 l,
1367 2618 1517 2682 residuum
1529 2638 1602 2700 per·

120 2749 124 2755 ·
249 2708 323 2767 dum
348 2709 377 2781 l,
401 2713 453 2784 eut
474 2713 539 2767 tote
560 2707 591 2764 in
617 2707 666 2781 10,
694 2714 876 2785 segmentum
902 2712 928 2780 l,
959 2707 1159 2783 residuumii,
1187 2716 1240 2769 eut
1261 2716 1442 2787 segmentum
1466 2711 1495 2785 3,
1524 2711 1601 2770 resi-

249 2794 339 2900 dnnm
364 2796 392 2869 i,
425 2795 516 2856 sectio
538 2811 598 2855 non
621 2800 666 2855 est
687 2794 871 2873 hermoniee,
895 2797 967 2875 quie
987 2796 1018 2882 t„
1039 2795 1072 2883 ᾖ,
1146 2795 1177 2885 l„
1200 2795 1244 2883 fi,
1265 2815 1356 2876 snpre
1376 2800 1502 2878 reperies
1525 2800 1601 2860 inter

249 2882 431 3046 honoriam
452 2972 557 3029 nature
579 2969 657 3047 prior
679 2976 724 3030 est
744 2970 916 3047 hermonis,
947 2989 1037 3049 quam
1058 2971 1123 3048 ejus
1144 2954 1251 3033 n'omen
1274 2972 1321 3034 vel
1344 2973 1489 3034 clemente
1509 2970 1603 3049 vulgo

250 3056 409 3127 celebrate,
432 3075 451 3115 e
473 3054 597 3133 quoium
618 3074 740 3119 numero
762 3058 933 3120 hermoniee
956 3058 1188 3121 denominentur.
1225 3061 1341 3121 Divisio
1365 3077 1436 3121 vcro
1458 3062 1488 3119 in
1510 3060 1604 3120 inter-

250 3143 333 3203 vella
353 3146 467 3205 minore
489 3144 600 3205 eccidit
620 3144 784 3208 intervallis
806 3147 985 3208 harmonicis
1001 3149 1155 3226 posterius,
1177 3150 1312 3209 nimirum
1334 3166 1370 3210 cx
1385 3150 1603 3228 comparatione

248 3230 465 3293 harmoniarum
486 3232 560 3292 inter
581 3249 623 3294 se.
1484 3262 1492 3283 ο

616 3316 754 3369 ¹1ntsrst
807 3324 845 3370 est

519 3508 522 3514 1
612 3352 743 3662 t}
815 3317 1255 3673 {thaz-mo

613 3668 743 3739 is»
815 3668 913 3740 »rh

249 3743 372 3820 Viden',
402 3752 437 3805 ut
464 3764 500 3807 ex
531 3752 747 3827 comparatione
777 3750 993 3812 hermoniernm
1025 3750 1130 3812 dentnr
1158 3752 1233 3815 heec
1262 3753 1429 3815 intervella:
1462 3752 1485 3839 ξ
1512 3761 1602 3815 tonus

248 3831 351 3978 fflejor,
374 3831 418 3917 ἦ
439 3838 526 3893 tonus
547 3837 651 3909 minor,
674 3835 718 3925 Η
732 3840 928 3919 semitonium,
952 3838 994 3926 ἓξ
1009 3837 1172 3902 differentia
1193 3844 1268 3903 inter
1289 3840 1319 3928 ᾗ,
1341 3841 1378 3930 23,
1401 3858 1478 3919 quae
1495 3841 1603 3902 dicitur

282 3935 350 3978 esis.
1472 3930 1475 3935 ’

217 4064 220 4069 .
336 4004 497 4066 Intervslle
517 4008 619 4085 igitur,
653 4027 689 4070 ex
712 4016 929 4092 temperatione
950 4013 1166 4075 hermeniarum
1188 4024 1268 4093 orte,
1298 4024 1367 4078 sunt
1395 4019 1461 4095 ipse
1483 4014 1603 4092 quidem

252 4090 387 4167 dissone,
416 4091 468 4153 sed
490 4100 588 4155 nmen
611 4100 769 4175 concione,
791 4100 908 4180 ἐμμιλη.
952 4099 1083 4176 Quorum
1105 4102 1179 4163 beec
1200 4111 1246 4164 est
1268 4103 1443 4179 differentia,
1467 4102 1547 4180 quod
1569 4101 1601 4187 ξ,

252 4177 310 4264 5⁰15,
334 4179 378 4268 ff
400 4179 531 4241 esnsndo
554 4190 738 4246 banseuntur
753 4195 857 4249 nature
875 4188 962 4262 duee,
986 4190 1037 4250 sed
1062 4188 1182 4277 {gnon
1205 4195 1344 4254 treusitur
1365 4209 1424 4252 ono
1447 4197 1477 4251 et
1499 4190 1605 4252 eodem

252 4274 347 4327 treotu
370 4273 481 4328 emtus.
512 4269 610 4333 Ceuse
624 4271 803 4337 differentiae
825 4284 870 4337 est
888 4279 964 4337 iste:
986 4278 1041 4338 trie
1063 4287 1131 4338 sunt
1152 4279 1309 4356 flgurerum
1331 4296 1445 4358 genere,
1469 4297 1488 4338 e
1509 4280 1604 4340 tribus

252 4355 428 4433 cepitelibus
449 4355 549 4433 figuris
571 4367 650 4434 crte,
674 4379 693 4421 e
714 4364 838 4440 trigono,
852 4354 1031 4443 tetragono,
1053 4375 1238 4444 pentagono,
1262 4387 1278 4428 e
1301 4371 1410 4445 quibus
1431 4376 1603 4443 tetragonus

252 4445 469 4522 proportionem
491 4446 585 4522 gignit
607 4446 726 4527 duplam
749 4453 901 4533 continue,
924 4469 1106 4514 communem
1127 4456 1364 4535 proportionibus
1386 4455 1508 4515 dnerum
1530 4454 1603 4514 rell-

253 4548 391 4608 querum,
421 4533 528 4608 quibus
550 4551 582 4594 se
605 4537 765 4613 immiscet,
798 4542 934 4601 continue
962 4540 1120 4602 bisecendo
1150 4550 1202 4602 eut
1229 4542 1406 4622 duplicendo
1435 4549 1600 4619 utramque.

253 4616 376 4695 Trigcni
397 4636 468 4680 vero
489 4621 607 4683 soboles
631 4623 799 4688 harmonica
820 4629 941 4688 minime
962 4634 1007 4689 est
1029 4628 1060 4714 i,
1081 4647 1133 4709 per
1157 4630 1187 4712 ἢ,
1208 4631 1239 4715 4,
1262 4631 1356 4708 major
1377 4629 1410 4715 ξ,
1431 4632 1469 4717 μ
1494 4637 1602 4708 pente·

253 4707 323 4781 goni
345 4704 464 4767 soboles
486 4706 517 4792 ζ,
540 4727 592 4787 per
612 4711 643 4796 ξ,
666 4712 706 4798 1¹53
728 4716 771 4774 sic
792 4713 815 4801 -3
836 4733 888 4792 per
909 4715 940 4799 ᾖ,
969 4715 1021 4802 {3⁰3
1044 4719 1087 4778 sie
1107 4718 1130 4804 ξ
1150 4737 1203 4798 per
1223 4718 1275 4804 fi„
1299 4715 1377 4803 sie}
1398 4736 1451 4797 per
1465 4717 1495 4801 ff,
1520 4715 1600 4803 Me

253 4791 413 4868 Trigoniee
426 4811 497 4854 vero
519 4802 669 4875 proportio
682 4805 895 4878 pentegooieee
909 4818 968 4864 non
983 4808 1186 4879 communicet,
1210 4815 1240 4867 et
1260 4813 1364 4867 uentre
1385 4813 1431 4867 est
1444 4806 1602 4887 cendone-

253 4877 335 4954 liilli²
366 4894 425 4953 ¹¹9ss
452 4879 538 4942 (ἰδίω
563 4886 640 4956 enim
669 4891 846 4964 geometrice
866 4894 959 4955 sectio
981 4909 1066 4962 meua
1086 4894 1118 4960 iu
1138 4896 1195 4958 tris
1216 4900 1269 4956 ent
1288 4896 1319 4956 in
1347 4894 1491 4979 quinqoe,
1522 4893 1603 4960 dont
