3567 5625
604 421 688 479 hiber
703 420 753 479 111.
770 420 911 509 Digressio
927 421 1045 493 politica.
1438 430 1498 491 loe

153 604 332 680 geometrica
354 602 503 678 proportio
527 602 565 659 sit
587 603 675 660 etiam
697 598 882 675 harmonica,
906 606 939 659 ut
964 604 998 674 1,
1022 605 1056 676 1,
1081 605 1117 677 4,
1149 605 1225 663 sicut
1247 604 1296 664 bic
1318 604 1500 665 commodum

154 699 214 764 eat,
242 697 277 759 ut
299 706 437 766 procerus
459 688 577 766 longam
600 692 715 747 vestem
735 686 860 760 habeat,
888 688 1032 747 interdum
1056 707 1124 749 vero
1148 692 1330 752 arithmetica
1350 697 1499 771 proportio

153 786 197 838 est
220 780 310 836 ctiam
331 776 508 850 harmonica,
531 782 565 835 ut
581 777 609 848 1,
633 776 663 848 3,
686 774 720 846 4,
744 775 820 834 sicut
842 775 889 835 hic
905 776 1089 836 commodum
1103 785 1156 851 est,
1179 788 1212 838 ut
1228 797 1380 858 possessor
1394 781 1500 857 longae

151 866 241 925 111111
263 864 392 941 pumilus
415 867 540 923 retineat
562 862 678 939 quidem
702 878 795 936 suum,
818 862 870 923 sed
892 866 922 921 iu
936 867 1093 942 pecuniam
1114 876 1334 946 commutatum,
1356 886 1416 944 qua
1436 885 1501 928 rec·

152 955 209 1011 tius
232 954 277 1010 uti
298 959 413 1029 potest,
436 947 524 1028 qnam
547 950 694 1026 superfluo
717 951 817 1010 vestis.

241 1039 298 1101 111.
322 1039 395 1099 (lum
418 1038 601 1116 gnbcmandi
622 1040 750 1097 rationes
772 1053 872 1097 omnes
896 1037 1048 1114 complexa
1071 1042 1110 1099 sit
1128 1040 1257 1117 justitia,
1282 1058 1319 1102 ex
1341 1040 1500 1102 Aristotele

152 1126 262 1202 allegat
285 1135 382 1203 partes
405 1127 468 1202 ejus
492 1126 581 1200 duas,
604 1126 841 1185 commutativam
864 1127 892 1182 in
916 1125 1095 1202 aequalitate
1118 1127 1301 1189 arithmetica
1324 1135 1499 1203 versantem,

152 1215 367 1274 distributivam
390 1216 418 1271 in
441 1213 630 1273 similitudine
651 1213 840 1288 geometrica,
870 1215 932 1288 ipse
956 1217 1071 1273 tertiam
1092 1216 1220 1293 speciem
1239 1216 1372 1293 justitiae
1395 1216 1500 1276 suadet

153 1320 186 1361 ox
209 1310 336 1378 utraque
364 1304 491 1378 priorum
514 1300 684 1371 conflatam,
712 1315 789 1374 quae
820 1305 850 1359 et
870 1316 965 1359 rerum
990 1303 1105 1378 copiam
1136 1306 1222 1362 certis
1244 1306 1377 1382 personis
1405 1303 1501 1363 viliori

153 1391 246 1467 pretio
270 1389 357 1449 vendi
382 1388 445 1448 ruli
467 1406 555 1465 quam
578 1389 681 1447 ceteris
711 1393 741 1444 et
762 1401 819 1445 non
844 1403 959 1464 semper
981 1391 1095 1465 magnis
1118 1407 1225 1466 magna
1253 1390 1384 1450 distribui
1408 1398 1438 1451 et
1459 1393 1502 1451 sic

154 1486 309 1553 utrumque
331 1494 424 1554 genua
448 1476 522 1552 justi
545 1475 652 1535 violari
677 1472 906 1550 quadamtenus,
938 1476 962 1533 si
986 1474 1066 1535 salus
1088 1480 1290 1538 univcrsomm
1320 1477 1351 1536 id
1373 1477 1503 1554 postulet

154 1572 204 1623 aut
226 1566 252 1622 si
277 1564 460 1624 commodum
483 1563 551 1622 inde
574 1562 722 1639 publicum
745 1571 885 1638 emergat.
930 1561 996 1622 Non
1025 1565 1099 1624 bene
1122 1567 1263 1625 conflatur
1293 1568 1442 1642 proportio
1465 1585 1505 1626 err

156 1652 310 1728 speciebus
333 1651 448 1726 duabus
470 1650 545 1723 aliis,
568 1654 591 1710 si
615 1656 768 1725 utramque
790 1651 922 1725 peremit
966 1650 1019 1709 Est
1041 1654 1130 1728 igitur
1151 1651 1310 1730 applicatio
1333 1652 1406 1713 haec
1428 1655 1501 1713 meis

155 1738 362 1798 medietatibus
385 1738 561 1799 harmonicis
583 1738 687 1814 aptior.
732 1732 771 1795 Ut
794 1739 822 1794 in
845 1739 973 1796 numeris
996 1741 1032 1813 i,
1061 1741 1097 1813 3,
1128 1742 1145 1798 5
1174 1757 1229 1800 nec
1250 1741 1433 1800 arithmetica
1455 1749 1500 1800 est

154 1842 327 1886 excessuum
343 1827 515 1902 aequalitas,
538 1842 593 1884 nec
609 1825 787 1901 geometrica
802 1825 977 1901 progressio,
994 1834 1150 1886 esttamen
1167 1830 1240 1887 inter
1256 1844 1307 1887 cos
1321 1827 1500 1889 harmonica.

239 1912 308 1971 Huc
329 1915 358 1970 in
382 1914 439 1973 iinc
462 1914 527 1972 libri
558 1917 661 1988 po'e'tas
685 1910 900 1982 accommodat,
932 1913 982 1987 qui
1005 1912 1155 1974 Themidis
1178 1911 1271 1996 (quac
1291 1915 1409 1992 justitia
1440 1912 1501 2001 est)

155 2010 210 2060 tres
234 1997 779 2077 1111911111ῐί111111111111111111111,
804 1998 927 2076 eipqrpor
955 1999 1045 2075 leges,
1069 2003 1256 2078 aequitatem,
1279 2019 1392 2079 pacem,
1417 2006 1501 2079 quasi

155 2090 241 2146 11111111
264 2090 485 2164 proportionum
509 2086 664 2157 tutelares,
688 2085 905 2158 arithmeticae,
928 2072 1137 2162 geometricae,
1160 2088 1356 2150 harmonicas.
1436 2110 1439 2115 ’

242 2173 298 2234 IV.
323 2174 417 2250 Leges
433 2175 653 2246 connubiorum,
675 2174 863 2249 praecipuum
879 2174 1008 2232 civitatis
1025 2176 1181 2246 vinculum,
1204 2175 1384 2237 luculentum
1401 2195 1502 2238 exem·

157 2261 239 2336 plum
265 2261 487 2321 subministrant
509 2265 595 2320 trium
618 2262 845 2339 proportionum.
891 2260 923 2319 Si
945 2262 1058 2337 patricii
1082 2263 1219 2340 patricias
1241 2264 1346 2325 ducere
1372 2265 1501 2342 jubean-

156 2360 215 2423 tur,
240 2348 351 2426 plebeji
374 2349 524 2428 plebeJas,
547 2349 723 2424 geometrica
745 2347 906 2407 similitudo
928 2355 980 2407 est.
1026 2348 1078 2408 Sin
1097 2352 1148 2426 jus
1171 2352 1314 2425 omnibus,
1339 2355 1503 2431 promiscue

155 2438 303 2496 connubia
325 2438 374 2496 vel
396 2445 475 2497 sorte
498 2452 637 2512 quaerere
659 2432 708 2493 vel
730 2435 837 2509 lorma,
861 2436 976 2513 opibus,
1001 2438 1116 2513 virtute,
1139 2440 1202 2497 sine
1224 2440 1338 2515 generis
1360 2447 1503 2517 respectu,

156 2524 331 2584 contendere
361 2530 502 2600 quantum
531 2524 645 2600 possis,
675 2538 729 2581 nec
757 2521 818 2581 ulla
850 2522 979 2582 conditio
1006 2526 1115 2598 vetita,
1148 2525 1222 2585 hacc
1252 2528 1306 2585 erit
1339 2526 1503 2602 aequalitas

156 2612 348 2671 arithmetica
394 2612 501 2671 Verum
525 2613 565 2669 ibi
588 2612 697 2669 civium
720 2610 808 2667 animi
832 2609 1011 2669 divelluntur
1033 2615 1062 2669 in
1082 2608 1233 2687 sactiones,
1257 2612 1305 2671 hic
1320 2613 1505 2674 confundun-

158 2705 201 2756 tur
225 2700 358 2769 ordines,
382 2707 536 2775 utrumque
558 2699 752 2774 perniciosum
776 2696 964 2773 reipublicae.
1011 2698 1122 2758 Suadet
1144 2702 1233 2775 igitur
1247 2698 1387 2774 Bodinus,
1410 2703 1504 2778 patri·

157 2788 207 2846 ciis
232 2786 414 2846 tenuioribus
435 2785 580 2847 interdum
602 2786 768 2861 permittere
790 2787 937 2845 connubia
959 2784 1078 2863 plebeja
1101 2786 1255 2865 opulenta,
1277 2787 1402 2865 plebejis
1426 2789 1504 2848 divi-

157 2876 234 2933 tibus
256 2875 396 2950 patricios
419 2876 529 2950 inopes.
575 2872 642 2932 Hoc
670 2873 745 2950 enim
769 2874 883 2948 uimque
909 2873 1002 2932 ordini
1032 2875 1233 2949 commodum,
1265 2874 1414 2938 nobilibus
1437 2879 1505 2953 qui-

157 2960 231 3033 dem,
255 2969 289 3019 ut
311 2964 389 3020 aucti
413 2964 519 3037 opibus
542 2966 678 3019 tueantur
699 2959 796 3020 locum
819 2977 907 3036 quem
930 2961 1071 3036 obtinent,
1095 2969 1124 3021 ct
1145 2963 1269 3023 laminae
1285 2962 1373 3039 hujus
1395 2965 1504 3026 ordinis

157 3052 344 3122 maritentur3
375 3048 453 3124 plebi
477 3065 563 3122 vero,
594 3058 627 3106 ut
654 3047 799 3124 patefacto
830 3047 868 3105 ad
892 3048 1016 3108 honores
1046 3049 1128 3108 aditu
1159 3051 1258 3108 virtuti
1284 3050 1353 3109 dent
1376 3068 1503 3129 operam,

159 3135 285 3211 denique
306 3138 377 3211 reip.
400 3138 470 3214 ipsi,
494 3145 527 3195 ut
550 3133 666 3194 ordines
688 3141 789 3193 mutua
811 3150 876 3194 sese
900 3135 1042 3195 charitate
1065 3136 1305 3212 complectantur.

243 3223 371 3281 Rursum
396 3223 449 3282 hic
477 3224 598 3299 peremit
627 3223 832 3298 geometricam
860 3221 1040 3299 analogiam,
1080 3233 1112 3282 ut
1138 3224 1337 3284 harmonicam
1367 3223 1503 3300 alliceret,

160 3327 254 3386 neque
279 3319 374 3368 tamen
404 3328 468 3369 eam
491 3309 530 3369 ad
552 3327 661 3369 meram
683 3308 891 3383 aequalitatem
919 3309 1118 3370 arithmeticae
1140 3313 1352 3389 progressionis
1381 3311 1503 3389 redegit.

162 3394 199 3456 Ut
221 3399 248 3456 st
276 3397 305 3468 l,
329 3399 357 3470 3,
382 3398 410 3470 9,
433 3399 619 3472 geometrica,
642 3398 808 3474 perimatm,
837 3395 946 3472 fiatque
972 3399 999 3470 1,
1024 3399 1052 3467 3,
1071 3399 1100 3477 8,
1128 3408 1270 3474 quantum
1292 3399 1340 3458 hic
1360 3416 1505 3459 recessum

163 3494 206 3543 est
228 3484 267 3544 ab
297 3488 321 3554 1,
346 3486 375 3556 3,
400 3486 428 3557 9,
451 3493 563 3544 tanturn
586 3483 647 3542 illic
670 3482 841 3557 derogatum
856 3485 997 3558 patriciis,
1021 3491 1051 3544 et
1065 3494 1205 3560 quantum
1222 3487 1250 3542 in
1270 3488 1297 3559 l,
1323 3487 1350 3559 3,
1376 3487 1405 3560 8,
1429 3505 1505 3563 quo·

162 3588 224 3629 rum
249 3587 385 3630 excessus
408 3574 444 3643 2,
475 3573 493 3632 5
518 3567 599 3652 (cum
622 3572 702 3649 prius
729 3580 828 3630 essent
856 3577 891 3642 t,
921 3566 973 3651 6),
1005 3575 1180 3631 accessimus
1209 3572 1246 3630 ad
1272 3575 1505 3648 progressionem

163 3658 372 3718 arithmeticam
400 3662 431 3727 1,
464 3660 499 3731 3,
530 3661 548 3717 5
573 3653 659 3739 (quia
681 3657 784 3716 horum
815 3674 952 3716 excessus
975 3660 1011 3730 2,
1043 3662 1062 3716 2
1091 3656 1266 3740 aequales),
1296 3666 1410 3718 tantum
1441 3659 1502 3720 illic

162 3745 260 3805 datum
283 3746 376 3822 plebi,
401 3755 433 3803 ut
455 3748 483 3803 in
507 3749 633 3804 numeris
656 3744 775 3821 quidem
797 3744 1003 3804 concordantia
1025 3749 1248 3805 constitueretur
1269 3748 1342 3805 inter
1367 3750 1398 3820 l,
1422 3749 1451 3823 3,
1476 3748 1504 3822 8,

162 3836 190 3889 in
214 3851 273 3910 rep.
299 3849 369 3892 vero
391 3831 597 3892 concordantia
627 3833 701 3890 inter
722 3833 860 3908 patricios
889 3840 920 3891 et
946 3832 1074 3909 plebem,
1103 3842 1239 3894 manente
1262 3840 1360 3894 tamen
1383 3833 1505 3894 distinc-

161 3922 238 3979 tione
262 3920 405 3979 ordinum.
451 3919 534 3980 Haec
555 3923 744 3980 commutatio
770 3921 803 3992 l,
832 3921 904 3978 itin
932 3921 965 3993 l,
997 3921 1014 3977 Β
1046 3930 1177 3981 occurret
1198 3922 1273 3981 libro
1296 3919 1334 3979 V.
1364 3924 1505 3981 etiamid

161 4007 241 4067 coelo
263 4011 338 4083 ipso.

246 4095 283 4152 V.
307 4094 411 4170 inepta
440 4099 485 4152 cst
507 4093 690 4153 arithmetica
710 4091 875 4169 aequalitas
901 4095 932 4150 in
954 4094 1128 4171 symposiis,
1158 4096 1184 4153 si
1211 4095 1375 4171 promiscue
1405 4112 1505 4156 omnes

162 4183 348 4251 accumbant,
376 4179 458 4239 nulla
479 4197 583 4252 serus,
614 4180 803 4254 conditionis,
832 4182 938 4240 aetatis
961 4179 1063 4240 habita
1084 4183 1212 4257 ratione;
1243 4182 1355 4241 insulsa
1376 4185 1505 4250 vicissim

162 4286 238 4328 mera
266 4268 427 4328 similimdo
455 4269 642 4345 geometrica.
686 4267 762 4327 Nam
790 4270 813 4326 si
845 4268 923 4327 docti
955 4276 1069 4340 ,rantum
1103 4265 1195 4327 doctis
1223 4269 1400 4347 jungantur,
1433 4267 1505 4346 quid

162 4355 317 4431 pmdemnt
339 4355 502 4433 imperitis?
524 4357 549 4414 si
570 4355 697 4414 laminae
718 4356 790 4415 solis
813 4355 936 4428 leminis,
961 4373 1038 4432 quae
1060 4355 1220 4431 voluptas?
1251 4358 1276 4416 si
1299 4355 1420 4415 clamosi
1442 4356 1505 4416 cla-

162 4446 265 4517 mosis,
295 4445 361 4519 quls
383 4451 486 4502 auctor
508 4444 543 4502 iis
565 4441 752 4502 modestiae?
798 4441 837 4501 At
859 4444 884 4500 si
908 4459 1003 4518 neque
1027 4460 1144 4501 caecam
1166 4443 1376 4519 aequalitatem
1397 4439 1505 4503 adur‘it·

163 4538 221 4596 tas,
249 4548 346 4606 noque
368 4546 512 4589 morosam
535 4529 768 4603 similitudinem,
799 4527 851 4588 sed
873 4531 998 4588 misceas
1021 4537 1189 4605 utramque,
1219 4529 1332 4589 modice
1355 4536 1451 4591 tamen
1475 4541 1505 4591 et

163 4633 225 4675 cum
244 4617 358 4695 judicio
379 4619 509 4691 rationis,
533 4619 681 4695 proportio
705 4619 759 4675 erit
781 4616 958 4675 harmonica.
1002 4616 1118 4675 Eldcies
1141 4620 1232 4690 euim,
1255 4624 1289 4676 ut
1310 4633 1395 4677 senes
1414 4618 1504 4693 juve·

167 4721 247 4780 num,
277 4707 334 4764 viri
357 4705 527 4764 laminamm
557 4711 677 4781 aspectu
706 4701 871 4779 gaudeant,
900 4703 1025 4779 juvenes
1055 4703 1209 4779 prudentia
1229 4720 1347 4779 senum,
1378 4705 1503 4766 feminae

170 4794 294 4852 viromm
317 4794 490 4851 auctoritate
513 4800 656 4868 regantur,
679 4792 796 4851 tetricos
819 4792 922 4851 urbani
946 4792 1072 4849 excitent
1092 4791 1278 4870 vicissimque
1297 4798 1327 4852 et
1340 4798 1503 4869 vereamur,
