3567 5625
272 409 335 473 388
785 400 936 464 Ptolemaei
947 405 1104 464 Harmonia.

269 585 379 654 periura
395 583 433 651 D,
451 583 488 652 E,
507 580 542 650 F,
562 581 587 637 G
605 588 633 636 et
650 583 677 650 d,
695 599 724 660 c,
735 585 757 652 t,
773 601 793 654 g
808 581 843 638 ab
859 582 1033 639 inierimibus
1051 586 1081 652 Γ,
1100 585 1136 652 Δ,
1154 585 1190 653 Β,
1210 585 1277 640 Oet
1289 584 1322 653 θ,
1338 602 1365 652 u,
1385 587 1410 653 b,
1429 602 1445 642 c
1461 579 1620 654 sejmgunt':

271 663 365 719 eadem
391 670 482 717 tamen
507 660 638 729 diapason
664 661 809 716 intervalla
826 671 942 732 possunt
959 664 1040 717 etiam
1069 663 1108 717 sic
1126 664 1310 734 considerari,
1337 673 1368 720 nt
1386 666 1440 721 sint
1457 667 1523 720 bina
1539 673 1622 721 tetra·

269 743 373 798 chorda
389 742 417 796 in
434 741 467 796 iis
486 740 643 808 conjuncta,
663 739 766 796 Graece
784 756 970 810 synemmena,
997 742 1019 794 si
1037 742 1161 797 nimirum
1180 751 1244 798 tono
1263 745 1395 813 cuiusque
1413 744 1505 799 infimo
1524 760 1622 799 munus

268 821 326 876 toni
344 819 500 889 ffimuucuri
517 819 752 879 tramscribamus.
778 820 815 876 Ut
833 821 856 875 si
875 822 905 889 Γ,
924 821 952 875 Α
970 820 1006 875 sit
1023 827 1104 876 touus
1123 822 1319 893 disjunctionis,
1338 831 1419 880 erunt
1436 824 1472 891 A,
1490 825 1527 892 B,
1548 824 1576 892 0,
1593 824 1623 879 Ι)

269 909 297 957 et
314 901 352 970 D,
369 900 406 969 E,
425 899 461 968 F,
481 897 578 955 Gduo
595 899 770 954 tetrachorda
792 900 938 967 conjuncta
957 906 985 953 et
1002 899 1033 955 D
1050 900 1102 954 crit
1120 900 1223 956 chorda
1246 918 1295 957 seu
1312 915 1397 958 sonus
1415 901 1621 970 coniunctionis,
1665 903 1670 918 ¹

268 990 334 1036 tnnc
351 988 483 1049 sequetur
500 979 533 1048 G,
552 996 571 1034 u
588 977 659 1033 alter
670 985 751 1034 tonus
764 978 951 1046 disjunctione,
972 987 1000 1032 et
1016 997 1043 1046 a,
1062 981 1086 1049 b,
1105 997 1128 1047 c,
1146 980 1205 1034 det
1222 982 1249 1048 d,
1268 998 1290 1050 c,
1307 983 1329 1049 ι’,
1345 999 1364 1052 p
1381 981 1435 1037 duo
1447 979 1622 1035 tetrachorda

161 1097 165 1102 -
267 1061 413 1129 conjuncta
430 1060 458 1112 in
476 1058 608 1127 diapason
626 1059 768 1128 superiori
786 1066 814 1112 et
831 1058 851 1112 d
867 1058 953 1111 altera
971 1057 1133 1112 chordarum
1152 1073 1200 1112 seu
1218 1075 1302 1115 sonus
1319 1058 1526 1128 conjunctionis.
1561 1059 1621 1122 (Re-

266 1140 341 1209 liqua
359 1154 393 1195 ex
410 1137 560 1207 praemisso
583 1139 721 1194 schemate
740 1147 820 1193 erunt
837 1139 930 1204 clara.)
965 1138 1048 1192 Vides
1065 1140 1110 1192 bic
1128 1140 1218 1193 redire
1235 1137 1306 1193 idem
1323 1136 1529 1205 incommodum,
1549 1136 1622 1205 quod

267 1218 349 1273 mium
367 1231 451 1288 supra
468 1217 558 1286 capite
569 1217 595 1273 8.
613 1215 776 1272 disturbavit
793 1217 1030 1286 comparationem,
1050 1234 1087 1273 sc.
1101 1218 1126 1270 Γ
1142 1225 1170 1271 et
1185 1235 1212 1288 p,
1231 1216 1284 1270 duo
1303 1218 1364 1272 soni
1379 1230 1431 1284 per
1447 1215 1622 1285 disdiapason

266 1296 416 1363 distantes,
444 1295 547 1350 cadunt
571 1296 599 1350 in
625 1296 696 1351 idem
723 1305 855 1365 punctum
880 1295 975 1351 circuli
1002 1295 1213 1364 apparitionum.
1249 1295 1346 1365 Itaque
1373 1294 1416 1350 rel
1439 1309 1474 1349 ex
1491 1295 1545 1350 boc
1563 1294 1621 1350 solo

267 1381 396 1445 apparet,
415 1383 538 1428 coactam
555 1389 616 1429 esse
634 1374 871 1442 comparationem.

352 1461 426 1517 Nota
443 1461 476 1518 V.
512 1461 573 1516 Vox
593 1477 732 1515 ‹rursum›
752 1461 849 1516 alludit
866 1460 901 1515 ad
920 1477 979 1530 cap.
1001 1460 1041 1528 ιι),
1060 1460 1125 1528 quia
1142 1460 1224 1514 etiam
1241 1460 1278 1514 ibi
1297 1466 1374 1515 onus
1393 1471 1458 1522 (non
1475 1470 1507 1516 ut
1524 1462 1570 1516 hic
1587 1477 1621 1515 ex

265 1540 349 1606 radiis
367 1540 446 1609 Solis,
463 1540 511 1596 sed
529 1555 564 1595 ex
581 1540 721 1594 bunaonte
739 1539 885 1606 mundano)
904 1538 1114 1609 comparabatur
1131 1555 1201 1594 sono
1219 1539 1274 1594 imo
1293 1547 1321 1593 et
1337 1539 1504 1607 gravissimo.

353 1632 425 1687 Nota
443 1632 489 1686 vi.
524 1630 579 1685 Pro
597 1630 676 1686 trium
703 1629 874 1698 snpe'riornm
901 1636 929 1683 et
948 1629 1043 1684 Lunae
1062 1628 1289 1684 occultationibns
1306 1627 1421 1699 singulis
1440 1635 1505 1684 sunt
1522 1627 1622 1683 Veneri

267 1719 295 1767 et
312 1710 447 1766 Mercurio
465 1709 554 1777 binae,
574 1725 644 1778 quae
662 1709 717 1763 situ
734 1707 905 1778 pransurum
923 1709 951 1763 in
969 1709 1126 1789 summarel
1145 1710 1199 1764 ima
1216 1706 1313 1777 apside
1325 1708 1529 1778 disfiuguuntur
1546 1707 1621 1761 inde·

267 1805 320 1859 qne
339 1789 555 1845 denominantur.
590 1788 697 1841 Dicitur
723 1802 789 1856 ergo
817 1788 937 1843 secunda
955 1787 1100 1844 occultatio
1127 1789 1230 1857 primae
1258 1787 1491 1857 ‹oppositarnon
1516 1795 1620 1842 mnmm

264 1875 376 1942 propter
394 1867 475 1922 sitnm
493 1868 566 1940 bunc
583 1866 679 1922 sideris
697 1867 724 1921 iu
753 1867 879 1938 opposita
898 1867 991 1923 circudi
1008 1875 1101 1936 parte,
1129 1867 1177 1922 sed
1195 1866 1281 1921 multo
1299 1866 1385 1935 magis
1402 1875 1515 1937 propter
1532 1866 1620 1934 ipsam

265 1946 448 2001 conditionem
466 1945 666 2001 occultationis.
701 1946 771 2001 Nam
789 1949 923 2017 inprims
941 1947 1114 2003 occultantur
1139 1947 1276 2008 matutini,
1305 1951 1446 2014 emergunt
1463 1944 1618 2013 vespertini,
1646 1982 1651 1996 .

264 2034 296 2081 ut
312 2025 402 2095 Luna;
420 2027 449 2081 in
461 2026 582 2082 secunda
594 2040 657 2080 vero
675 2026 847 2082 occultantur
858 2026 1013 2096 vespertini,
1032 2033 1173 2098 emergunt
1185 2025 1320 2094 matutini,
1339 2031 1370 2079 ut
1381 2032 1438 2078 tres
1455 2023 1618 2092 superiores.

326 2123 424 2198 ,Noa
443 2123 501 2177 Vll.
539 2121 742 2178 Dubitationem
765 2123 864 2190 babet,
889 2138 945 2191 qua
971 2138 1001 2176 ra
1030 2124 1159 2177 metiatur
1180 2119 1350 2175 latitudinem
1373 2120 1442 2174 situs
1460 2119 1615 2189 acronpcbi:

264 2218 328 2257 uam
345 2202 453 2257 videtur
469 2202 580 2271 planeta
597 2217 652 2256 una
668 2209 697 2256 et
715 2199 809 2254 eadem
828 2199 871 2254 die
887 2198 926 2264 (si
943 2198 1089 2256 latitudine
1106 2202 1189 2267 caret)
1217 2207 1245 2255 et
1261 2200 1327 2254 oriri
1343 2199 1371 2254 in
1389 2215 1444 2255 uuo
1461 2197 1551 2254 noctis
1569 2212 1614 2250 ex·

263 2289 360 2348 memo,
378 2295 416 2334 sc.
434 2280 464 2334 in
482 2279 542 2347 ejus
559 2279 700 2350 principio,
719 2285 747 2331 et
765 2277 889 2333 occidere
908 2277 936 2332 in
954 2276 1076 2346 ejusdem
1094 2278 1148 2333 fine
1167 2294 1216 2333 seu
1235 2286 1356 2335 extremo
1374 2280 1472 2334 altero.
1500 2278 1537 2331 At
1554 2277 1616 2330 Pto

263 2358 384 2414 lemaens
402 2357 573 2412 intervallum
591 2359 669 2426 ponit
681 2373 698 2411 a
709 2359 863 2426 vespertino
881 2365 944 2411 ortu
961 2374 1048 2426 usque
1066 2358 1101 2412 ad
1119 2358 1281 2413 matutinum
1294 2356 1456 2412 occubitum.
1474 2355 1615 2425 Quomodo

263 2445 353 2492 autem
371 2436 469 2490 horum
486 2434 596 2504 aliquod
615 2443 658 2489 est
681 2435 874 2492 intervallum?
910 2437 1043 2492 Nimirum
1069 2437 1177 2505 vesperi
1203 2443 1269 2490 tunc
1294 2435 1447 2491 censendus
1474 2442 1517 2488 est
1544 2434 1615 2499 oriri,

263 2534 324 2573 cum
343 2515 390 2571 Sol
408 2523 514 2570 tantum
529 2514 587 2583 jam
606 2514 745 2569 demersus
764 2523 815 2583 est,
834 2524 866 2569 nt
883 2517 974 2571 oriens
992 2514 1104 2584 planeta
1122 2516 1215 2571 statim
1232 2515 1260 2568 in
1278 2516 1339 2583 ipso
1351 2523 1414 2571 ortu
1431 2516 1505 2570 cerni
1520 2515 1615 2583 possit,

263 2595 337 2666 quod
354 2595 386 2650 iit
403 2602 467 2650 ante
484 2601 639 2649 accuratam
658 2593 873 2663 oppositionem,
902 2594 1014 2663 planeta
1031 2602 1107 2648 motu
1132 2594 1291 2661 retrogrado
1309 2593 1398 2650 adhuc
1417 2596 1490 2650 ultra
1507 2594 1615 2664 opposi-

262 2677 365 2732 tionem
381 2672 656 2742 inconsequentibus
675 2682 809 2729 versante.
846 2674 972 2729 Vicissim
991 2681 1056 2729 tuuc
1074 2688 1153 2727 manc
1171 2673 1324 2728 censendus
1342 2679 1385 2727 est
1402 2673 1534 2740 occidere,
1553 2689 1613 2728 cnm

263 2754 310 2808 Sol
328 2752 418 2809 adhuc
435 2760 513 2807 tanto
532 2753 621 2824 spatio
639 2753 690 2807 sub
708 2753 876 2808 horizontem
895 2753 1035 2809 demersus
1054 2762 1112 2820 est,
1140 2760 1171 2806 ut
1189 2751 1300 2821 planeta
1316 2752 1344 2806 in
1362 2752 1499 2822 ipsissimo
1517 2769 1615 2808 occasu

199 2832 205 2845 ⁸
262 2835 427 2890 constitutus
444 2833 519 2887 cerni
537 2833 636 2902 possit,
663 2832 735 2901 quod
753 2832 785 2887 fit
802 2840 866 2903 post
883 2838 1037 2887 accuratam
1055 2830 1272 2900 oppositionem,
1301 2832 1419 2901 planetis
1437 2842 1513 2888 motu
1530 2842 1615 2888 retro·

261 2911 346 2981 grado
369 2912 427 2979 jam
444 2909 514 2966 ante'
526 2911 598 2967 Solis
617 2910 773 2981 oppositum
792 2911 899 2966 delatis.
935 2911 1019 2967 Notat
1037 2926 1100 2965 vero
1127 2910 1216 2965 locum
1240 2911 1312 2967 bunc
1330 2928 1364 2965 ex
1382 2911 1538 2967 Ptolemaeo
1558 2920 1616 2966 stu·

263 2990 357 3045 diosus
383 2990 562 3045 astronomiae
590 2990 768 3060 conferasque
795 3009 855 3046 cum
882 2992 932 3056 iis,
958 3006 1028 3060 quae
1053 2991 1081 3044 in
1099 2990 1242 3059 Epitomes
1260 2992 1450 3047 Astronomiae
1476 2992 1546 3048 libro
1564 2991 1614 3045 llL

263 3078 358 3126 contm
374 3069 510 3137 vulgarem
528 3084 608 3125 usum
624 3070 698 3125 socia
716 3071 883 3142 acronycbos
902 3069 1051 3140 disputari:
1070 3069 1180 3135 videbit,
1198 3071 1232 3125 ad
1248 3078 1366 3126 mentem
1385 3069 1535 3127 Ptolemaei
1553 3085 1617 3125 esse

263 3149 361 3203 omnia
396 3149 536 3206 Potuisset
554 3150 636 3205 etiam
652 3151 705 3205 boc
723 3152 857 3219 spatium,
875 3151 948 3220 quod
966 3157 1031 3202 tono
1051 3148 1213 3216 disjunmim
1232 3148 1364 3217 vindicat,
1383 3148 1472 3204 metiri
1490 3165 1555 3204 arcu
1573 3165 1618 3203 re·

172 3292 174 3297 ,
261 3229 483 3298 trogradationis,
511 3229 563 3284 nisi
579 3228 625 3284 bic
643 3230 756 3285 dirersis
784 3229 902 3299 planetis
921 3227 1043 3282 diversus
1070 3234 1144 3281 esset
1171 3237 1199 3281 et
1216 3228 1268 3283 nisi
1286 3230 1378 3284 Venus
1396 3231 1617 3300 Mercuriusque,

262 3315 451 3379 praeterquam
471 3309 544 3379 quod
563 3318 627 3365 sunt
644 3310 804 3379 retrogradi,
823 3308 876 3364 boc
894 3306 1011 3377 spatium
1031 3305 1112 3361 etiam
1131 3306 1313 3364 occultatione
1331 3310 1479 3377 signarent.

348 3399 422 3453 Nota
440 3398 512 3453 vm.
538 3398 654 3454 Pulchre
672 3400 716 3454 bic
734 3406 845 3467 argutus
863 3404 914 3464 est,
933 3394 1015 3464 quod,
1034 3410 1095 3449 cum
1107 3395 1200 3450 Venus
1219 3402 1247 3450 et
1259 3395 1410 3451 Mercurius
1428 3396 1506 3451 binas
1524 3394 1618 3452 occul·

260 3477 378 3532 tationes
396 3477 529 3545 habeant,
547 3478 644 3548 reliqui
662 3484 766 3534 tantum
785 3475 920 3547 singulas,
940 3475 1053 3530 alterius
1072 3474 1131 3530 vice
1150 3476 1178 3529 in
1196 3475 1321 3537 Saturno.
1338 3476 1415 3546 Jove,
1434 3477 1524 3530 Marte
1543 3475 1618 3531 situs

260 3555 437 3625 acronyobioa
455 3557 545 3625 ponit,
572 3557 600 3610 in
626 3557 706 3611 Luna
731 3553 922 3626 plenilunium3
949 3553 1073 3608 tribuens
1101 3560 1128 3607 et
1145 3552 1188 3606 bis
1211 3553 1425 3623 apparitionibus
1444 3555 1525 3609 unius
1543 3555 1620 3623 signi

259 3634 444 3703 latitudinem,
463 3649 512 3703 per
530 3651 610 3704 quam
629 3635 786 3691 indifferens
804 3642 895 3689 manet
914 3632 1057 3703 apparitio,
1076 3649 1127 3687 nec
1145 3633 1276 3687 intactum
1293 3647 1344 3687 nec
1362 3632 1428 3688 illud
1446 3631 1619 3701 relinquens,

260 3713 332 3781 quod
344 3712 431 3782 Luna,
450 3720 579 3782 quantum
592 3715 714 3784 acquirat
726 3714 834 3781 luminis
852 3714 879 3768 in
899 3712 1028 3768 distantia
1045 3711 1125 3766 unius
1144 3711 1213 3780 signi
1232 3726 1248 3764 a
1266 3710 1338 3780 Sole,
1357 3717 1463 3766 tantum
1481 3710 1622 3782 deperdat

257 3791 286 3845 in
304 3791 434 3848 distantia
450 3793 530 3848 unius
548 3793 618 3863 signi
637 3809 654 3847 a
672 3794 743 3849 Solis
767 3795 908 3863 opposito:
937 3791 1010 3861 quod
1035 3798 1175 3860 comparat
1203 3805 1264 3844 cum
1291 3789 1501 3846 identisonantia
1527 3791 1623 3861 ipsius

229 3935 233 3941 ᾗ
259 3868 398 3939 diapason,
417 3879 448 3925 ut
465 3871 493 3927 in
511 3888 566 3941 qua
583 3878 626 3927 est
643 3873 725 3928 etiam
741 3872 769 3926 in
788 3872 921 3941 oppositis
939 3871 1053 3927 uocibus
1071 3870 1205 3939 quaedam
1224 3871 1321 3924 unitas.
1355 3894 1366 3904 ·

346 3966 419 4020 Nota
435 3966 482 4021 IX.
519 3965 697 4021 Confitentem
715 3967 847 4024 babemus
865 3932 1064 4034 Ptolemaeum,
1092 3981 1123 4020 se
1140 3964 1356 4034 comparationes
1375 3964 1483 4020 tradere
1500 3966 1621 4022 minime

141 4104 152 4117 .
259 4052 414 4113 accuratas,
442 4061 504 4100 cum
522 4054 616 4101 utatur
642 4063 707 4102 soce
727 4065 824 4117 «quam
843 4047 991 4117 proxime».
1028 4047 1066 4101 Et
1091 4060 1136 4099 rea
1154 4045 1214 4113 ipsa
1231 4044 1363 4113 loquitur,
1391 4062 1452 4100 cum
1471 4046 1527 4102 sint
1544 4046 1623 4103 haec

259 4124 470 4181 occultationum
486 4125 630 4182 intervalla
657 4127 685 4181 in
701 4127 815 4183 diversis
841 4127 959 4196 planetis
977 4123 1174 4193 diversissima,
1199 4124 1228 4177 in
1246 4124 1351 4178 Venere
1376 4124 1514 4178 interdum
1532 4124 1624 4195 plane

258 4203 348 4272 nulla,
367 4212 399 4259 ut
415 4203 468 4258 hoc
486 4221 557 4259 anno
579 4206 655 4262 1619.
673 4205 836 4271 Februario,
863 4221 926 4260 cum
943 4204 1018 4275 prius
1037 4210 1080 4259 est
1098 4209 1159 4263 orta
1176 4218 1268 4272 mane,
1297 4219 1378 4271 quam
1396 4202 1534 4260 occideret
1553 4221 1622 4262 ves·

261 4284 334 4352 peri;
362 4280 445 4350 igitur
471 4282 652 4338 occultatione
678 4285 773 4340 caruit.
809 4284 913 4353 Quodsi
937 4300 1013 4339 meae
1031 4281 1246 4352 comparationes
1265 4297 1351 4350 aeque
1369 4281 1540 4352 negligentes
1561 4285 1626 4343 sint

258 4377 444 4417 mensurarum
457 4364 624 4433 quantitatis,
644 4381 697 4419 non
710 4379 802 4432 renuo,
821 4362 886 4432 quin
906 4362 999 4417 eudem
1012 4362 1082 4417 loco*
1090 4361 1250 4428 habeantur,
1270 4377 1324 4430 quo
1337 4361 1520 4418 Ptolemaicae
1532 4364 1624 4422 istae.

344 4457 417 4513 Nota
434 4458 468 4514 X.
504 4458 726 4516 subaudiendum
752 4460 796 4514 hic
823 4466 878 4514 cst:
906 4457 1132 4527 quemadmodum
1158 4459 1248 4513 tonica
1274 4456 1417 4513 interualla
1443 4459 1624 4528 respondent

258 4536 433 4593 duodecimae
451 4540 523 4607 parti
540 4538 635 4595 circuli
653 4546 681 4595 et
698 4548 763 4595 sunt
781 4536 941 4594 duodecima
959 4553 1023 4605 para
1040 4537 1175 4593 intervalli
1202 4537 1317 4609 perfecti
1335 4539 1490 4607 systematis
1510 4539 1624 4597 disdia-

257 4631 357 4688 pason;
375 4615 404 4671 id
421 4618 492 4671 enim
509 4616 621 4672 tradidit
638 4617 684 4673 ille
702 4619 791 4688 capite
809 4619 834 4675 9.
854 4626 882 4673 et
899 4632 949 4672 nos
967 4616 1005 4671 ibi
1023 4618 1244 4687 examinavimus,
1263 4624 1380 4687 ostenso,
1399 4616 1473 4685 quod
1493 4635 1622 4689 propor-

257 4695 357 4750 tionem
376 4693 486 4773 duplam
504 4696 589 4764 ipsius
608 4696 739 4766 diapason
756 4715 810 4753 non
828 4698 935 4766 possint
958 4698 1237 4773 exactelconstituere
1255 4696 1462 4765 sesquioctavae
1478 4696 1624 4767 integrae„

343 4790 415 4847 Nota
432 4790 481 4845 XI.
518 4791 613 4860 Capite
632 4792 657 4848 9.
676 4801 827 4865 tetragono,
845 4799 877 4848 ut
894 4793 1027 4862 aspectui,
1046 4793 1099 4848 tria
1116 4784 1224 4864 integra
1236 4793 1312 4862 signa
1323 4794 1552 4865 accersebantur,
1574 4795 1626 4855 laic

257 4868 352 4937 eidem,
370 4879 401 4926 nt
417 4869 505 4941 phasi,
523 4871 636 4929 semisse
654 4873 753 4944 minus,
771 4873 799 4928 id
816 4888 880 4929 sero
899 4870 1026 4929 affectate
1044 4872 1079 4930 ob
1097 4872 1275 4942 diatessaron,
1292 4873 1321 4928 in
1339 4889 1393 4942 qno
1411 4879 1494 4930 tonus
1512 4874 1624 4951 major,
