3567 5625
238 398 300 462 aba
576 360 616 435 ἡ.
649 398 691 452 De
709 394 973 466 configurationibus
990 395 1169 452 Harmomcis.

239 582 269 636 et
290 576 525 652 somniatorium3
555 577 649 651 magis
671 576 841 652 increpandi
863 573 1000 635 videntur
1022 575 1232 654 philosophiae
1250 577 1426 655 professores
1449 573 1587 648 celebres,
1631 560 1638 573 ’

238 666 289 741 qui
312 681 376 723 curu
399 665 541 740 recipiant
561 663 618 723 hoc
640 665 679 723 ab
702 663 860 723 Aristotele
882 680 946 735 suo,
970 665 1061 723 vitam
1085 667 1266 724 animantum
1292 666 1516 742 plantarumque
1539 663 1585 722 io-

239 753 302 811 veri
324 755 432 811 virtute
445 750 531 823 Solis,
554 769 613 810 non
635 752 826 828 perpendunt,
848 753 959 828 percipi
976 769 1045 826 ergo
1061 753 1098 810 ab
1115 753 1172 811 illis
1187 756 1326 812 creaturis
1347 755 1483 811 virtutem
1500 749 1587 810 Solis.

240 838 322 899 Iners
346 840 462 898 omnino
487 846 517 897 et
538 839 722 899 somnolenta
744 839 939 915 philosophia,
964 856 1040 913 quac
1062 842 1171 916 patitur
1185 839 1284 900 Solem
1307 843 1336 898 in
1358 840 1431 899 baec
1453 840 1589 899 inferiora

240 944 346 1003 ogere,
373 935 403 984 ut
424 928 583 985 statuarius
605 929 667 1003 agit
689 930 718 984 in
740 930 891 986 materiam
915 929 1093 999 exanimem,
1127 946 1193 988 cum
1216 927 1332 1005 sculpra
1354 927 1415 986 Soli
1449 934 1478 985 et
1505 926 1589 984 caela
1700 982 1704 992 ,

239 1023 269 1073 st
291 1014 430 1073 dolabrae
454 1014 550 1073 desint
573 1020 602 1073 et
625 1017 724 1073 omnia
745 1017 938 1073 iustrumenta
960 1030 1108 1089 corporea.
1155 1015 1272 1090 Quanto
1298 1015 1468 1092 vigilantior
1488 1013 1589 1090 pbilo-

241 1101 340 1178 sophis
367 1101 448 1161 hisce
476 1105 566 1177 polita
587 1102 747 1179 Virgilius,
769 1108 880 1178 quanto
908 1109 937 1160 ct
965 1103 1146 1177 sapientiori
1177 1106 1227 1179 qni
1255 1121 1292 1164 ne
1319 1103 1429 1180 pluviis
1459 1100 1588 1176 quidem,
1619 1116 1627 1125 ⁴

241 1206 316 1265 quae
339 1195 408 1248 sunt
429 1196 528 1248 maren
551 1197 580 1249 et
602 1191 685 1265 ipsae
708 1207 775 1266 pars
798 1192 947 1261 materiae,
971 1192 1153 1249 transscribit
1176 1193 1282 1266 omnia,
1306 1189 1358 1251 sed
1377 1190 1484 1248 Terrae
1507 1191 1589 1247 sinus

144 1336 150 1343 ,
241 1284 391 1352 comparat
412 1280 527 1354 premio
549 1280 685 1353 conjacuit
716 1277 885 1354 etquidem
908 1278 1019 1347 laetae
1051 1276 1107 1337 hoc
1136 1286 1180 1337 cst
1209 1280 1409 1356 percipientis,
1440 1274 1510 1352 quid
1533 1277 1590 1335 sibi

241 1363 307 1437 fiat,
338 1382 403 1423 curn
426 1364 579 1441 voluptate
608 1372 748 1439 motuque
771 1364 876 1424 idoneo
909 1365 1043 1422 maritum
1072 1365 1254 1441 adjuvantis,
1283 1383 1361 1442 quae
1383 1367 1480 1424 omnia
1508 1366 1589 1423 vitae

242 1459 311 1510 suut
333 1451 442 1511 indicia
458 1455 651 1528 animamque
674 1459 842 1529 supponunt
865 1454 894 1509 in
917 1468 1036 1528 corpore
1059 1456 1190 1528 patienti.
1235 1455 1297 1514 Nec
1313 1456 1390 1512 enirn
1404 1452 1489 1511 tacite
1504 1453 1592 1510 inerit

243 1538 322 1613 Soli,
345 1539 486 1601 militibus
509 1541 621 1599 idoneis
645 1539 799 1607 destituto,
831 1540 969 1598 invadere
997 1556 1093 1597 arcem
1115 1541 1190 1601 banc
1213 1544 1356 1601 viscerum
1383 1541 1503 1610 Terrae,
1533 1541 1591 1598 nisi

245 1622 402 1687 concurrat
424 1631 522 1687 anima
545 1627 767 1704 qualiscunque,
791 1627 897 1688 sedens
919 1629 1007 1698 intus,
1030 1644 1095 1686 curn
1109 1628 1193 1689 hoste
1210 1628 1359 1689 colludens
1384 1631 1470 1704 cique
1491 1634 1592 1704 portas

244 1716 389 1791 aperiens.
435 1714 554 1782 Videas,
577 1714 711 1777 laborare
733 1714 821 1793 hujus
844 1714 1085 1774 considerationis
1101 1716 1235 1791 neglectu
1248 1735 1312 1793 ,ceu
1326 1724 1446 1777 veterno
1462 1714 1592 1790 quodam

244 1800 410 1880 plerosque,
434 1806 484 1878 qui
507 1802 555 1862 vel
577 1805 728 1861 minimum
759 1802 937 1878 astrologiae
959 1803 1105 1879 tribuunt;
1134 1803 1209 1864 adco
1232 1804 1364 1882 quidem,
1396 1811 1429 1863 ut
1451 1820 1517 1862 cum
1539 1821 1594 1862 ex-

244 1892 333 1950 orirer
355 1906 427 1965 ego,
459 1892 510 1965 qni
539 1889 659 1949 modum
688 1889 937 1963 demonstrabam,
970 1907 1029 1965 quo
1059 1899 1230 1967 sequeretur
1258 1911 1294 1953 ex
1312 1900 1439 1970 ,aspectu
1468 1892 1592 1949 mutatio

243 1984 470 2053 tempestatum,
499 1980 637 2037 existeret
658 1981 703 2036 vir
725 1978 852 2049 celeber,
882 1979 932 2053 qui
956 1986 989 2035 ut
1011 1995 1056 2036 me
1079 1980 1218 2039 refutaret
1243 1999 1352 2056 magna
1374 1981 1594 2039 asseveratione

245 2064 452 2138 contendebat,
484 2064 650 2142 pluviarum
672 2069 823 2126 materiam
847 2064 940 2142 (quod
963 2083 1051 2141 supra
1072 2065 1122 2126 iol.
1147 2069 1210 2126 235
1232 2072 1261 2127 in
1285 2068 1375 2144 vulgo
1404 2070 1492 2128 etiarn
1514 2065 1594 2124 ride-

243 2151 361 2229 bamus)
384 2152 540 2213 coelestem
563 2170 643 2227 esse,
666 2171 761 2230 neque
784 2162 891 2226 tamen,
916 2169 951 2210 nc
975 2155 1017 2211 sic
1040 2155 1166 2229 quidem,
1192 2155 1325 2228 docebat,
1350 2172 1408 2232 quo
1430 2162 1518 2231 pacto
1532 2154 1594 2224 liat,

245 2248 278 2298 ut
301 2257 366 2300 cum
395 2258 509 2317 semper
537 2243 567 2299 in
589 2240 680 2300 Terra
709 2246 813 2301 cadant
842 2240 1025 2317 planetarum
1048 2242 1137 2316 radii,
1167 2244 1286 2319 pluviae
1316 2252 1386 2302 tunc
1410 2245 1508 2320 potius
1541 2241 1594 2300 de-

245 2327 352 2399 sidant,
375 2329 401 2386 si
423 2329 498 2387 radii
521 2330 652 2388 binorum
667 2330 852 2404 planetarum
866 2328 975 2386 iaciant
990 2327 1129 2401 angulum
1147 2329 1211 2402 60⁰,
1235 2349 1322 2408 quam
1345 2332 1368 2390 si
1387 2327 1443 2389 59ο
1459 2338 1511 2390 aut
1529 2324 1594 2389 61⁰.

204 2426 210 2431 ·
334 2415 395 2491 Ego
426 2433 495 2475 vero
526 2424 594 2475 ante
623 2420 721 2476 omnia
748 2416 797 2476 Jo.
821 2416 883 2475 Pici
908 2414 1092 2476 Mirandulae
1116 2417 1238 2477 comitis
1266 2420 1356 2477 libros
1379 2417 1464 2476 xiv.
1495 2424 1598 2475 contra

244 2501 433 2579 astrologiam
456 2504 527 2563 mihi
549 2503 689 2580 legendos
712 2507 813 2564 censui
836 2506 1033 2577 rationesque,
1057 2522 1130 2579 quas
1151 2507 1177 2563 is
1200 2508 1305 2582 cuique
1321 2509 1409 2583 capiti
1425 2514 1596 2583 opponeret,

245 2590 451 2665 excutiendas,
475 2609 532 2667 qua
553 2609 584 2651 rc
607 2593 731 2663 iactum,
763 2600 877 2651 utnon
900 2598 1014 2649 tantum
1037 2592 1219 2653 confirmarer
1241 2597 1270 2653 in
1294 2594 1480 2653 damnatione
1502 2593 1597 2669 pluri·

245 2696 357 2738 marum
379 2681 628 2754 superstitionum,
650 2679 702 2739 sed
727 2681 814 2739 ctiam
837 2681 867 2735 in
890 2678 1066 2753 quibusdam
1089 2698 1168 2739 nova
1189 2682 1261 2740 mihi
1283 2682 1332 2739 lux
1357 2683 1493 2755 oriretur,
1527 2679 1597 2738 dum

245 2767 305 2824 vim
329 2767 526 2842 objectionum
560 2770 671 2845 ingenii
694 2769 878 2829 contentione
912 2764 1071 2825 discutiens
1108 2786 1169 2829 rem
1192 2772 1284 2846 ipsam
1308 2771 1433 2847 penitius
1457 2768 1598 2844 intiospi·

246 2855 369 2913 aiebam.
414 2854 551 2930 Denique
574 2857 641 2916 fecit
664 2854 737 2915 liber
759 2855 807 2915 ille
829 2853 983 2914 refutando
1008 2856 1156 2930 nonnulla,
1180 2866 1213 2916 ut
1228 2860 1264 2916 iis
1287 2875 1343 2935 ego
1366 2857 1451 2916 iidem
1473 2856 1599 2916 adbibe-

246 2958 326 3019 rem,
357 2939 464 3017 quibus
487 2949 575 3002 autea
593 2952 626 3002 ut
648 2942 734 3002 iidem
758 2943 936 3019 derogarem,
961 2942 1102 3018 astrologi
1128 2944 1310 3005 defendendo
1341 2947 1503 3005 effecerant.
1550 2944 1599 3003 Sic

246 3028 301 3087 luit
323 3045 389 3087 oum
412 3031 588 3104 aspectibus.
635 3030 708 3090 Cum
731 3034 808 3090 enim
831 3047 867 3089 ex
889 3046 950 3087 uua
971 3036 1054 3104 parte
1076 3037 1247 3109 respicerem
1271 3032 1309 3091 ad
1333 3032 1599 3092 constantissimam

247 3118 472 3191 experientiam,
497 3134 555 3176 nou
579 3117 696 3193 quidem
719 3121 856 3193 nivibus,
880 3123 932 3175 aut
956 3118 1066 3190 ventis,
1090 3128 1142 3179 aut
1168 3122 1333 3180 tonitrubus
1355 3120 1497 3196 aliisque,
1521 3137 1599 3194 quae

248 3202 416 3279 praedicere
440 3204 535 3263 solent
557 3204 711 3282 astrologi,
736 3210 778 3266 sic
801 3208 830 3264 in
853 3205 951 3280 specie
974 3203 1108 3286 inhians,
1138 3208 1190 3268 scd
1213 3209 1387 3284 generaliter
1409 3207 1598 3266 animadver-
1658 3219 1664 3231 ·

247 3297 321 3364 tens,
345 3298 454 3350 statum
476 3294 553 3351 atris
568 3310 743 3369 quocunque
759 3294 846 3352 modo
862 3294 1049 3365 commoveri,
1072 3296 1097 3351 si
1121 3305 1218 3355 esseut
1234 3304 1377 3372 aspectus,
1402 3297 1484 3356 verbi
1500 3312 1599 3368 causa

247 3380 272 3436 si
296 3384 394 3439 essent
416 3379 563 3454 conjuncti
586 3380 666 3439 Mars
689 3390 718 3440 et
740 3381 866 3458 Jupiter,
891 3381 1050 3455 quiescere,
1074 3383 1098 3439 si
1118 3401 1176 3441 uon
1193 3383 1345 3456 essent3⁵l
1369 3401 1404 3443 er
1421 3384 1512 3443 altera
1528 3399 1600 3442 vero

248 3473 331 3541 parte
365 3465 602 3525 Mirandulanum
626 3466 771 3544 audirem,
806 3474 1008 3543 quaerentem:
1043 3486 1133 3543 quare
1164 3474 1264 3548 potius
1290 3471 1403 3543 credat,
1438 3470 1548 3530 Jovem
1571 3477 1602 3529 el

248 3553 389 3626 Martem,
412 3571 479 3612 cum
501 3554 638 3615 videntur
660 3557 746 3614 simul
770 3573 842 3624 esse,
865 3555 978 3629 majora
1000 3555 1110 3628 lacere,
1144 3577 1232 3634 quam
1261 3576 1327 3616 cum
1350 3566 1417 3618 sunt
1446 3556 1601 3633 separati?

250 3642 359 3718 quippe
382 3642 587 3719 coniunctione
610 3660 667 3702 non
691 3647 791 3721 augeri
814 3644 940 3715 lumina,
971 3651 1112 3716 quantum
1137 3650 1218 3705 eninr.
1241 3646 1433 3721 possederant
1462 3648 1601 3722 separati,

250 3734 363 3787 tantum
387 3729 487 3789 aliene
511 3732 539 3786 in
563 3747 762 3807 congressum,
787 3731 892 3808 quodsi
917 3729 1099 3788 diversarum
1120 3733 1294 3809 qualitatum
1321 3734 1458 3810 planctae
1481 3736 1602 3804 coirent,

250 3814 343 3874 videri
366 3815 489 3875 alterum
513 3818 550 3876 ab
573 3817 666 3880 altero
688 3823 786 3897 potius
810 3817 959 3894 impediri3
984 3816 1031 3875 hic
1054 3819 1172 3896 inquam
1189 3840 1244 3897 ego
1266 3826 1485 3900 responsionem
1509 3838 1603 3896 quae-

251 3920 334 3975 rens,
365 3910 398 3961 ut
419 3910 555 3979 aspectus
577 3913 686 3978 tuerer,
719 3908 755 3965 ad
780 3923 854 3982 quos
877 3913 1007 3962 meteora
1031 3912 1113 3980 sequi
1138 3909 1300 3983 videbam,
1328 3913 1454 3986 primum
1476 3907 1543 3967 illos
1571 3915 1605 3966 ut

252 4006 379 4063 causam,
404 3989 509 4050 deinde
531 3992 604 4076 haec
626 4001 658 4050 ut
680 3994 814 4053 effectum
832 3989 1000 4068 diligentius
1016 3995 1198 4056 considerare
1220 3998 1314 4072 coepi.
1360 3997 1507 4073 Aspectus
1525 3998 1603 4053 enim

251 4078 354 4151 forma,
378 4093 454 4152 quae
477 4096 513 4138 ex
529 4079 758 4156 configuratione
781 4080 828 4141 vel
845 4077 1035 4154 angulationc
1051 4086 1217 4156 promiscua
1233 4093 1382 4159 aspectum
1404 4085 1482 4157 facit,
1507 4100 1604 4159 quan-

252 4167 321 4244 titas
344 4164 523 4240 qualitativa
544 4176 620 4241 erat,
649 4171 708 4227 imo
737 4169 840 4228 relatio
863 4167 966 4225 talium
991 4174 1186 4240 quantitatum
1217 4180 1295 4245 erat,
1327 4190 1378 4231 ens
1407 4189 1447 4230 sc.
1470 4174 1604 4229 rationis.

251 4250 292 4312 Ut
313 4254 404 4329 igitur
426 4264 622 4314 commoveret
645 4260 750 4329 adrem,
775 4256 944 4332 oportebat,
979 4262 1011 4310 ut
1033 4260 1175 4318 rationem
1209 4260 1338 4334 aliquam
1360 4262 1439 4336 prius
1461 4266 1604 4332 moveret,

252 4356 330 4416 quae
351 4341 400 4399 rol
422 4345 528 4416 adrem,
552 4342 652 4417 velid,
676 4362 735 4420 quo
758 4347 783 4402 is
808 4343 948 4411 turbatur,
972 4342 1001 4396 in
1017 4352 1164 4417 potestate
1181 4347 1279 4406 habet.
1326 4346 1419 4406 Simul
1442 4347 1480 4405 ob
1502 4346 1605 4405 oculos

252 4429 426 4487 vorsabatur
448 4434 627 4506 comparatio
650 4439 819 4509 aspectuum
843 4448 908 4489 cum
930 4430 1145 4493 concordantiis
1166 4436 1293 4510 musicis,
1316 4434 1520 4493 aPtolemaeo
1544 4442 1606 4492 tra·

252 4514 328 4586 dita,
357 4515 533 4576 aCardano
566 4518 727 4594 explicata,
760 4514 1007 4577 aMirandulano
1029 4536 1100 4579 vero
1128 4524 1214 4580 nimis
1236 4531 1346 4582 temere
1372 4521 1512 4598 explosa,
1545 4539 1605 4596 qua

253 4603 392 4681 analogia
419 4604 574 4681 plurimum
605 4625 668 4666 sum
696 4610 815 4684 adjutus
852 4611 880 4665 in
911 4619 1064 4666 causarum
1097 4610 1296 4686 indagatione.
1348 4611 1421 4669 Nam
1453 4608 1602 4684 pleraque,

330 4798 354 4848 *l
368 4799 428 4841 (lave
447 4771 622 4850 ambiguitatem:
650 4802 685 4842 Ad
704 4801 799 4844 effectus
818 4804 929 4843 meteoros
950 4805 1086 4851 generaliter
1106 4805 1242 4842 concurrunt
1263 4805 1369 4852 aspectus
1390 4801 1450 4840 inter
1463 4808 1557 4849 cauam
1581 4803 1605 4840 at

254 4849 350 4898 aliquam
364 4855 452 4903 longam
465 4859 551 4904 partam
571 4856 624 4895 suni
647 4857 740 4906 slnsqne
755 4857 886 4906 qualitatem
900 4857 1026 4898 continuam
1047 4860 1072 4897 et
1084 4857 1211 4903 generalem
1231 4859 1340 4906 aspectus
1354 4854 1479 4906 qnouoiart
1493 4863 1538 4894 non
1552 4863 1606 4893 rastr-v

254 4904 346 4953 untur,
362 4905 403 4948 soil
416 4911 487 4957 agunt
498 4910 523 4949 in
536 4908 585 4950 diet
599 4911 686 4949 aarum
701 4909 816 4959 singulos,
830 4910 853 4949 in
868 4921 925 4961 quos
939 4910 1048 4952 incidunt.
1075 4909 1132 4951 Vide
1146 4908 1212 4951 mua
