3567 5625
604 457 783 517 namnum.
818 456 968 516 liberm
990 458 1118 530 capati
1156 481 1161 494 ¹
1472 465 1533 527 141

180 637 273 687 motas
289 639 410 699 werae,
432 635 461 691 in
479 643 610 706 qnantum
627 638 790 707 participant
807 637 970 707 bireetioae,
994 637 1024 691 in
1040 641 1147 690 tam
1172 634 1254 691 etiam
1275 634 1409 691 identiohs
1431 635 1537 694 hanna

180 715 386 781 consonantias;
406 731 513 786 sempor
531 717 601 772 euim
620 731 684 785 pars
702 717 804 784 circuli,
823 717 942 772 rescissa
958 716 1074 772 alstano
1085 713 1189 781 figurae
1199 714 1367 783 pmterioris
1384 731 1446 774 cum
1457 722 1536 785 pane

180 807 196 843 a
214 792 312 858 prioris
330 792 417 847 latere
435 794 550 848 rescissa
568 804 701 849 consonat
718 793 849 862 identice;
869 802 900 849 ut
918 794 1017 849 docent
1033 792 1234 862 propositiones
1245 792 1376 861 reliquae.
1411 794 1456 848 Ita
1472 810 1535 850 con·

178 874 235 922 stat
252 870 378 937 analogia
395 871 520 927 omuibus
538 873 595 927 suis
613 872 749 928 membris.
787 871 860 927 Usus
878 871 961 939 hujus
979 888 1056 941 prop.
1074 876 1119 926 est
1134 870 1163 924 in
1180 870 1314 939 sequenti.

267 942 336 1003 Pro
345 949 496 1023 positio
520 946 571 1007 lV.
618 947 751 1018 Clrorda,
783 963 859 1023 quae
890 955 1034 1006 consonat
1067 962 1132 1004 cum
1160 944 1301 1004 alterutra
1330 945 1537 1024 multiplicium

178 1035 377 1107 proportionis
400 1031 508 1110 duplae
532 1037 703 1108 continuae,
728 1042 871 1094 consonat
893 1043 924 1093 et
945 1051 1013 1094 eum
1034 1031 1163 1107 reliqua,
1193 1040 1222 1091 et
1244 1035 1272 1092 si
1294 1034 1333 1094 ab
1357 1051 1416 1094 una
1438 1034 1537 1097 disso-
1637 1051 1643 1058 ·

179 1128 247 1190 nat,
273 1122 362 1178 etiam
384 1121 423 1178 ab
446 1121 539 1181 altera
561 1123 700 1183 dissonat.

266 1201 337 1256 Nam
355 1218 405 1271 per
423 1218 463 1271 pr.
481 1202 507 1258 3.
527 1205 588 1258 soni
605 1206 734 1264 continue
752 1202 897 1272 duplarum
916 1210 981 1258 sunt
997 1202 1068 1257 iuter
1085 1217 1116 1256 so
1131 1200 1250 1256 identici.
1287 1202 1367 1270 Quod
1379 1219 1444 1260 raro
1461 1204 1536 1262 iden-

183 1279 300 1335 ticarum
319 1281 483 1336 chordarum
500 1284 548 1338 nni
567 1293 712 1351 consonat,
732 1290 760 1337 et
777 1283 855 1337 alteri
873 1289 1006 1337 consonat
1022 1288 1050 1336 et
1067 1290 1171 1350 cetera,
1188 1298 1238 1351 per
1255 1297 1298 1337 an
1317 1283 1342 1338 6.

265 1359 356 1428 lintius
374 1362 567 1429 propositionis
586 1379 669 1419 causa
687 1364 805 1433 positum
823 1361 876 1416 suit
893 1363 1002 1416 axioma
1019 1361 1045 1416 6.
1068 1367 1097 1413 et
1115 1359 1198 1416 servit
1221 1360 1289 1414 haee
1310 1361 1463 1430 propositio
1477 1363 1536 1432 jam

178 1438 303 1507 partibus
327 1446 355 1494 et
373 1440 490 1495 residuis
515 1442 676 1498 circulorum
694 1439 891 1498 examinandis.
927 1439 1047 1494 Canem
1070 1438 1148 1493 scioli
1171 1439 1391 1494 aeontractione
1413 1443 1537 1512 proposi·

178 1518 284 1571 tionum
302 1526 330 1572 et
348 1519 526 1585 axiomatnur3
544 1523 620 1578 nulla
638 1539 666 1579 n.
684 1521 834 1588 tautologia
852 1529 903 1587 est,
922 1518 1013 1574 omnis
1030 1519 1200 1587 neeessaria;
1217 1517 1337 1574 involvet
1355 1535 1393 1591 se,
1412 1521 1536 1590 quisquis

179 1610 237 1650 rem
254 1596 363 1652 brevius
380 1599 532 1667 transigere
549 1601 672 1656 renuerit
1444 1651 1447 1656 .

266 1670 487 1748 Propositio
515 1675 552 1734 V.
602 1678 664 1736 Etsi
697 1677 791 1735 lutera
823 1673 975 1733 stellarum
1013 1671 1253 1733 demonstrabilia
1287 1681 1385 1732 cetera
1420 1683 1538 1751 propter

181 1757 491 1821 demonstrabilitatem
523 1762 629 1823 eodem
651 1764 719 1840 jure
756 1780 900 1823 consonas
922 1763 977 1821 toti
1005 1769 1103 1837 partes
1135 1761 1163 1817 in
1194 1758 1304 1819 oiroulo
1332 1760 1536 1835 determinant,

181 1862 239 1922 quo
257 1846 326 1923 jure
349 1848 379 1907 id
400 1843 512 1910 iaciunt
532 1850 644 1927 figurae
666 1851 780 1911 illarum
803 1847 962 1922 radicales,
993 1856 1026 1924 ut
1048 1855 1094 1907 est
1121 1849 1150 1904 in
1173 1850 1320 1907 axiomata
1343 1852 1451 1924 primo,
1484 1868 1537 1909 ex-

180 1936 328 2009 cipiuntur
351 1944 446 1995 tamen
471 1939 535 2010 iila,
569 1956 645 2015 quae
667 1949 778 2015 partem
803 1936 904 1996 circuli
934 1936 1075 1995 absecant
1102 1943 1283 1995 constantem
1306 1952 1426 1996 numero
1450 1932 1536 2017 (par-

111 2033 115 2042 “
180 2023 270 2092 tium,
306 2037 379 2097 quas
409 2023 479 2084 lecit
509 2026 602 2100 figura
629 2026 781 2104 radicalis)
811 2026 928 2102 proprio
961 2022 1087 2099 alicujus
1119 2022 1231 2099 figurae
1261 2021 1537 2096 indemonstrabilis,

183 2108 302 2184 qnando
325 2117 415 2185 partis
440 2122 470 2172 et
491 2120 581 2173 totius
605 2115 716 2172 numeri
738 2114 845 2172 luerint
869 2117 943 2170 inter
965 2112 1113 2186 reprimi.

267 2191 360 2247 Prima
376 2193 460 2263 hujus
478 2197 673 2268 propositionis
689 2213 753 2265 pars
773 2204 815 2249 est
833 2195 953 2248 axioma,
973 2192 1045 2262 quod
1064 2210 1099 2248 ne
1114 2192 1224 2246 nimium
1238 2192 1365 2260 generale
1383 2193 1470 2261 fieret,
1488 2209 1538 2264 per

76 2295 78 2304 κ
182 2271 329 2325 secundam
352 2274 547 2342 propositionis
570 2282 674 2346 partem
702 2273 918 2340 restringendum
945 2272 1004 2326 fuit
1043 2272 1253 2326 Demonstratur
1277 2280 1370 2328 autem
1396 2274 1452 2329 sic:
1478 2283 1538 2329 esto

182 2366 299 2419 namque
322 2349 440 2405 circulus
466 2352 567 2408 divisus
591 2352 712 2423 atigura
731 2351 947 2419 demonstrabili,
976 2350 1051 2405 verbi
1069 2366 1150 2405 causa
1169 2352 1203 2405 ab
1223 2350 1378 2419 icosigono;
1405 2358 1464 2407 esto
1479 2351 1537 2419 jam

182 2428 260 2482 stella
278 2429 455 2498 icosigonica‚
481 2432 559 2501 cujus
576 2432 648 2488 latus
667 2431 815 2486 subtendat
833 2430 866 2501 ,ἧς
892 2429 926 2483 ab
950 2429 1089 2496 ioosigono
1112 2427 1213 2497 factas,
1239 2430 1278 2483 sic
1296 2440 1326 2486 ut
1345 2433 1361 2486 9
1384 2441 1413 2485 et
1430 2432 1467 2487 20
1484 2431 1539 2486 aiut

181 2506 253 2560 iuter
269 2522 299 2561 se
317 2508 405 2575 primi.
442 2512 509 2566 Cum
527 2527 591 2580 ergo
609 2527 674 2581 pars
692 2511 804 2566 absecta
821 2510 857 2565 sit
874 2508 908 2562 de
926 2507 1043 2576 circulo,
1068 2507 1219 2562 illuminor
1244 2523 1310 2563 sano
1327 2510 1380 2564 erit
1397 2525 1479 2581 quam
1498 2518 1537 2564 to·

180 2595 250 2655 tum;
276 2595 305 2641 at
323 2589 424 2657 poterit
451 2606 512 2646 esse
529 2593 617 2661 major
642 2607 723 2661 quam
748 2591 832 2645 totius
850 2588 990 2643 dimidium
1015 2587 1057 2641 rel
1076 2597 1174 2657 quarta
1195 2588 1238 2642 rel
1260 2597 1370 2656 oetam,
1399 2588 1482 2657 idque
1506 2604 1539 2642 eo

181 2680 269 2734 usque
292 2667 450 2740 dividendo,
477 2671 566 2741 quood
590 2672 682 2741 aliqua
703 2672 789 2724 totius
812 2683 876 2737 pars
900 2667 1028 2722 continue
1053 2667 1190 2736 subdupla
1212 2666 1295 2723 fuerit
1321 2667 1409 2721 minor
1427 2667 1538 2723 dimidio

175 2744 274 2812 hujus,
294 2745 328 2800 de
346 2762 400 2817 qua
417 2750 540 2821 agimus,
559 2751 658 2821 partis:
678 2757 710 2805 ut
727 2750 791 2820 quia
809 2750 837 2802 in
856 2746 980 2817 exemplo
999 2754 1093 2800 nostro
1111 2753 1198 2801 toturn
1218 2757 1260 2802 est
1278 2748 1324 2815 20,
1349 2760 1415 2814 pars
1433 2745 1467 2798 de
1485 2762 1540 2815 qua

184 2825 288 2890 agimus
307 2833 338 2893 9,
357 2842 480 2883 sumatur
497 2826 581 2886 totius
601 2830 741 2885 dimidium
763 2834 794 2885 10
811 2830 964 2894 iterumque
982 2825 1121 2880 dimidium
1138 2825 1221 2894 hujus
1240 2830 1270 2893 5,
1299 2836 1326 2880 et
1345 2825 1424 2880 tertio
1443 2827 1475 2894 23¹
1495 2841 1539 2880 oo·

183 2912 244 2956 tara
262 2903 354 2958 totius.
390 2906 467 2963 Haec
480 2908 537 2976 jam
556 2917 599 2962 est
616 2908 704 2962 minor
720 2922 801 2976 qutun
819 2905 958 2961 dimidium
977 2904 1063 2973 ipsius
1075 2905 1100 2960 9.
1138 2905 1228 2960 Habet
1240 2920 1305 2974 ergo
1320 2920 1350 2959 se
1368 2920 1433 2974 para
1446 2912 1540 2959 nostru

184 2980 252 3035 tlad
271 2990 394 3038 octavam
412 2986 497 3042 totius
516 2986 610 3041 cuculi
627 2988 676 3057 it,
697 2996 729 3041 ut
747 2984 866 3041 circulus
884 2983 987 3039 diebus
1004 2983 1092 3051 ligura
1109 2982 1344 3040 indemonstrabili
1365 2983 1400 3038 ad
1418 2980 1538 3052 aliquam

185 3073 250 3112 suae
268 3058 410 3119 divisionis
428 3073 542 3133 partem,
560 3081 597 3120 sc.
616 3074 647 3120 ut
666 3066 700 3120 ts
717 3065 753 3120 ad
772 3068 802 3133 53
823 3064 854 3137 ᾖ
874 3072 964 3118 autern
983 3064 1126 3118 axiomatis
1144 3062 1168 3117 3.
1187 3062 1359 3118 corollarium
1377 3063 1539 3132 pronuncia·

185 3139 221 3191 rit
245 3137 426 3198 dissonarea
456 3150 514 3199 toto
532 3147 583 3215 18,
612 3159 696 3212 quare
720 3157 770 3213 per
793 3143 902 3197 axioma
919 3144 943 3196 5.
967 3150 1077 3197 nostrae
1104 3141 1244 3199 divisionis
1265 3143 1364 3210 porro
1388 3141 1539 3208 dhsonnbir

185 3223 218 3275 ab
236 3226 334 3274 octava
352 3222 446 3278 cuculi
465 3223 619 3294 (divisionis
645 3232 756 3277 nostrae
774 3222 898 3290 partibus
916 3220 978 3291 24),
1001 3220 1154 3276 dissonabit
1176 3237 1241 3290 ergo
1265 3237 1315 3291 per
1333 3238 1409 3291 prop.
1428 3224 1455 3278 l.
1474 3240 1538 3292 pars

185 3310 278 3355 nostra
297 3300 313 3355 9
333 3301 413 3357 etiam
440 3313 533 3359 atoto
552 3302 653 3358 circulo
672 3302 719 3371 20,
743 3300 866 3370 quamvis
883 3300 944 3368 ejus
962 3301 1093 3355 subtensa
1117 3301 1154 3355 sit
1171 3299 1404 3370 demonstrabilis,
1431 3301 1479 3356 sod
1498 3316 1538 3354 re·
1564 3300 1567 3317 ¹

185 3383 333 3437 notissimo
352 3383 451 3452 gradu,
470 3384 605 3452 etiamque
623 3382 703 3437 stella
721 3381 780 3448 ejus
799 3395 833 3433 ex
851 3378 1008 3448 incongruis
1026 3388 1076 3433 est

268 3476 501 3555 Propositio
531 3475 583 3535 Vl.
635 3474 769 3535 Residua
799 3469 971 3531 circulomm
1002 3470 1050 3530 vel
1082 3469 1254 3530 chordarum
1291 3478 1359 3547 post
1392 3471 1538 3531 abscissas

186 3576 283 3642 partes
305 3582 450 3625 consonas
473 3567 540 3638 toti,
574 3566 598 3621 si
622 3569 690 3621 suut
712 3562 803 3639 partis
826 3576 899 3618 suae
922 3563 1111 3618 consonantis
1134 3560 1271 3618 continue
1295 3557 1400 3635 dupla,
1431 3576 1539 3621 conso·

185 3662 255 3711 nant
276 3661 306 3713 et
329 3670 395 3713 cnm
417 3660 500 3728 parte
523 3652 657 3712 abscissa
678 3658 709 3709 et
731 3665 797 3707 cum
820 3655 882 3706 toto
905 3645 1011 3706 circulo
1036 3647 1084 3705 vel
1106 3645 1225 3706 chorda.

272 3737 339 3791 Cum
358 3736 481 3791 abscissa
498 3750 548 3804 per
565 3750 643 3805 prop.
662 3734 699 3805 gl„
718 3747 779 3787 cum
797 3735 855 3783 toto
873 3744 924 3798 per
941 3745 1019 3799 prop.
1037 3730 1063 3785 l.

269 3828 491 3907 Propositio
516 3827 584 3889 Vll.
628 3825 660 3887 Si
691 3822 750 3884 tale
772 3822 922 3882 residuum
949 3821 1085 3881 habuerit
1108 3819 1232 3885 eandem
1261 3822 1478 3897 proportionem
1500 3820 1538 3880 ad

186 3917 282 3976 circuli
306 3919 353 3975 vel
377 3916 503 3976 chordae
526 3914 678 3973 dimidium
699 3911 749 3971 vel
772 3919 906 3988 quartam
928 3917 1057 3987 partem,
1086 3926 1175 3985 quam
1198 3916 1277 3968 totus
1300 3907 1425 3969 circulus
1447 3908 1539 3969 babet

186 4005 221 4062 ad
244 4006 333 4065 aliam
355 4005 486 4082 aliquam
514 4013 626 4080 partem
650 4004 696 4060 sui
719 4015 893 4071 consonam,
926 3998 1099 4058 consonabit
1121 3996 1209 4058 etiam
1241 4012 1309 4057 oum
1330 4004 1393 4056 toto
1416 3996 1538 4071 ouculm

185 4096 207 4149 si
230 4101 262 4151 ut
285 4092 323 4151 ad
345 4096 509 4169 portionem
532 4092 696 4161 dissonam,
720 4088 895 4146 dissonshit.

271 4176 394 4230 Chculus
413 4174 484 4229 enim
502 4182 577 4229 totus
596 4174 711 4242 ejusque
727 4169 867 4225 dimidium
890 4175 919 4223 et
944 4182 1008 4238 pars
1027 4174 1125 4235 quarta
1150 4175 1215 4221 suut
1236 4166 1264 4221 in
1282 4164 1458 4236 proportione
1477 4181 1538 4220 con·

184 4256 258 4310 tinne
277 4255 374 4326 dupla;
399 4270 483 4323 quare
501 4256 560 4324 (per
578 4270 617 4323 pr.
637 4255 672 4319 l.)
691 4266 762 4319 quae
785 4249 896 4304 residua
918 4246 990 4317 parti
1008 4245 1058 4300 tali
1081 4243 1174 4300 circuli
1193 4252 1358 4312 consonant,
1388 4255 1539 4299 consonant

185 4342 211 4387 et
228 4334 288 4401 toti,
306 4344 335 4388 et
352 4349 424 4403 qnae
443 4334 477 4388 ab
496 4332 543 4387 illa
561 4332 710 4393 dissonant,
732 4329 812 4383 etiam
831 4328 865 4383 ab
884 4327 937 4379 hoc
954 4324 1142 4380 dissonabunt.
1179 4321 1216 4375 At
1232 4326 1384 4377 consonant
1400 4322 1471 4391 parti
1490 4323 1538 4376 tali

185 4413 292 4468 residua
308 4414 364 4479 illa,
383 4429 453 4483 quae
470 4412 675 4482 proportionem
694 4407 806 4464 eandem
825 4405 971 4460 habuerint
988 4405 1023 4459 sd
1041 4402 1129 4476 illam,
1147 4417 1228 4472 quam
1246 4410 1321 4456 totus
1339 4401 1375 4455 ad
1392 4416 1539 4471 quamcun-

185 4507 235 4560 que
252 4501 358 4563 partem
377 4507 539 4561 consonam,
559 4491 754 4559 dissonantqne
771 4502 789 4542 a
805 4494 884 4556 parte
902 4484 963 4553 tali,
982 4499 1054 4553 quae
1070 4482 1275 4552 proportionem
1292 4478 1327 4533 ad
1343 4479 1418 4534 illam
1436 4478 1539 4535 habue-

185 4572 248 4643 rint,
273 4588 355 4642 quam
373 4571 492 4626 cheultm
516 4570 551 4625 ad
563 4582 764 4657 fluamounque
785 4572 891 4635 partem
918 4564 1068 4629 dissonam,
1094 4559 1179 4627 idque
1199 4574 1250 4628 per
1271 4558 1380 4613 axioma
1403 4561 1428 4613 b.
1464 4559 1538 4627 Ergo

184 4651 249 4706 talia
265 4654 377 4709 residua
395 4660 547 4707 consonant
568 4660 596 4704 et
613 4649 666 4704 toti
683 4645 797 4713 chetim
817 4641 1108 4700 contrariadissonant
1125 4645 1212 4693 stote
1225 4636 1335 4693 circulo
1371 4636 1448 4693 Haeo
1458 4650 1536 4706 prop.
1578 4647 1590 4669 e

185 4738 227 4785 est
242 4740 356 4808 propter
373 4738 532 4800 sequentem
551 4743 629 4798 prop.
647 4726 672 4781 8.

268 4824 493 4903 Propositio
517 4820 601 4881 VllL
646 4818 694 4878 hd
716 4804 878 4877 abscissam
900 4829 970 4874 vero
991 4817 1105 4890 partem
1126 4812 1152 4870 si
1171 4810 1391 4886 proportionem
1414 4807 1537 4868 eandem

185 4907 317 4975 habuerit
344 4913 510 4986 residuum,
540 4927 630 4989 quam
657 4914 737 4968 totus
767 4903 894 4966 cuculus
926 4901 966 4963 ad
991 4906 1106 4981 partem
1136 4914 1340 4983 quemcunque
1368 4913 1537 4973 comem,
