3567 5625
691 463 720 523 in
736 464 911 526 Harmoniam
928 465 1033 524 Mundi
1162 515 1165 524 .
1486 478 1525 537 13

183 643 321 718 motibus,
342 642 513 720 interuallis,
536 644 565 703 in
587 647 645 707 situ
667 646 724 707 suh
745 644 866 708 radiaco
887 644 1079 722 planetarum,
1101 648 1131 705 iu
1154 655 1252 724 cantu,
1273 650 1304 708 in
1325 655 1421 711 tactum
1443 668 1526 712 men-

185 730 277 792 sura?
300 729 483 794 Generaliter
504 749 645 811 apparere
665 734 719 794 has
741 734 1097 811 harmoniasgpraesertim
1119 735 1149 794 in
1162 744 1253 796 motu.
1286 735 1337 813 ,Si
1358 755 1405 798 res
1427 738 1528 816 aliqua

184 820 343 896 genuinum
364 819 452 880 debet
473 837 538 882 esse
555 821 720 898 subiectum
733 823 928 899 proportionis
944 822 1138 898 harmonicae,
1162 830 1276 900 oportet
1291 832 1321 885 et
1334 828 1526 903 quantitatem

186 902 428 989 (longitudinem)
460 909 490 966 iu
512 907 563 968 iila
584 927 615 970 re
637 912 741 984 inesse,
765 926 853 985 quam
875 908 1086 986 longitudinem
1107 918 1189 971 motu
1212 910 1338 987 quodam
1360 923 1527 990 percurrant

186 996 358 1072 termIniqua
379 994 452 1055 fiant
472 997 598 1072 partium
625 996 830 1076 longitudinis,
861 998 936 1057 inter
965 1014 1040 1074 quas
1061 1000 1100 1057 sit
1120 1002 1278 1076 propertio.
1323 1004 1422 1077 Atque
1443 1001 1473 1061 id
1495 1001 1528 1062 ut

187 1098 222 1142 ex
244 1091 327 1158 parte
349 1083 379 1141 iu
400 1081 686 1160 configurationibus.
734 1084 913 1146 Harmoniae
941 1085 1059 1162 quidem
1088 1088 1118 1143 in
1148 1086 1277 1164 angulis,
1312 1104 1385 1164 quos
1412 1091 1530 1149 metitur

186 1168 339 1245 zodiacus,
373 1169 591 1231 considerantur
619 1179 681 1233 sine
706 1180 802 1247 motu,
831 1171 932 1249 anguli
954 1179 1051 1232 tamen
1073 1174 1131 1249 ipsi
1153 1173 1205 1233 alii
1227 1192 1262 1234 er
1285 1174 1352 1235 aliis
1375 1192 1528 1253 corporum

185 1255 361 1318 radiantium
383 1265 464 1318 motu
484 1275 537 1335 per
557 1259 711 1320 zodiacum
732 1261 955 1319 constituuntur.
998 1259 1063 1320 Non
1093 1277 1226 1339 corpora,
1258 1263 1310 1321 sed
1342 1271 1439 1323 motus
1461 1279 1528 1323 eor·

186 1361 290 1421 porum
312 1361 403 1406 eausa
424 1345 614 1424 longitudinis
636 1355 666 1409 et
687 1347 837 1408 brevitatis
866 1343 941 1429 (non
962 1347 1145 1425 temporalis,
1177 1349 1230 1409 ssd
1252 1347 1426 1433 corporeae)
1455 1353 1529 1412 inter

186 1450 219 1493 se
240 1442 453 1511 comparantur,
476 1434 721 1510 quemadmodum
742 1452 774 1496 se
796 1452 844 1495 rea
857 1435 946 1495 hahet
969 1452 1035 1495 curn
1050 1438 1146 1512 souis3
1170 1453 1238 1496 uam
1253 1453 1343 1497 sonus
1357 1446 1402 1498 est
1416 1442 1528 1516 species

187 1522 293 1581 emissa
315 1539 332 1582 e
354 1537 488 1599 corpore,
516 1530 545 1582 et
565 1529 599 1581 ut
621 1531 761 1601 quantum
783 1521 870 1597 illud,
904 1529 933 1582 et
954 1530 987 1582 ut
1007 1523 1163 1600 figuratum
1186 1524 1412 1601 quadamtenus,
1443 1534 1473 1587 et
1495 1533 1529 1585 ut

187 1610 216 1666 in
237 1615 320 1668 mutu
341 1610 529 1669 constitutum
556 1618 610 1672 est
653 1610 691 1670 iit
717 1611 790 1671 haee
817 1627 908 1670 causa
940 1617 999 1681 est,
1031 1628 1082 1671 cur
1111 1618 1215 1676 natura
1244 1612 1370 1673 hominis
1392 1631 1530 1675 sonorum

18 1729 20 1798 ὲ
89 1689 92 1696 ’
186 1698 370 1773 potissimum
389 1697 625 1775 proportionibus
646 1697 821 1759 harm0nicis
842 1699 880 1758 sit
903 1696 1032 1758 dedita“.

291 1783 387 1862 Caput
407 1783 461 1844 IV.
506 1785 682 1846 Discrimina
712 1794 824 1860 autem,
856 1803 932 1863 quae
960 1785 1141 1848 intercedunt
1169 1787 1245 1848 inter
1271 1788 1445 1863 harmonias,
1460 1789 1529 1855 ,hoe

187 1879 292 1948 quarto
314 1872 390 1932 libro
412 1878 443 1932 et
463 1871 529 1932 ilias
547 1875 637 1933 tertio
660 1872 736 1933 libro
758 1874 898 1950 cognitas,
921 1872 995 1934 haec
1008 1880 1090 1933 suut:
1113 1875 1142 1932 in
1164 1873 1239 1935 libro
1261 1879 1346 1938 tortio
1361 1876 1529 1937 harmoniae

188 1957 336 2019 echeuh
358 1960 388 2018 in
409 1967 503 2020 rectas
535 1951 629 2021 lineas
658 1969 821 2036 transeunt,
852 1964 882 2019 in
914 1969 1017 2037 quarto
1052 1964 1082 2020 in
1111 1962 1219 2024 circulo
1242 1963 1305 2025 solo
1333 1972 1451 2024 restant
1494 1963 1530 2023 In

187 2049 270 2106 tertio
291 2046 367 2107 libro
388 2048 501 2108 termini
524 2064 577 2108 seu
591 2048 754 2125 subjeetum
769 2048 984 2108 harmoniarum
999 2056 1082 2109 eraut
1096 2052 1169 2125 seui,
1192 2054 1325 2112 acumine
1340 2059 1370 2112 et
1384 2053 1530 2127 gravitate

187 2131 365 2208 differentes,
396 2137 426 2192 in
455 2143 559 2211 quarto
586 2135 661 2196 libro
688 2136 875 2197 harmonicae
902 2138 1031 2197 rationes
1059 2138 1133 2197 sitae
1154 2142 1273 2199 suntin
1295 2138 1424 2216 angulis,
1456 2155 1530 2216 qnos

187 2221 317 2282 lucentes
340 2219 412 2281 radii
435 2240 451 2282 e
475 2222 589 2283 duobus
610 2222 736 2301 planetis
759 2224 857 2284 emissi
878 2224 1004 2284 formant
1025 2226 1056 2283 in
1078 2224 1190 2299 Terra,
1208 2226 1256 2286 vel
1278 2228 1308 2284 in
1330 2244 1424 2302 arcu,
1444 2243 1531 2302 quem

188 2307 245 2369 duo
272 2308 410 2386 planetae
439 2312 470 2368 in
497 2309 620 2370 zodiaco
650 2315 803 2372 terminare
833 2309 978 2372 videntur.
1024 2312 1105 2372 Inest
1133 2311 1206 2374 haec
1235 2314 1388 2375 harmonia
1416 2314 1531 2374 zodiaci

188 2397 318 2473 partibus
340 2413 399 2457 uon
421 2405 539 2474 propter
559 2416 592 2459 se
614 2400 708 2475 ipsas,
742 2398 794 2459 sed
822 2406 978 2475 propterea
1005 2398 1085 2475 quod
1113 2397 1180 2460 illae
1209 2409 1377 2462 mensurant
1406 2403 1531 2479 angulos

188 2483 335 2544 radiorum
356 2486 387 2542 in
408 2484 498 2544 Terra
520 2488 758 2562 concurrentium,
788 2485 836 2546 sel
858 2489 958 2562 petius
980 2490 1048 2547 men
1068 2496 1190 2548 caumas
1210 2488 1328 2549 zodiaci
1348 2489 1476 2550 coemtio
1497 2493 1531 2549 ira

189 2575 296 2632 areima
322 2572 486 2632 metanoea·
514 2573 568 2633 boe
594 2572 794 2634 manaucatis·
815 2573 950 2652 officiam
971 2574 1058 2634 rabit.
1102 2573 1159 2634 Hie
1181 2578 1263 2650 moa,
1293 2575 1367 2637 haec
1388 2578 1470 2636 notio
1492 2578 1530 2636 ab

189 2661 270 2719 initio
293 2662 391 2720 animo
405 2660 504 2731 insita,
527 2668 648 2721 naturae
662 2679 734 2722 suae
750 2663 886 2720 marinam
908 2660 1031 2739 angulos
1054 2669 1201 2739 comparat
1216 2680 1282 2723 curn
1296 2672 1420 2742 quatuor
1435 2666 1530 2739 rectis,

190 2753 218 2806 et
238 2763 369 2807 consona
390 2746 505 2806 illorum
527 2746 691 2809 discernens
714 2766 733 2808 a
756 2748 897 2824 dissonis,
920 2756 1053 2809 naturam
1075 2749 1290 2811 harmoniarum
1312 2753 1342 2811 in
1364 2769 1396 2814 se
1418 2754 1531 2830 recipit.

188 2833 271 2896 Haec
293 2835 509 2895 harmoniarum
530 2837 614 2896 inse
643 2836 872 2914 recipiendarum
902 2844 933 2897 et
961 2837 1176 2899 lormsndarum
1205 2838 1330 2901 facultas
1356 2858 1414 2901 non
1443 2839 1530 2900 modo

189 2924 218 2981 iu
239 2924 337 2983 auimo
359 2923 485 2983 heminis
507 2925 665 2985 nescientis
687 2932 746 2999 est,
769 2923 822 2985 sed
844 2926 933 2984 etiarn
954 2926 984 2983 in
1000 2942 1119 3003 corpure
1134 2926 1250 3003 Terrae,
1274 2931 1320 2988 cui
1337 2927 1420 2987 obid
1436 2929 1531 3005 ipsum

189 3011 286 3070 anima
307 3010 451 3087 quaedam
472 3012 622 3086 tribuitur,
651 3028 727 3089 quae
749 3029 852 3074 seusus
873 3029 943 3072 suus
970 3014 1000 3070 ln
1023 3031 1117 3089 aquas
1139 3005 1169 3075 e‘t
1190 3018 1287 3075 adrem
1309 3018 1424 3077 emittit
1468 3016 1532 3075 De·

187 3097 255 3158 inde
284 3095 455 3160 humaniue
479 3098 553 3159 libro
576 3096 633 3160 111⁴.
662 3107 692 3159 et
712 3098 767 3161 IV.
795 3107 944 3177 spectatae
972 3102 1015 3160 ita
1042 3099 1191 3177 differunt,
1223 3102 1302 3179 quud
1328 3107 1357 3162 in
1386 3102 1444 3161 illis
1472 3119 1531 3161 non

187 3184 365 3245 seducendo
387 3204 439 3263 per
461 3184 569 3261 medis,
600 3184 653 3246 sed
674 3204 726 3263 per
748 3185 839 3246 saltus
863 3189 948 3263 qnasi
975 3188 1014 3247 ah
1044 3187 1103 3248 alic
1132 3205 1205 3249 sonu
1229 3206 1357 3251 consono
1379 3188 1418 3250 ad
1440 3189 1532 3249 alium

188 3289 348 3334 consenum
370 3275 529 3335 acutiorem
552 3282 604 3333 aut
625 3275 798 3351 graviorem,
820 3275 962 3351 neglectis
981 3274 1084 3335 mediis
1100 3282 1145 3335 est
1159 3274 1309 3352 bannitus,
1331 3280 1361 3338 iu
1376 3278 1422 3337 his
1436 3276 1534 3338 media

189 3363 286 3420 omnia
306 3367 519 3438 percurruntur,
543 3359 636 3421 donee
658 3378 753 3422 novae
775 3362 848 3421 fiunt
871 3360 1113 3440 configurationes
1135 3362 1334 3439 harmonicae,
1357 3367 1400 3428 ita
1420 3373 1452 3425 ut
1473 3382 1532 3424 non

189 3465 245 3510 uno
267 3457 425 3524 momento,
448 3447 501 3509 sed
522 3450 721 3509 minutissimis
744 3450 882 3527 temporis
904 3449 1066 3511 intervallis
1088 3449 1259 3513 efficiantur.
1303 3451 1389 3513 Hanc
1412 3453 1533 3513 obrem
1616 3500 1619 3505 .

97 3592 101 3603 ,
189 3553 245 3596 non
266 3554 320 3613 per
341 3542 488 3597 momenta
508 3539 569 3597 vim
585 3544 729 3610 exserunt,
753 3536 805 3597 sed
821 3535 890 3595 dum
911 3540 1050 3613 oriuntur,
1073 3545 1103 3597 et
1124 3537 1248 3599 simulac
1270 3547 1353 3601 omae
1372 3548 1449 3627 suut,
1472 3543 1532 3600 rim

189 3640 321 3685 exserere
335 3622 487 3699 desinuut3
509 3628 645 3701 quamvis
668 3640 744 3702 quas
766 3631 928 3701 sequuntur
948 3627 1092 3686 actionem
1115 3625 1223 3686 diutius
1238 3635 1385 3687 maneant.
1416 3625 1531 3687 Deinde

189 3718 256 3770 sunt
278 3712 448 3776 harmoniae
470 3710 536 3771 libri
558 3712 610 3777 iv.
632 3715 740 3772 mixtae
761 3713 942 3788 incongruis,
976 3730 1050 3788 quas
1076 3720 1181 3774 natura
1210 3714 1377 3775 sublunaris
1398 3714 1532 3792 negligit,

190 3798 258 3857 dum
278 3797 398 3859 auditus
419 3816 478 3860 nun
502 3799 588 3861 vaide
610 3794 771 3861 delectatur
792 3799 943 3860 harmonia
957 3799 1091 3860 binarum
1112 3818 1226 3877 vocum,
1249 3803 1274 3862 si
1298 3804 1428 3880 quinque
1455 3802 1532 3863 aliae

190 3885 374 3948 dissonantes
394 3887 570 3963 obstrepant.
601 3886 778 3947 Harmoniae
792 3889 822 3944 iu
837 3887 959 3947 vocibus
974 3888 1094 3949 arbitrio
1116 3891 1330 3949 constituuntur
1352 3889 1533 3968 consilioque

189 3976 336 4050 cauenhs3
358 3975 387 4032 ln
409 3975 526 4052 augulis
541 3991 619 4049 vero,
643 3992 717 4053 qnos
731 3972 868 4051 planetae
884 3973 1040 4053 conficiunt
1056 3975 1180 4037 a'lerra
1202 3976 1342 4054 adspecti,
1365 3976 1533 4039 harmoniae

190 4060 352 4122 efficiuntur
372 4060 454 4123 nullo
476 4070 597 4125 naturae
618 4062 783 4123 sublunaris
805 4061 941 4137 consilio,
973 4061 1025 4123 sed
1054 4081 1135 4125 mera
1162 4067 1335 4143 necessitate
1356 4068 1534 4143 geometrica

189 4158 332 4210 motuum.

294 4235 398 4313 Capite
412 4235 450 4297 V.
467 4242 497 4297 et
510 4236 563 4297 VI.
586 4237 830 4315 configurationes
854 4236 1025 4314 ,elheamffl
1050 4247 1246 4301 numerantur.
1277 4240 1412 4301 Gonditio
1434 4248 1533 4301 autem

191 4322 371 4384 efficacitatis
392 4331 437 4384 est
458 4340 541 4384 arcru
564 4324 663 4384 circuli
683 4324 811 4399 zodiaci,
842 4341 929 4402 quem
956 4325 1093 4386 rescindit
1120 4327 1197 4387 latus
1218 4328 1328 4406 figurae
1356 4345 1409 4388 seu
1430 4327 1534 4389 stellae

192 4428 336 4489 eongrw
359 4418 389 4472 et
410 4410 529 4486 scibilis,
552 4429 640 4489 quum
662 4412 700 4473 ch
722 4428 841 4472 eausam
862 4414 999 4489 cognatio
1019 4413 1212 4476 radiationum
1235 4434 1301 4476 eum
1323 4414 1429 4476 circulo
1453 4416 1534 4492 ejus-

192 4515 249 4576 que
270 4499 395 4560 marthus
417 4506 447 4559 et
468 4516 534 4560 eum
555 4499 656 4577 figuris
677 4499 859 4577 regularibus
880 4500 974 4577 major
997 4508 1050 4575 est,
1073 4519 1160 4578 quam
1184 4509 1246 4565 erat
1267 4505 1531 4579 consonantiarum,

192 4593 223 4646 et
243 4585 310 4663 plus
331 4593 429 4664 potest
450 4586 489 4647 ad
510 4586 771 4664 configurationem
793 4586 994 4649 efficacitatem
1016 4593 1215 4664 coagmentis
1242 4589 1414 4668 figurarum,
1444 4603 1533 4667 quam

192 4674 340 4734 rabidius.
385 4673 531 4752 Aspectus
553 4675 712 4735 seeundum
734 4675 936 4737 efficacitatem
966 4675 1092 4735 ordinati
1120 4677 1151 4735 hi
1181 4685 1263 4736 sunt:
1296 4674 1329 4758 1)
1359 4677 1533 4754 Ooujunctio

193 4768 224 4821 et
244 4762 399 4840 oppositio,
422 4757 459 4844 2)
481 4760 640 4838 quadratus
661 4769 797 4840 aspectus
837 4757 926 4844 900),
950 4760 986 4845 3)
1009 4764 1140 4840 trigonus
1155 4759 1277 4847 (120⁰),
1300 4765 1413 4825 sextilis
1434 4762 1532 4846 (600,

192 4849 377 4910 semisextilis
404 4842 504 4932 (000),
536 4845 573 4931 4)
602 4849 732 4926 quintilis
779 4848 860 4925 72⁰,
894 4850 1058 4927 biquiutilis
1086 4846 1206 4934 (144⁰),
1238 4853 1383 4928 quincunx
1410 4762 1532 4934 (1500),

196 4931 231 5017 5)
261 4935 361 4998 ducilis
384 4932 485 5020 (360),
517 4935 656 4999 tridecllis
677 4932 798 5020 (1080,
832 4936 926 4998 octilis
948 4933 1048 5021 (45⁰),
1082 4940 1216 4999 trioctilis
1239 4934 1360 5022 (135⁰).
1410 4939 1479 5001 Nro.
1505 4944 1532 4999 1.
