3567 5625
595 440 772 497 Harmonicis.
806 442 889 498 Liber
906 441 955 497 ΠΙ.
974 440 1063 511 (laput
1080 438 1139 496 XV.
1472 441 1533 503 587

185 622 282 680 atatim
306 618 469 689 audientes,
491 636 543 680 eos
565 620 647 682 velut
669 623 699 679 in
720 638 781 682 rens
803 628 987 700 praesentem
1009 619 1166 681 adducens.
1211 617 1329 697 Triplns
1357 619 1447 696 igitur
1469 626 1532 695 tur·

185 707 320 767 bulentns
342 715 371 767 ot
393 714 532 768 actuosus
555 717 607 782 ost,
633 708 738 787 duplus
761 711 895 786 quietior,
918 711 1059 785 pacatior,
1082 707 1249 768 modestior.
1295 706 1353 766 bled
1376 706 1413 767 de
1427 706 1531 785 rhyth-

185 797 239 855 mis
261 811 420 870 earumque
443 797 534 871 signia
555 796 627 855 nllril
650 798 707 857 boe
727 797 818 871 libror
842 815 932 874 quare
954 801 1060 856 missos
1083 814 1134 858 eos
1156 796 1307 854 iaciamus.

271 882 340 942 VIL
366 882 549 942 Veniendnm
571 901 648 944 nunc
671 885 775 943 estad
798 885 858 955 illa,
881 886 988 960 quibus
1010 886 1126 962 proprie
1154 890 1241 942 tonos
1263 881 1454 941 discriminari
1483 880 1532 940 di·

183 972 290 1044 aimus,
323 986 447 1046 qnorum
468 973 657 1048 praecipuum
679 981 724 1031 cst
746 971 900 1032 diversitas
922 978 1061 1048 generum
1089 977 1202 1043 cantus.
1249 972 1347 1045 Atque
1369 968 1417 1029 bic
1438 987 1524 1046 seges

34 1050 37 1067 '
107 1064 116 1089 ⁸
186 1056 415 1136 disputationum
446 1061 648 1134 copiosissima
674 1061 844 1132 succrescit,
876 1060 1025 1136 quoduam
1046 1077 1082 1119 ex
1106 1060 1198 1118 tribus
1222 1064 1351 1118 veterum
1374 1058 1529 1132 generibus

185 1149 229 1205 cni
252 1147 339 1205 luerit
362 1132 478 1206 affectui
500 1147 648 1221 tributum,
671 1164 759 1223 quam
781 1164 835 1206 nos
858 1149 997 1207 intactam
1020 1147 1249 1224 praeteribimus,
1277 1161 1343 1204 cum
1365 1160 1419 1203 nec
1441 1153 1529 1204 natu-

184 1232 253 1292 ralis
274 1236 314 1291 ait
335 1231 501 1293 distributio
523 1242 626 1293 cantus
648 1236 678 1292 in
700 1251 808 1308 genera
830 1251 950 1295 numero
972 1237 1036 1309 tria,
1059 1251 1113 1294 nec
1135 1242 1250 1294 veteres
1272 1233 1328 1291 sibi
1344 1240 1479 1292 constent
1501 1234 1531 1290 in

185 1321 239 1381 bac
261 1322 393 1380 materia.
438 1320 512 1380 Mihi
535 1322 571 1381 da
593 1321 774 1381 naturalibus
804 1322 919 1382 duobus
942 1332 1044 1382 cantus
1067 1322 1222 1399 genenbus
1252 1336 1347 1380 sermo
1369 1322 1436 1389 erit,
1467 1320 1530 1378 dori

186 1407 298 1468 scilieet
331 1414 361 1469 et
382 1407 493 1484 mollis3
521 1427 597 1485 quae
620 1425 708 1492 voces
731 1426 805 1486 quos
827 1411 948 1471 affectm
971 1413 1081 1482 cicant,
1112 1412 1193 1485 ipsae
1221 1406 1358 1486 produnt
1402 1407 1476 1467 Nam
1499 1415 1532 1465 ut
1634 1466 1636 1470 r

184 1497 292 1555 reniae
315 1495 353 1554 ad
375 1496 543 1573 patiendum
572 1499 757 1573 potissimum
778 1499 857 1577 lacta
878 1506 938 1565 est,
969 1515 1032 1557 mas
1062 1495 1101 1556 ad
1122 1496 1281 1573 agendum,
1309 1497 1481 1571 praesertim
1501 1495 1531 1551 55
1558 1556 1563 1569 p

186 1585 384 1658 generationis
407 1586 540 1660 negotio,
564 1586 606 1644 sic
627 1583 716 1644 molle
738 1602 830 1662 genus
851 1586 1038 1664 passionibus
1053 1586 1142 1645 animi
1157 1584 1297 1655 femineis,
1320 1581 1424 1641 durum
1438 1584 1533 1643 aetio·

184 1671 269 1730 nlbus
290 1672 426 1731 virilibus
448 1672 702 1747 accommodatum
726 1689 847 1749 quarum
870 1691 965 1734 rernm
986 1673 1152 1734 discrimina
1174 1672 1414 1748 exsequentibus
1435 1672 1531 1747 magis

184 1757 400 1833 elucesceret)
994 1768 997 1777 '
1423 1777 1426 1781 ’

269 1845 355 1905 VIII.
377 1845 444 1906 Non
466 1848 542 1906 euim
563 1865 671 1925 genera
694 1854 808 1907 tanturn
829 1856 943 1927 cantus,
965 1847 1017 1910 sed
1039 1849 1128 1907 etiam
1151 1850 1214 1907 toul
1237 1850 1265 1907 in
1281 1849 1450 1908 universum
1471 1848 1529 1906 situ

183 1935 332 1992 semitonii
355 1931 533 1994 dillerabant
578 1934 635 1995 Hic
658 1936 805 1996 semitonii
834 1937 907 1996 situs
930 1938 1042 1994 animat
1062 1935 1211 2011 adicitque
1243 1943 1303 1995 tam
1326 1951 1418 2009 genus
1443 1953 1532 2011 qoam

182 2020 301 2080 modum
323 2038 376 2080 aen
399 2029 515 2097 tonnm3
545 2020 629 2082 aliter
651 2030 749 2083 tamon
779 2023 815 2082 de
838 2023 895 2082 lroc
926 2024 984 2082 situ
1015 2019 1221 2099 disputandum
1250 2032 1295 2082 est
1323 2028 1455 2100 respectu
1477 2022 1533 2097 ge&

183 2125 294 2180 nerum,
318 2107 404 2168 aliter
423 2119 557 2185 respectu
580 2117 713 2170 tonorum
737 2112 874 2170 omnium.
920 2108 1036 2171 Genera
1059 2113 1135 2170 enim
1161 2110 1287 2169 diximus
1310 2110 1377 2169 oriri
1407 2110 1552 2188 primum-

186 2198 316 2254 omninm
337 2199 368 2254 in
392 2203 498 2256 octava
519 2196 682 2274 principali,
706 2215 782 2275 quae
805 2216 824 2257 a
849 2196 876 2258 G
898 2199 1019 2274 incipit,
1050 2199 1079 2255 55
1109 2214 1167 2273 qua
1195 2199 1340 2258 semitonii
1364 2198 1438 2256 situs
1465 2195 1531 2257 loco

183 2285 301 2360 penimo
324 2283 430 2343 format
451 2301 543 2359 genua
565 2286 671 2357 molle,
695 2285 762 2346 loco
784 2284 1015 2363 antepenultimo
1037 2301 1130 2361 genna
1154 2283 1272 2359 dornm3
1300 2285 1361 2344 illie
1383 2286 1441 2343 imo
1465 2283 1531 2345 loco

183 2379 226 2429 est
248 2372 337 2430 tertia
358 2371 464 2445 mollis,
487 2372 535 2431 hie
557 2372 638 2433 dura
684 2371 767 2449 Quae
790 2381 835 2433 est
856 2376 946 2449 igitur
975 2372 1062 2449 bajus
1084 2374 1158 2431 situs
1181 2375 1322 2431 connexio
1352 2388 1417 2430 cum
1440 2372 1531 2430 allec·

184 2458 335 2518 tionibus?
358 2467 409 2517 aut
431 2458 501 2534 quid
517 2476 668 2519 commune
691 2463 794 2520 tertias
809 2462 913 2520 minori
937 2478 1002 2519 cnm
1017 2461 1140 2533 leminis,
1165 2477 1229 2519 cum
1245 2459 1443 2537 passionibus,
1465 2476 1557 2517 cume

181 2545 328 2605 mollitie?
351 2546 420 2621 quid
443 2548 512 2605 item
536 2548 638 2607 tertiae
661 2545 750 2607 danae
773 2564 838 2606 cum
862 2538 1009 2622 virilitate,
1034 2548 1149 2626 duritie,
1172 2547 1347 2618 actionibus,
1374 2544 1530 2606 elficacia‘?

265 2633 394 2691 Primum
416 2635 505 2710 igitur
527 2637 699 2707 memineris,
724 2637 838 2694 tertiam
862 2635 964 2695 duram
987 2643 1079 2694 ortam
1102 2651 1167 2694 esse
1191 2652 1226 2694 ex
1249 2641 1431 2713 pentagono,
1455 2650 1530 2709 pen·

181 2728 320 2788 taponum
344 2723 387 2778 nti
409 2723 537 2780 sectione
559 2721 719 2780 secundum
748 2730 878 2782 extrema
899 2731 929 2782 et
950 2723 1092 2793 medium,
1125 2739 1201 2796 qnae
1229 2725 1447 2799 propqrtionem
1469 2722 1539 2796 55-Ι

181 2818 261 2867 mant
284 2808 424 2870 divinam.
469 2808 503 2867 In
526 2808 582 2870 bac
605 2828 674 2871 vero
696 2815 882 2890 proportione
898 2809 1019 2887 pulchra
1039 2816 1114 2872 inest
1129 2813 1324 2885 generationis
1342 2809 1417 2868 idea
1455 2807 1530 2867 Nam

180 2898 256 2955 slent
276 2902 363 2972 pater
383 2897 478 2973 gignit
498 2895 605 2970 illlum,
628 2899 707 2957 illius
729 2899 836 2973 alium,
860 2902 984 2976 quisque
1007 2899 1063 2957 sibi
1087 2893 1224 2970 similem,
1248 2901 1291 2957 sic
1313 2899 1401 2957 etlam
1425 2899 1453 2953 in
1477 2895 1530 2954 illa

120 2999 124 3005 ’
180 2986 319 3057 sectione,
342 2997 408 3042 cum
429 3000 498 3059 pars
520 2985 613 3059 major
635 2985 752 3044 additur
773 2991 844 3060 toti,
869 2990 1054 3047 continuatur
1075 2989 1224 3061 proportio
1248 2988 1383 3062 capitque
1406 3000 1530 3062 compo·

180 3074 237 3131 sita
259 3071 357 3131 locum
379 3074 479 3144 totius,
502 3079 630 3147 atquae
652 3074 733 3149 prius
755 3083 818 3132 erat
840 3081 911 3148 tota,
935 3074 1032 3133 locum
1058 3076 1151 3150 partis
1173 3072 1303 3148 majoris.
1348 3070 1432 3147 Quae
1454 3075 1529 3131 ratio

179 3161 231 3217 etsl
254 3161 383 3218 numeris
405 3161 525 3236 exprimi
548 3160 666 3236 nequit,
690 3158 776 3219 datur
799 3169 895 3221 tamen
919 3159 1019 3237 aliqua
1033 3162 1122 3221 series
1139 3176 1332 3228 numerorum,
1356 3177 1434 3236 quas
1456 3176 1529 3219 con„

179 3248 258 3304 tinne
283 3248 402 3322 propius
429 3247 467 3305 ad
491 3264 590 3306 verum
620 3247 749 3321 accedit,
784 3250 896 3325 inqua
924 3251 998 3308 serie
1027 3252 1092 3325 ipsa
1114 3245 1275 3307 differentia
1303 3264 1487 3308 numerorum
1511 3266 1530 3307 a

180 3334 311 3392 terminis
332 3336 467 3408 genuinis
490 3329 556 3414 (qui
580 3341 648 3394 suut
670 3352 727 3395 non
750 3336 954 3410 numerabiles,
978 3336 1029 3395 sed
1051 3330 1230 3416 ineffabiles)
1248 3334 1417 3393 admirabili
1438 3336 1529 3394 vicis·

177 3420 305 3480 titudine
328 3437 423 3479 mares
445 3421 568 3480 laminas
590 3425 750 3500 progignit,
781 3424 916 3483 membris
944 3440 1032 3483 sexus
1060 3422 1205 3481 indicibus
1232 3421 1393 3482 distinctas.
1439 3421 1480 3483 Ut
1502 3424 1527 3478 si

177 3525 242 3584 pars
264 3507 360 3583 maior
381 3509 420 3567 sit
441 3510 533 3586 primo
557 3511 590 3582 2,
620 3512 713 3569 minor
738 3514 772 3585 l,
803 3518 897 3571 totum
922 3514 956 3573 3:
987 3512 1036 3570 lric
1063 3526 1121 3570 non
1153 3516 1198 3569 est
1216 3508 1314 3585 plane
1350 3513 1364 3568 l
1391 3510 1429 3569 ad
1453 3514 1471 3568 2
1495 3519 1528 3567 ut

178 3598 195 3653 2
219 3593 258 3655 ad
281 3598 310 3669 3,
335 3594 497 3655 differentia
518 3598 594 3655 enim
619 3605 664 3656 est
685 3600 791 3670 unitas,
815 3616 874 3675 quo
897 3601 993 3658 miuus
1014 3597 1217 3674 rectaugulnm
1238 3605 1432 3655 extremorum
1458 3600 1469 3654 l
1499 3605 1528 3654 et

179 3684 330 3759 ilaeqnet
351 3683 525 3758 quadratum
547 3683 637 3744 medii
661 3688 688 3745 2.
736 3684 819 3746 Tunc
842 3684 943 3745 addito
967 3689 995 3756 2
1017 3684 1097 3744 ad3
1128 3684 1160 3742 fit
1181 3700 1292 3742 novum
1314 3692 1407 3742 toturn
1432 3685 1466 3752 5,
1498 3691 1528 3742 et

177 3768 277 3829 addito
301 3770 320 3827 3
344 3768 382 3828 ad
406 3771 423 3828 5
446 3777 539 3830 totum
565 3772 582 3829 8
606 3778 660 3831 etc.
707 3772 921 3848 Rectangulum
945 3790 981 3832 er
1007 3777 1020 3830 1
1048 3779 1077 3832 ei
1100 3773 1118 3830 3
1141 3772 1278 3830 laminam
1302 3779 1397 3843 creat,
1430 3771 1527 3829 delicit

179 3859 255 3917 enim
278 3874 298 3916 a
320 3856 464 3933 quadrato
486 3857 522 3916 de
546 3861 563 3916 2
588 3861 715 3934 unitate;
742 3861 943 3936 rectangnlum
967 3878 1002 3919 ex
1026 3861 1044 3916 2
1068 3866 1099 3919 et
1123 3859 1140 3916 5
1164 3875 1289 3930 marem,
1313 3856 1427 3919 excedit
1450 3860 1527 3917 enim

176 3943 350 4020 quadratum
373 3943 409 4004 de
433 3947 450 4002 3
474 3947 601 4021 unitate;
624 3949 827 4024 rectangulum
849 3951 920 4008 exi
944 3949 1007 4007 et8
1030 3947 1177 4020 {eminam
1201 3946 1298 4006 deficit
1317 3947 1394 4006 enim
1416 3963 1526 4022 aqua-

177 4031 259 4092 drato
283 4030 320 4091 de
345 4033 362 4089 5
387 4034 508 4093 unitate.
553 4033 680 4092 Rursum
704 4053 738 4093 ex
763 4036 781 4093 5
805 4042 834 4094 et
859 4037 897 4095 13
921 4053 984 4094 mas
1007 4037 1106 4107 oritur,
1128 4042 1263 4111 respectu
1280 4033 1414 4109 quadrati
1438 4032 1474 4092 de
1492 4036 1526 4106 83

175 4137 209 4179 ex
232 4121 251 4179 8
274 4126 305 4179 et
328 4121 366 4177 21
392 4119 517 4194 lamina,
539 4130 676 4197 respecto
700 4122 836 4198 quadrati
861 4122 897 4182 de
923 4125 978 4196 133
1003 4121 1058 4182 boc
1081 4124 1124 4181 sic
1146 4125 1175 4179 55
1197 4121 1351 4179 inlinitum.

260 4206 346 4266 Haec
367 4223 433 4265 cnm
456 4209 495 4265 sit
516 4215 621 4267 natura
642 4208 731 4285 hujus
753 4212 908 4283 sectionis,
940 4227 1017 4285 qnae
1044 4210 1083 4269 ad
1106 4208 1320 4286 quinquanguli
1344 4210 1526 4267 demonstra·
1543 4261 1556 4286 ,

104 4323 107 4336 ·
177 4294 284 4353 tionem
309 4296 467 4366 concurrit,
491 4312 615 4370 eumque
638 4295 759 4356 Creator
782 4298 862 4357 Deus
886 4296 923 4357 ad
947 4296 1027 4357 illam
1050 4297 1274 4356 coolormavorit
1298 4294 1379 4371 leges
1401 4311 1525 4370 genera-

177 4383 271 4456 tionis,
297 4380 334 4440 ad
356 4365 514 4458 gebuinam
537 4380 653 4457 quidem
684 4392 714 4443 et
736 4402 768 4444 aa
791 4388 855 4462 ipsa
877 4383 942 4444 sola
964 4386 1123 4462 perlectam
1143 4385 1360 4460 proportionem
1389 4380 1525 4439 ineflabi-

174 4466 244 4527 lium
267 4469 471 4542 terminornm,
491 4471 624 4529 rationes
645 4469 813 4546 plantarum
836 4474 1029 4544 seminarias,
1054 4488 1128 4548 qnae
1149 4488 1248 4532 semen
1264 4487 1348 4528 snum
1372 4471 1401 4527 in
1417 4477 1526 4528 semet·

177 4556 246 4631 ipsis
268 4556 379 4617 habere
397 4558 500 4632 jussae
523 4565 590 4617 sunt
613 4557 765 4634 singulae,
795 4560 949 4637 adJnnctas
980 4576 1050 4617 vero
1079 4559 1163 4618 binas
1185 4573 1369 4617 numeromm
1402 4573 1525 4635 propor-

178 4645 269 4703 tiones
291 4641 427 4723 (quarnm
451 4648 537 4705 unius
560 4644 697 4706 delicians
720 4650 816 4708 unitas
833 4646 953 4708 alterius
969 4645 1126 4707 excedente
1149 4643 1361 4725 compensetur)
1384 4645 1526 4721 conjunc·

251 4827 275 4879 a)
289 4829 325 4870 Da
338 4828 479 4871 enharmonio
494 4833 572 4874 scribit
585 4833 740 4883 Aristoteles,
761 4847 787 4875 ao
799 4836 887 4886 impleri
901 4836 987 4876 animos
1001 4835 1075 4876 irrora
1089 4835 1181 4887 dlvlao;
1206 4839 1285 4877 contra
1298 4837 1444 4887 magistratus
1457 4837 1524 4889 Spar·

178 4883 299 4985 1ῐέἕὲιῶ
311 4881 375 4978 ml
380 4882 537 4987 pffflgssssqm
550 4888 592 4927 boc
605 4890 629 4927 at
642 4886 742 4930 ducatum
754 4900 825 4939 asans
839 4891 921 4930 santus
934 4889 1066 4939 baberetur,
1087 4891 1200 4932 auctorent
1217 4889 1266 4941 ajns
1287 4890 1411 4941 recipiendi
1424 4893 1531 4954 notatum⁴
