3567 5625
300 365 365 464 sos
686 387 867 449 naussum
885 390 1259 482 rasomonorum.
1311 346 1315 350 ⁴

300 535 425 653 ovavi,
451 570 523 626 uon
548 584 609 624 eon
626 567 691 624 son
708 575 832 623 anm
849 567 989 631 nimum
1015 567 1086 624 oro
1101 582 1137 622 ax
1161 566 1201 623 ou
1218 567 1300 624 seua
1315 565 1437 636 prauos
1457 567 1529 624 soar
1545 579 1576 620 a
1595 580 1657 619 oon-

300 652 378 707 naxis
396 657 425 706 et
442 647 651 717 conglomeratis
669 646 777 702 circulis
795 647 910 704 struitur
927 645 1050 702 sedmnls
1067 645 1214 715 bombycis.

387 735 604 818 Propositio
620 739 659 800 V.
683 739 797 816 Cuique
821 741 908 816 bigae
929 742 1093 799 vicinorum
1114 737 1300 815 planetarum
1314 737 1431 799 inerunt
1453 734 1656 796 attribuendae

300 831 377 891 duae
398 830 568 890 hainoniae
590 827 735 888 diversae.
1001 893 1005 900 ,
1196 857 1199 866 ν

388 921 458 975 Nam
476 934 527 990 per
542 935 586 975 ax.
605 919 630 974 d.
651 918 766 987 quilibet
784 917 897 989 planeta
914 919 998 975 babet
1016 917 1174 974 distantiam
1192 933 1209 972 a
1227 903 1291 972 S'ole
1309 916 1494 986 longissimam
1512 921 1540 968 et
1557 915 1657 968 brevis

300 1000 402 1067 simam
422 1015 507 1068 qnare
525 1013 575 1069 per
592 1014 652 1067 cap.
671 1000 695 1052 3.
714 997 797 1065 bujus
815 998 928 1054 habebit
945 1006 974 1052 et
991 1006 1094 1051 motum
1112 995 1298 1064 tardissimum
1320 1003 1349 1052 et
1366 993 1543 1050 celerrimum.
1578 994 1657 1047 Duae

299 1095 363 1148 ergo
382 1083 447 1132 snut
463 1078 608 1148 primariae
627 1079 844 1146 comparationes
863 1086 1047 1134 extremorum
1064 1083 1195 1143 motuum,
1214 1089 1269 1132 rma
1288 1073 1484 1142 divergentium
1501 1073 1530 1126 in
1549 1071 1654 1125 duobus

299 1155 429 1228 planetis,
455 1154 543 1211 alters
560 1155 788 1222 convergentium.
824 1155 955 1211 Diversae
972 1163 1063 1211 autem
1087 1155 1206 1212 interae
1228 1162 1259 1209 ut
1291 1152 1345 1222 sint
1370 1166 1482 1206 necesse
1510 1158 1564 1218 est,
1592 1149 1657 1217 quia

299 1233 386 1302 major
404 1233 457 1287 erit
472 1235 613 1304 proportio
633 1235 845 1302 divergentium,
869 1236 957 1289 minor
974 1234 1202 1303 convergentium.
1239 1231 1293 1287 Sed
1311 1239 1339 1300 qt
1356 1246 1407 1299 per
1424 1230 1543 1284 diversas
1560 1226 1654 1297 plane·

298 1322 388 1369 tarum
406 1312 484 1382 bigae
504 1314 624 1384 oportuit
641 1328 702 1369 esse
715 1315 869 1369 hermoniae
882 1314 1011 1382 diversus,
1031 1320 1061 1367 nt
1078 1313 1146 1366 baec
1163 1311 1279 1366 varietas
1292 1303 1327 1364 ad
1339 1309 1542 1363 exornationem
1560 1305 1655 1361 mnndi

182 1455 186 1472 ⁸
298 1391 444 1461 proficeret
461 1398 522 1461 (per
540 1394 638 1462 ami),
658 1392 793 1461 etiamque
810 1392 881 1463 ideo,
900 1393 965 1462 quia
982 1391 1185 1446 intervallorum
1198 1391 1269 1444 iuter
1286 1389 1364 1443 binos
1383 1394 1447 1442 sunt
1464 1387 1653 1456 proportiones

298 1467 431 1541 diversae,
449 1486 499 1541 per
516 1488 594 1541 prop.
613 1472 639 1528 s.
674 1472 712 1528 At
728 1471 828 1540 eoique
845 1471 1014 1543 proportioni
1041 1471 1146 1527 orbium
1165 1477 1254 1526 certae
1276 1469 1444 1537 respondent
1461 1464 1653 1535 proportiones

298 1549 480 1619 harmonicae,
499 1552 661 1619 cognatione
679 1551 867 1621 quantitative,
885 1559 918 1606 nt
935 1551 1016 1619 hujus
1034 1551 1095 1607 libri
1114 1567 1173 1620 cap.
1193 1554 1217 1607 5.
1237 1550 1461 1605 demonstratum.
1574 1551 1578 1562 '

385 1640 614 1719 Propositio
638 1642 690 1703 Vl.
720 1643 901 1706 Harmoniae
924 1645 1000 1708 dnae
1023 1647 1160 1706 minimae
1184 1641 1225 1729 75
1242 1653 1272 1704 et
1284 1641 1323 1725 ⁵i5
1342 1643 1439 1702 locum
1461 1638 1653 1699 non-babent

298 1730 373 1788 inter
396 1729 530 1804 planetas
551 1731 646 1789 binos.

386 1811 1349 1884 Eotmtmteotottooooosoo,etsadont10002dsss.
1386 1811 1520 1866 Atorbes
1539 1809 1653 1872 circan-

299 1890 396 1958 scripti
413 1889 585 1946 momorum
603 1901 632 1946 et
648 1892 789 1947 ieosatidro
812 1893 943 1962 maiorem
961 1895 1064 1952 babent
1088 1896 1291 1966 proportionem
1310 1894 1345 1948 ad
1363 1890 1521 1958 insedptos.
1545 1887 1654 1941 scilieet

299 1984 372 2034 eam,
391 1983 473 2036 qaam
490 1971 561 2027 1000
578 1972 613 2027 ad
631 1973 754 2041 iidata,
772 1979 800 2026 et
817 1973 870 2027 hae
888 1973 959 2028 duae
977 1976 1168 2044 proportiones
1185 1974 1307 2029 monam
1323 1969 1466 2026 intervalla
1483 1968 1553 2022 inter
1572 1964 1653 2018 orbes
1743 1992 1749 1996 „

299 2046 466 2115 planetarios
483 2049 622 2117 proximos
640 2051 712 2106 inter
729 2065 758 2106 se
785 2067 834 2106 seu
853 2052 943 2121 spatia
960 2054 1085 2123 minimum
1110 2054 1138 2109 in
1156 2054 1254 2110 miens
1277 2052 1348 2104 enim
1371 2049 1466 2119 figuris
1483 2044 1654 2112 regularibus

300 2123 379 2179 orbes
406 2125 508 2182 distant
534 2126 642 2198 longius
660 2145 677 2184 s
694 2144 724 2183 se
747 2129 869 2185 invicem.
906 2131 967 2184 Jam
994 2147 1059 2188 vero
1085 2132 1225 2202 proportio
1251 2138 1374 2188 motuum
1399 2128 1488 2184 adhuc
1506 2126 1593 2193 major
1610 2131 1654 2177 est

299 2203 518 2275 proportiombus
536 2205 751 2275 intervallorum,
778 2211 830 2265 nisi
847 2210 943 2280 ingens
963 2212 999 2266 sit
1022 2212 1163 2280 proportio
1181 2210 1412 2266 eecentrieitatum
1430 2206 1464 2262 ad
1483 2204 1574 2272 orbes,
1601 2218 1655 2271 per

299 2283 395 2353 eapitis
413 2285 437 2339 3.
454 2299 596 2340 nnmerum
616 2287 656 2340 13.
692 2287 766 2357 Ergo
784 2290 926 2358 proportio
945 2297 1067 2346 motuum
1088 2291 1198 2346 minima
1215 2289 1302 2356 maior
1324 2295 1366 2342 est
1384 2303 1479 2357 quam,
1491 2293 1555 2340 snnt
1571 2286 1606 2351 ⁴t⁵
1626 2293 1655 2337 et

300 2363 340 2433 11..
377 2363 464 2433 igitur
481 2364 535 2420 hae
552 2363 722 2436 harmoniae,
745 2365 875 2437 afiguris
894 2367 1003 2437 quidem
1021 2368 1192 2438 regularibus
1209 2367 1369 2438 impeditae,
1397 2368 1487 2421 locum
1504 2365 1576 2419 inter
1594 2362 1653 2432 pla-

297 2447 375 2499 netas
394 2443 498 2499 nullam
515 2444 676 2499 sortiantur.
787 2475 789 2478 ·

384 2533 607 2612 Propositio
630 2534 699 2596 Vll.
733 2536 896 2599 Harmonia
918 2538 1100 2599 diatesseron
1116 2541 1191 2600 inter
1212 2548 1423 2616 convergentes
1446 2545 1540 2598 motos
1563 2538 1655 2597 bino·

296 2637 361 2680 rum
383 2621 570 2698 planetarum
591 2623 690 2684 loonm
712 2624 826 2687 nullon
854 2627 965 2688 babere
993 2635 1106 2704 potest,
1140 2630 1196 2686 nisi
1225 2630 1285 2687 sint
1304 2626 1364 2690 illia
1392 2628 1530 2704 propriae
1552 2634 1654 2685 extra-

298 2725 410 2768 morom
432 2712 636 2788 proportiones
655 2712 778 2788 junctae
799 2714 866 2793 plus
887 2731 978 2791 qnam
1001 2714 1148 2791 diapante.

385 2791 516 2884 0011111111
533 2792 566 2863 ἰ,
584 2794 655 2849 inter
672 2804 881 2866 eonvergsntes,
904 2804 933 2853 et
950 2797 987 2853 ait
1011 2800 1098 2868 primo
1123 2797 1199 2854 nuda
1217 2797 1419 2865 meentridtas,
1443 2795 1518 2853 nulls
1535 2795 1657 2865 planetis

297 2868 410 2960 singolis
429 2875 542 2943 propria
558 2882 681 2929 monium
698 2878 854 2947 proportio,
878 2876 928 2932 sed
945 2876 1028 2933 iidem
1048 2885 1139 2937 motus
1157 2885 1185 2933 et
1209 2884 1404 2947 murergantes
1423 2883 1451 2930 et
1468 2874 1563 2933 medii:
1588 2884 1657 2930 tunc

297 2956 427 3018 sequntur,
447 2951 638 3006 ut'intervalla
656 2954 858 3023 respondentia,
877 2970 947 3025 qnae
964 2957 1103 3025 perhanc
1121 2956 1336 3027 suppositionem
1352 2962 1434 3010 erum
1451 2950 1557 3009 orbium
1575 2954 1658 3017 semi·

297 3026 435 3097 diametri,
454 3028 621 3086 constituant
638 3031 722 3100 hujus
740 3034 926 3102 proportionis
944 3033 1066 3099 bessam,
1084 3035 1190 3090 subeat
1209 3038 1334 3105 erasm„
1361 3049 1411 3103 per
1428 3050 1489 3102 cap.
1507 3032 1531 3085 3.
1569 3033 1658 3098 Atqui

297 3105 366 3159 baec
383 3107 522 3177 proportio
536 3108 594 3176 jnm
613 3116 656 3163 est
674 3109 774 3181 minor,
802 3125 884 3179 quam
903 3112 1088 3182 evrjuscunqne
1107 3112 1210 3183 figurae
1228 3114 1364 3184 regularis
1382 3113 1486 3168 orbium
1503 3112 1660 3180 proportio,

296 3184 388 3253 itaqua
406 3185 480 3239 orbis
498 3187 609 3241 macrior
627 3194 701 3243 totus
724 3197 864 3245 secaretur
882 3207 898 3245 a
916 3191 1003 3263 planis
1021 3190 1152 3260 regularis
1170 3192 1272 3261 figurae
1284 3193 1435 3261 cuicunque
1448 3191 1507 3245 orbi
1524 3192 1659 3259 exteriori

296 3264 451 3333 inscriptae.
488 3266 547 3320 Hoc
564 3282 629 3322 vero
649 3277 692 3324 est
709 3277 805 3324 contra
822 3271 930 3325 axioma
948 3270 973 3326 2.

385 3342 426 3398 sit
444 3346 563 3400 secundo
581 3346 673 3415 aliqua
690 3363 796 3403 summa
821 3350 992 3421 propriarum
1018 3344 1224 3421 proportionum
1248 3352 1321 3406 inter
1336 3359 1426 3405 motus
1438 3358 1599 3417 'oxomum
1630 3356 1661 3402 ot

297 3424 334 3479 sit
351 3425 571 3492 consurgentium
588 3434 709 3482 motuum
732 3429 872 3498 proportio
892 3430 924 3498 Ἃ
942 3429 985 3482 vel
1006 3429 1089 3499 ΝΛΜ,
1116 3431 1319 3485 intervallorum
1340 3445 1405 3483 vero
1429 3426 1659 3501 respondentium

295 3504 332 3559 sit
349 3504 487 3572 proportio
508 3504 617 3576 ¹⁰⁰⁰l29„
636 3523 697 3561 curn
712 3507 789 3563 nulla
805 3507 894 3579 figura
912 3508 1044 3578 regularis
1063 3510 1146 3564 iaciat
1163 3510 1295 3565 minorem
1316 3509 1422 3563 orbium
1439 3506 1659 3576 proportionem.

296 3583 334 3637 Et
361 3582 426 3651 quia
451 3592 564 3654 superat
578 3584 628 3640 illa
653 3594 777 3641 motuum
804 3601 900 3641 eversa
926 3586 998 3642 banc
1023 3588 1224 3643 intervallorum
1250 3603 1366 3644 excessu
1386 3587 1484 3654 mim,
1509 3583 1661 3639 auferatur

295 3660 380 3729 igitur
397 3659 442 3716 bic
460 3676 590 3719 excessus
608 3665 689 3719 etiam
708 3680 724 3720 a
741 3666 917 3735 proportione
939 3667 1046 3735 ¹⁰⁰⁰lm,
1074 3668 1223 3723 mandam
1248 3667 1398 3721 docuinam
1429 3679 1490 3732 cap.
1508 3664 1537 3730 3,
1567 3671 1662 3719 restat

229 3800 232 3811 ¹
296 3742 418 3809 oram,
446 3742 583 3799 dimidium
614 3743 797 3815 proportionis
825 3744 938 3798 orbium,
973 3744 1048 3814 Ergo
1075 3746 1187 3813 duplum
1214 3746 1313 3814 huius,
1339 3760 1377 3799 se.
1403 3741 1531 3813 mim,
1556 3743 1585 3796 id
1616 3754 1663 3798 est

299 3819 425 3889 ”mium
443 3829 486 3877 est
502 3823 642 3892 proportio
662 3824 774 3880 orbium.
804 3824 875 3878 Huic
892 3822 973 3878 aulen
989 3826 1191 3893 proportionem
1210 3823 1413 3880 intervallorum
1431 3824 1661 3892 consurgentium

300 3898 407 3967 3⁰⁰⁰i2„‚
425 3902 541 3957 restabit
556 3901 683 3971 ²¹⁰⁰lwm
701 3902 808 3957 cumton
824 3909 906 3957 tonos
925 3901 1018 3970 major.
1055 3903 1143 3958 Tanta
1161 3904 1241 3959 debet
1258 3918 1320 3958 esse
1338 3903 1373 3963 ad
1390 3902 1528 3957 minimum
1546 3917 1663 3959 summa

201 3989 204 3999 ·
296 3976 419 4032 binarum
438 3980 658 4049 proportionum,
677 3997 746 4051 quas
764 3980 845 4035 medii
862 3980 968 4035 habent
984 3979 1021 4035 ad
1039 3988 1235 4051 eonvergentes
1253 3982 1394 4049 utrinque,
1421 3990 1452 4036 ut
1469 3984 1542 4036 inter
1560 3990 1662 4036 motus

295 4062 490 4124 convergentes
517 4061 606 4127 possit
631 4075 693 4115 esse
720 4060 899 4117 diatessaron.
936 4061 1112 4129 Divergentia
1129 4062 1211 4130 igitur
1233 4068 1354 4115 extrema
1373 4057 1516 4113 intervalla
1534 4058 1569 4112 sd
1592 4078 1662 4116 con·

295 4135 436 4205 vergentia
453 4147 576 4193 extrema
592 4155 724 4195 summam
741 4141 948 4211 proportionum
966 4139 1072 4193 iaciunt
1097 4139 1179 4207 hujus
1198 4140 1307 4195 circiter
1326 4140 1449 4209 duplam,
1475 4136 1502 4190 id
1521 4146 1566 4190 est
1585 4138 1662 4193 duos

221 4276 225 4299 ι
265 4220 388 4283 ,tonos,
407 4221 435 4269 et
452 4225 542 4272 motus
560 4226 755 4288 contengentes
773 4235 880 4275 rursum
901 4217 1013 4288 duplum
1030 4219 1128 4286 bvvjus,
1156 4219 1184 4275 id
1203 4225 1246 4273 est
1264 4228 1381 4290 quatuor
1398 4224 1492 4283 tonos,
1516 4217 1596 4283 quod
1616 4226 1662 4271 ast

294 4290 357 4361 plns
375 4304 456 4362 quam
474 4294 608 4364 diapente.
646 4298 776 4366 eiigitur
794 4297 909 4353 duorum
928 4296 1076 4352 vicinorum
1105 4300 1275 4368 planetarum
1293 4314 1398 4353 summa
1415 4295 1591 4366 propriorum
1615 4306 1662 4351 est

293 4371 382 4425 minor
400 4387 481 4439 quam
499 4374 636 4444 diapente,
652 4378 724 4432 inter
742 4393 836 4432 eorum
854 4385 1050 4447 convergentes
1068 4394 1123 4433 uon
1141 4380 1244 4448 poterit
1260 4393 1321 4432 esse
1339 4377 1519 4435 diatessaron.

379 4463 613 4544 Propositio
634 4469 719 4529 vm.
766 4469 893 4529 Saturno
917 4478 947 4529 et
968 4468 1040 4529 Jovi
1072 4469 1255 4531 debebantur
1283 4471 1455 4530 barmoniae
1489 4462 1523 4547 ¹l2
1547 4475 1580 4526 et
1612 4465 1661 4553 7„

294 4550 323 4610 id
346 4560 393 4611 est
414 4551 556 4631 diapason
580 4564 610 4616 et
632 4555 770 4636 diapente
792 4556 994 4635 epidiapeson.

380 4634 451 4691 Nam
468 4636 522 4705 ipsi
540 4647 605 4695 sunt
622 4638 702 4709 primi
718 4646 747 4695 et
759 4640 877 4709 suprend
897 4655 931 4693 ex
949 4639 1066 4709 planetis
1080 4648 1106 4693 et
1119 4641 1194 4695 nacti
1206 4647 1271 4696 sunt
1281 4639 1395 4708 figuram
1415 4639 1528 4708 primam
1542 4640 1661 4710 cabum,

293 4732 343 4787 per
371 4728 432 4782 cap.
452 4715 476 4770 1.
495 4713 596 4785 hujus,
623 4726 652 4773 et
677 4718 730 4776 bae
757 4721 916 4776 barmoniae
941 4729 1006 4776 sunt
1032 4722 1135 4790 primae
1162 4721 1258 4776 ordine
1281 4728 1396 4776 nasone
1422 4727 1461 4774 ct·
1475 4727 1543 4773 aunt
1562 4722 1662 4789 espita

293 4799 442 4868 primarum
460 4796 623 4850 familiarum
641 4795 807 4869 figuralium,
830 4799 993 4855 biscmoriae
1010 4815 1061 4856 seu
1076 4800 1263 4869 tetragonicae
1279 4807 1309 4855 et
1325 4799 1489 4868 trigeminae,
1508 4814 1562 4867 per
1578 4799 1662 4855 dicta

294 4875 340 4932 iiii.
359 4877 381 4931 Ι.
414 4874 496 4943 Quod
514 4889 579 4931 roro
596 4881 680 4945 capnt
696 4886 747 4948 eat,
766 4878 900 4949 diapason
920 4880 951 4950 ¹1,
970 4879 1152 4948 estproximo
1169 4879 1259 4947 saslor
1273 4879 1451 4948 proportione
1462 4877 1571 4934 orbium
1591 4880 1661 4935 cubi
