3567 5625
362 379 404 433 Da
421 376 543 435 Motibus
560 377 734 434 Plancianum
751 376 932 438 Harmonieis.
965 381 1054 470 'Liber
1069 382 1101 438 V.
1118 382 1298 438 Prooemium
1438 387 1501 446 269

159 561 287 631 conveni,
311 557 438 634 Pragam
462 557 562 617 sedem
585 557 675 634 elegi,
698 556 728 616 id
751 557 878 633 tandem,
903 558 1209 638 DeoOpt.l1animo,
1233 562 1284 636 qui
1306 545 1432 618 mentem
1455 563 1502 618 in-

157 647 334 722 spiraverat,
369 645 542 705 desiderium
571 647 674 720 ingens
697 650 886 720 excitaverat,
912 652 1001 707 vitam
1025 651 1112 708 etiam
1140 656 1171 707 ct
1193 650 1269 707 sires
1300 649 1409 722 ingenii
1431 664 1502 722 pro·
1631 719 1640 730 Ι

154 742 275 810 rogante
297 733 452 809 mediaque
466 746 561 792 cetera
584 750 635 811 per
651 733 773 792 duorum
787 733 999 811 Imperatorum
1018 736 1164 813 hujusque
1179 737 1348 813 provinciae
1364 735 1501 794 Austriae
1553 794 1557 800 ,

155 818 396 898 Sept-Anisenae
424 821 582 880 Procerum
614 819 826 881 liberalitatem
848 824 1070 901 suppeditante,
1105 823 1258 883 defunctus
1291 824 1371 899 prius
1401 830 1498 881 astro·

154 912 267 968 uomica
289 911 441 986 provincia
464 917 603 984 quantum
619 907 792 983 solliciebqt,
816 910 942 985 tandcnr,
966 912 1103 987 inquam,
1118 915 1146 969 in
1162 910 1258 970 lucem
1273 908 1380 987 protuli
1397 927 1502 987 supra·

155 1013 211 1072 que
235 1015 322 1073 qnam
352 1013 469 1074 sperare
496 1012 625 1071 unquam
648 998 729 1073 potui
763 999 943 1056 verissimum
972 997 1164 1075 deprehendi,
1193 1004 1286 1058 totam
1320 995 1502 1057 harmonicas

155 1093 300 1154 naturam,
333 1092 554 1160 quantaquanta
576 1091 636 1156 est,
669 1101 733 1141 cum
758 1086 894 1143 omnibus
916 1090 976 1144 suis
999 1087 1131 1162 pertibus
1159 1085 1234 1144 libro
1256 1084 1313 1143 ΙΙΙ.
1337 1083 1500 1160 explicatis,

154 1174 227 1230 inter
249 1189 346 1230 morus
369 1171 511 1230 coelestes
534 1173 666 1247 reperiri;
696 1187 753 1229 non
777 1188 813 1230 en
842 1172 960 1248 quidam
983 1173 1088 1251 modo,
1120 1191 1207 1250 quem
1231 1189 1285 1248 ego
1313 1188 1501 1249 conceperam

155 1262 250 1318 animo
273 1256 356 1340 (pars
379 1259 452 1318 haec
474 1266 519 1317 ast
541 1274 599 1316 non
621 1265 770 1334 postrema
791 1262 848 1317 mei
871 1256 1007 1341 gaudii),
1030 1261 1083 1320 sed
1098 1261 1296 1319 diversissimo
1313 1260 1372 1318 alio
1395 1259 1500 1319 simul·

155 1365 209 1426 que
231 1357 262 1407 ct
283 1348 533 1423 praestantissimo
556 1354 586 1403 et
607 1345 825 1421 perfectissimo.
871 1348 1005 1408 Accessit
1021 1346 1077 1407 hoc
1092 1347 1263 1408 intermedio
1278 1357 1417 1425 tempore,
1441 1363 1500 1423 quo

155 1453 198 1494 me
220 1452 395 1512 suspensum
416 1436 512 1492 tenuit
534 1441 665 1491 motuum
687 1436 831 1492 restitutio
855 1432 1095 1508 laboriosissime,
1119 1438 1308 1514 praecipuum
1333 1444 1362 1493 et
1384 1434 1500 1511 cupidi·
1538 1501 1543 1508 ι

156 1526 220 1582 tatis
243 1540 326 1581 meae
349 1524 558 1581 incrementum
581 1529 609 1579 et
631 1521 773 1596 propositi
796 1523 1025 1595 incitamentum,
1050 1525 1138 1583 lectio
1160 1523 1404 1612 Harmpnieorum
1427 1520 1501 1580 Pto·

155 1608 269 1683 lemaei,
306 1626 383 1685 quae
413 1611 611 1684 manuscripta
637 1607 710 1664 mihi
736 1611 896 1667 transmisit
925 1614 970 1668 vir
1000 1614 1122 1671 eximius
1154 1611 1252 1686 adque
1282 1609 1500 1686 philosophiam

156 1714 296 1773 omneque
319 1697 394 1757 adeo
418 1713 510 1773 genus
533 1695 703 1754 eruditionis
726 1698 957 1771 promovendum
975 1707 1071 1770 natus,
1094 1696 1247 1757 Jobannes
1264 1695 1409 1773 Georgius
1421 1696 1500 1756 Her·
1573 1755 1577 1772 ,

154 1785 277 1860 nardus,
302 1783 448 1844 Bavariae
472 1782 681 1854 (lancellaritrs,
704 1784 755 1841 ubi
777 1793 892 1862 praeter
907 1786 1155 1862 exspectationem
1177 1793 1206 1846 et
1221 1801 1336 1851 summa
1357 1802 1422 1843 eum
1444 1785 1500 1842 ad-

155 1876 305 1932 miratione
327 1874 427 1931 inveni
449 1879 543 1929 totum
566 1874 625 1929 iere
645 1869 752 1929 librum
768 1871 832 1946 ejus
856 1875 972 1930 tertium
989 1873 1024 1928 in
1040 1874 1142 1933 eadem
1158 1872 1405 1949 conmmplatione
1430 1870 1500 1930 har·

152 1964 263 2019 maniae
287 1959 426 2019 coelestis
451 1960 608 2016 insumtum
631 1965 698 2015 ante
713 1957 792 2016 mille
816 1965 845 2018 et
868 1961 1044 2035 quingentos
1060 1978 1161 2020 annos.
1202 1960 1317 2023 ,Verum
1341 1959 1371 2018 id
1393 1962 1500 2019 aetatis

151 2048 272 2107 multum
296 2047 393 2106 adhue
417 2045 517 2105 deerat
539 2047 734 2105 astronomiae
755 2048 910 2122 potuitque
934 2047 1130 2121 Ptolemaeus,
1154 2064 1184 2106 re
1201 2047 1354 2107 infeliciter
1376 2053 1499 2121 tentata,

145 2127 381 2212 vdesperationem
409 2133 475 2193 aliis
506 2131 649 2208 objicere,
678 2140 712 2190 ut
738 2134 789 2208 qni
817 2150 883 2192 enm
905 2134 1043 2210 Scipione
1066 2135 1258 2196 Ciceroniana
1287 2137 1385 2213 potius
1407 2150 1499 2194 suane

154 2223 297 2298 quoddam
320 2225 465 2281 somnium
488 2219 716 2296 Pythagoricum
738 2222 892 2294 recitasse,
924 2239 1011 2298 quam
1036 2222 1251 2301 philosophiam
1277 2224 1428 2299 adjuvisse
1452 2224 1499 2280 vi·
1533 2236 1535 2238 ’
1636 2283 1638 2296 Ι

154 2310 280 2386 deretur;
303 2319 336 2368 at
358 2328 403 2367 me
426 2325 493 2368 oum
516 2306 566 2365 illa
589 2309 696 2368 veter'u
719 2311 916 2368 astronomiae
940 2310 1066 2383 ruditas,
1090 2318 1152 2369 tum
1174 2309 1222 2369 hic
1244 2312 1307 2387 ipse
1329 2309 1499 2368 meditatio·

152 2414 218 2456 num
241 2401 394 2472 utriusque
417 2414 453 2455 ex
477 2395 643 2471 quindecim
665 2395 829 2454 seculorum
853 2398 1009 2456 intervallo
1033 2414 1191 2458 consensus
1220 2395 1258 2456 ad
1282 2400 1421 2456 amussim
1445 2413 1498 2455 ex·

153 2495 240 2558 anus,
265 2486 453 2544 vehementer
476 2482 658 2541 confirmavit
680 2484 708 2539 in
733 2482 863 2558 urgendo
886 2488 1049 2563 proposito.
1095 2486 1170 2545 Nam
1193 2483 1264 2560 quid
1286 2484 1385 2544 multis
1401 2483 1498 2561 opus?

153 2571 216 2650 ipsa
239 2590 337 2631 rernm
358 2578 461 2629 natura
484 2587 548 2629 sese
571 2569 717 2645 proditum
741 2571 803 2629 ibat
826 2571 993 2631 hominibus
1021 2591 1072 2650 per
1095 2573 1227 2633 diversos
1256 2562 1498 2631 distantinm'se·

154 2658 279 2719 culorum
304 2663 485 2736 interpretes,
508 2655 617 2733 digitos
640 2656 696 2715 Dei
720 2666 800 2730 erat,
823 2666 856 2716 ut
878 2676 943 2718 cum
965 2659 1109 2720 Hebraeis
1132 2662 1245 2737 loquar,
1270 2659 1319 2719 hic
1342 2661 1370 2716 in
1393 2660 1498 2717 animis

154 2745 290 2821 duorum,
320 2748 370 2823 qui
400 2763 437 2815 se,
459 2753 537 2803 totns
567 2742 806 2822 contemplationi
828 2755 951 2807 naturae
974 2747 1170 2822 dedidissent,
1203 2748 1239 2807 de
1270 2741 1498 2807 conlormatione

153 2835 248 2893 mundi
272 2843 431 2910 conceptus
455 2832 547 2905 idem,
576 2850 642 2892 cum
665 2840 766 2895 stanter
788 2832 871 2894 alteri
895 2835 958 2894 dux‘
976 2836 1080 2897 luisset
1110 2837 1147 2896 ad
1171 2837 1226 2897 boc
1248 2838 1303 2894 iter
1331 2835 1498 2911 ingredien-

154 2920 226 2993 dum.
271 2921 342 2982 Jam
364 2931 519 2999 postquam
546 2939 566 2978 a
587 2922 735 2979 mensibus
758 2922 920 2980 octodecim
950 2924 1043 3000 prima
1064 2923 1128 2995 lux,
1159 2943 1182 2983 a
1200 2924 1293 2982 tribus
1325 2919 1387 2982 dies
1406 2922 1498 2998 justa,

154 3027 171 3067 a
191 3012 376 3086 paucissimis
400 3025 470 3068 vero
493 3007 597 3066 diebus
619 3006 669 3066 Sol
693 3011 756 3086 ipsc
778 3026 876 3068 merus
900 3010 997 3070 illuxit
1019 3002 1272 3089 cotrtemplationis
1303 3008 1500 3068 admirabilis·

154 3097 249 3171 omae,
272 3096 344 3154 nihil
368 3114 413 3156 me
436 3097 550 3169 retinet,
571 3094 655 3153 lubet
676 3094 827 3171 indulgere
849 3114 933 3156 sacro
949 3098 1047 3171 furori,
1071 3099 1153 3158 lubet
1172 3098 1310 3157 insultare
1326 3095 1499 3156 mortalibus

155 3185 333 3244 confessione
355 3187 496 3259 ingenua,
527 3199 573 3241 me
595 3198 669 3241 vasa
690 3199 781 3241 aurea
804 3185 1016 3261 Aegyptiorum
1039 3189 1144 3260 iurari,
1168 3197 1200 3246 ut
1222 3187 1287 3246 Deo
1311 3202 1376 3245 meo
1399 3184 1499 3244 taber·

154 3272 286 3331 naculum
320 3290 355 3330 ex
388 3275 424 3329 iis
458 3279 640 3343 construam,
672 3267 842 3345 longissima
875 3271 914 3330 ab
947 3273 1073 3349 Aegypti
1106 3273 1223 3339 finibus.
1268 3273 1301 3333 Si
1335 3275 1497 3349 ignoscitis,

154 3360 298 3437 gaudebo,
321 3360 345 3418 si
368 3359 554 3430 succensetis,
578 3356 682 3433 teram,
701 3357 782 3432 jacio
805 3375 840 3416 en
864 3359 960 3418 aleam
984 3360 1146 3436 librumque
1165 3361 1260 3420 scribo
1283 3377 1335 3419 seu
1358 3377 1499 3437 praesen·

154 3447 231 3505 tibus
252 3464 303 3505 seu
327 3448 450 3522 posteris
473 3443 647 3522 legendum,
676 3444 746 3503 nihii
771 3447 904 3520 interest;
933 3456 1081 3525 exspectet
1103 3447 1154 3508 ille
1176 3465 1262 3507 suum
1286 3447 1424 3506 lectorem
1447 3464 1499 3524 per

154 3550 245 3592 annos
267 3542 407 3609 centum,¹
431 3535 456 3592 si
479 3533 560 3592 Deus
581 3534 644 3608 ipsc
674 3550 726 3609 per
748 3550 889 3592 annorum
913 3551 985 3594 sena
1006 3534 1099 3594 millia
1129 3534 1387 3611 contemplatorem
1410 3551 1497 3612 prae·

152 3620 275 3680 stolatus
290 3628 345 3681 est

506 3822 644 3899 Capita
671 3822 786 3899 huJus
812 3820 906 3882 libri
933 3830 1023 3883 sunt
1048 3826 1143 3885 ista:

262 3978 283 4035 1.
302 3977 344 4032 De
364 3976 481 4045 quinqua
499 3975 592 4031 solidis
609 3973 703 4043 figuris
721 3974 902 4043 regularibus.

249 4057 282 4111 Il.
300 4058 343 4112 De
361 4056 522 4123 cognatione
540 4070 602 4109 cum
618 4054 652 4109 iis
670 4053 877 4123 proportionum
895 4055 1120 4111 harmonicamm.

237 4135 284 4189 ΙΙΙ.
303 4136 414 4190 Summa
430 4133 570 4189 doctrinae
583 4132 788 4201 astronomicae,
806 4135 961 4189 necessaria
978 4133 1013 4189 ad
1029 4134 1282 4204 contemplationem
1296 4135 1496 4194 lmrmoniarum
1596 4144 1599 4149 '

153 4213 315 4268 coelestium.
1216 4268 1221 4283 ,

237 4292 281 4347 iv.
300 4293 406 4360 Quibus
427 4291 456 4345 in
473 4291 554 4365 rebus
579 4291 614 4346 ad
632 4290 802 4360 planetarum
818 4296 909 4345 motus
932 4293 1132 4360 pertinentibus
1157 4308 1303 4361 expressae
1321 4292 1376 4347 sint
1392 4293 1498 4348 harmo-

152 4369 214 4425 niae
231 4371 366 4440 simplices
385 4378 412 4425 et
430 4370 503 4440 quod
522 4387 615 4426 omnes
633 4371 696 4425 illae
714 4371 741 4424 in
760 4369 836 4424 coelo
854 4372 1039 4441 reperiantur,
1058 4387 1128 4439 quae
1149 4371 1176 4426 in
1195 4380 1278 4425 cantu
1295 4373 1398 4428 insunt.

238 4450 267 4504 V.
287 4450 383 4505 clares
402 4449 492 4505 scalae
508 4449 640 4515 musicae,
665 4465 714 4505 seu
732 4449 793 4504 loca
811 4451 980 4522 systematis,
1004 4455 1031 4505 et
1047 4449 1150 4520 'genera
1168 4447 1382 4518 harmoniarum,
1401 4448 1498 4505 durum

153 4538 181 4585 et
195 4530 291 4599 molle,
309 4546 326 4585 a
342 4528 425 4585 certis
442 4530 561 4585 motibus
577 4544 708 4598 expressa
725 4544 796 4587 essa.

238 4608 282 4662 VI.
301 4607 394 4664 Tenos
413 4623 461 4662 seu
479 4608 575 4663 modos
592 4607 853 4679 musicossingulos
872 4606 1072 4676 quodammodo
1092 4606 1362 4676 asingulisplanetis
1375 4604 1497 4675 exprimi.
1608 4594 1610 4611 '

238 4687 293 4742 vll
315 4688 518 4756 Contrapuncta
535 4702 585 4742 seu
601 4686 756 4742 harmonias
774 4684 942 4742 universales
961 4687 1079 4741 omnium
1099 4685 1269 4755 planetarum
1293 4699 1394 4752 easque
1411 4683 1498 4739 dinen

153 4782 210 4835 sss,
229 4765 305 4822 aliam
323 4766 430 4821 scilicet
447 4781 481 4820 ex
499 4764 565 4834 alia,
584 4766 701 4820 existere
719 4782 808 4837 posse.

239 4844 307 4900 viii
325 4844 359 4900 In
371 4844 490 4914 planetis
498 4858 642 4914 expressas
652 4857 712 4899 esse
720 4851 832 4901 naturas
839 4851 958 4913 quatuor
965 4860 1071 4917 nomm,
1084 4844 1208 4916 discenti,
1220 4843 1277 4910 alti,
1291 4842 1498 4912 temeriabassi.
