3567 5625
280 427 347 488 480
786 417 1125 475 Innumomanllnnu·

281 593 400 654 lectione
417 593 555 651 retinam
589 593 707 650 Tantum
731 594 802 650 enim
818 593 927 650 illorum
945 600 974 649 et
989 592 1125 663 tandsper
1141 593 1275 658 meminit,
1297 593 1362 650 dum
1384 611 1469 652 unum
1490 595 1566 667 prius
1583 611 1630 652 no-

281 680 339 730 tum
357 673 469 729 alterius
488 688 573 728 causa
589 673 750 728 recordandi
768 680 811 729 est
835 680 943 730 etcum
960 673 1008 729 illo
1027 672 1163 728 cohaeret.
1198 672 1274 728 Haeo
1291 689 1372 729 causa
1395 683 1439 729 oet
1456 674 1630 744 plurimarum

281 754 484 825 parenthesium
500 753 529 808 iu
547 768 687 818 sermone,
706 753 770 809 dum
788 754 890 820 omnia,
913 769 983 824 quae
1001 752 1054 822 ipsi
1072 752 1152 808 simul
1169 752 1303 823 incidunt,
1326 761 1439 824 propter
1456 754 1631 810 fortissimam

281 835 487 890 commotionem
506 833 624 888 omnium
642 841 817 903 cognatarum
836 835 989 904 specierum
1005 833 1035 888 in
1053 833 1196 900 memoria,
1224 833 1361 889 nicetium
1382 832 1478 888 efferre
1496 832 1631 903 loquendo

280 914 362 984 cupit
397 912 442 968 Ex
461 911 636 987 eo‘taediosa
653 919 701 967 sut
719 921 793 969 certe
811 913 943 983 perplexa
960 923 989 969 ει
1005 914 1096 968 minus
1112 911 1291 982 intelligibilis
1315 912 1434 969 eflicitur
1456 915 1517 984 ejus
1535 913 1630 967 oratio.

280 990 436 1048 Notandum
457 998 561 1060 autem,
580 1006 663 1060 supra
684 992 738 1047 etsi
755 992 824 1059 dixi,
852 1008 914 1047 esse
931 990 1108 1059 cupiditatem
1131 989 1202 1045 banc
1219 990 1307 1045 viram
1332 990 1361 1045 in
1379 992 1468 1046 otiosa
1485 992 1553 1056 vita,
1575 1005 1630 1045 nou

279 1079 370 1126 tamen
388 1071 540 1138 verisimile,
559 1070 723 1126 exstinctum
741 1072 773 1126 iri
791 1072 819 1127 in
837 1070 987 1141 negotiosa
1023 1070 1094 1125 Nam
1111 1085 1147 1124 ne
1165 1069 1205 1124 sio
1223 1068 1339 1138 quidem,
1359 1072 1482 1138 quamvis
1499 1079 1630 1141 perpetuo

280 1149 504 1222 occupatissimus
521 1148 566 1217 (de
588 1148 667 1217 cujus
694 1148 821 1205 fortunae
844 1165 929 1205 causa
951 1148 1042 1214 alibi),
1066 1149 1187 1204 abstinet
1208 1147 1437 1217 acupiditatibus
1460 1151 1526 1204 suis.
1560 1147 1632 1215 Quin

279 1231 370 1300 potins
389 1230 490 1286 ombsa
507 1226 716 1283 bonestimimae
733 1226 881 1284 functionis
898 1227 1053 1282 uecmsaria
1070 1244 1143 1292 cura,
1161 1243 1194 1283 oe
1211 1226 1277 1298 abit,
1295 1244 1351 1296 quo
1366 1227 1452 1283 lertur
1468 1228 1554 1297 ipsius
1572 1227 1630 1281 ani-

279 1325 354 1378 mus,
373 1316 403 1364 ut
415 1305 652 1376 reprehensionem
665 1322 720 1362 non
732 1306 873 1377 effugeret,
891 1306 943 1362 uisi
955 1315 1062 1374 promta
1074 1307 1227 1362 eruditione
1237 1316 1449 1378 extemporanea
1461 1307 1632 1362 subtimeret

280 1397 418 1459 ειεεεεεε
436 1386 569 1442 lunctioui
587 1400 662 1440 suae
699 1386 820 1442 Summa:
840 1387 892 1442 etsi
909 1384 1046 1440 functioni·
1058 1386 1189 1457 invigilat,
1207 1387 1239 1442 lit
1256 1388 1309 1443 boc
1325 1397 1415 1443 tamen
1433 1403 1494 1442 cum
1511 1384 1566 1440 illis
1583 1385 1630 1439 inr-

278 1467 452 1537 pedimentis,
471 1480 542 1536 quae
558 1465 623 1521 dixi
658 1467 804 1535 Nunquam
827 1467 899 1522 euim
916 1465 969 1534 ipsi
989 1464 1067 1521 deest
1077 1467 1191 1521 materia
1204 1467 1359 1538 cupiditati,
1378 1468 1475 1534 erdoti,
1493 1464 1632 1521 scrutandi

278 1547 370 1602 studio
394 1543 522 1600 diflicilia
557 1544 596 1599 Et
619 1543 704 1599 millia
729 1542 810 1599 simul
832 1544 1097 1613 incidunt,·quibus
1121 1545 1302 1617 explicandis,
1329 1563 1391 1601 oum
1412 1553 1534 1615 tompore
1556 1544 1630 1599 nullo

279 1624 465 1692 circumscribi
480 1617 583 1693 possit,
608 1622 694 1690 magu
712 1623 860 1693 impeditur
877 1638 944 1678 cura
961 1623 989 1677 iu
1007 1623 1112 1693 officie,
1135 1640 1216 1694 quam
1239 1626 1352 1681 incuria.
1388 1625 1426 1680 Et
1443 1640 1509 1680 saue
1531 1625 1556 1680 si
1575 1623 1631 1679 fors

279 1705 370 1774 ipsum
388 1704 416 1758 iu
433 1702 556 1757 militiam
573 1700 712 1758 intulisset
729 1701 773 1770 (de
785 1717 839 1771 quo
852 1701 936 1769 alibi),
957 1700 1034 1758 lortis
1053 1705 1161 1759 omuino
1178 1705 1284 1778 ιείεεει.
1317 1706 1380 1761 lion
1392 1705 1463 1759 enim
1481 1704 1568 1775 magis
1586 1703 1631 1757 ille

278 1784 355 1839 miles
374 1788 425 1851 εει,
443 1780 490 1851 qui
506 1780 589 1835 rebus
606 1779 755 1834 consumtis
772 1795 808 1836 ex
826 1780 1017 1850 desperatione
1035 1785 1063 1838 in
1081 1791 1173 1840 castra
1190 1783 1338 1840 descendit
1373 1783 1460 1838 Adest
1476 1783 1531 1850 ira,
1553 1782 1633 1839 indu·

279 1863 347 1918 stria
363 1860 427 1926 doli,
444 1857 593 1929 uigilantia,
611 1856 733 1913 assultus
751 1862 887 1929 repentini
905 1866 1051 1934 subitique,
1072 1878 1123 1919 neo
1138 1863 1258 1919 fortasse
1276 1862 1385 1919 deesset
1401 1861 1527 1919 felicitas.

367 1958 410 2013 De
427 1957 514 2026 primo
530 1955 587 2024 jam
605 1953 748 2010 dicendum
767 1964 849 2024 esset,
868 1960 892 2014 si
910 1977 965 2017 uon
983 1968 1057 2019 esset
1070 1962 1128 2031 jam
1146 1961 1256 2017 dictum.
1291 1960 1400 2031 Nullus,
1419 1961 1467 2017 cui
1481 1968 1538 2015 tam
1555 1959 1633 2017 iuriis

280 2045 323 2094 εει
345 2036 495 2108 cupiditas,
520 2034 619 2090 rationi
640 2041 731 2103 paret;
755 2034 886 2103 J'urennm
905 2040 976 2095 enin
991 2040 1123 2111 juvenilia
1144 2048 1209 2095 suut
1226 2040 1370 2095 desideria.
1405 2039 1459 2095 Sed
1485 2038 1633 2096 tamensi

279 2115 448 2189 quaestionis
466 2114 663 2170 absolutionem
679 2114 870 2182 inquirendum
893 2126 937 2174 εει
953 2120 1130 2187 iurationem,
1150 2118 1295 2188 iudicium,
1317 2118 1532 2187 intelligentiam
1568 2119 1633 2174 Esi-

279 2200 367 2268 stimo,
385 2195 469 2264 illum,
488 2195 535 2263 qui
553 2209 646 2248 uerum
664 2200 693 2248 et
709 2191 855 2250 honestum
873 2197 954 2266 videt,
974 2198 1092 2253 omniurn
1109 2196 1202 2251 uidere
1213 2197 1378 2266 acutissime,
1396 2197 1511 2267 proinde
1524 2208 1633 2266 semper

278 2294 341 2334 cum
358 2275 466 2345 iugenio
484 2288 545 2327 esse
559 2271 700 2340 iudicium,
719 2279 747 2326 et
765 2275 812 2341 qui
828 2275 914 2331 habet
930 2277 1009 2349 signa
1026 2276 1091 2331 boni
1107 2276 1223 2347 ingenii,
1247 2276 1349 2331 babere
1367 2279 1450 2333 etiam
1466 2276 1564 2344 judicii
1582 2293 1632 2347 pro

278 2354 389 2410 modulo
407 2370 506 2422 rerum,
523 2352 553 2407 in
571 2350 670 2421 quibus
688 2360 825 2423 versatur,
843 2363 876 2409 nt
893 2372 1002 2427 semper
1018 2354 1115 2411 mellus
1129 2356 1262 2424 iudicium
1279 2356 1395 2426 literati,
1419 2371 1499 2424 quam
1519 2354 1632 2424 plebeii,

278 2434 376 2489 ceteris
393 2432 513 2504 paribus.
548 2429 629 2486 Unde
646 2444 754 2500 semper
771 2432 933 2488 mirabilium
950 2450 1062 2504 operum
1081 2435 1222 2491 architecti
1246 2443 1322 2491 reete
1340 2436 1474 2491 derebus
1496 2433 1631 2502 judicant,

278 2513 400 2584 quamuis
424 2528 480 2568 non
497 2524 605 2582 semper
620 2510 729 2566 muana
764 2512 834 2566 Nam
852 2512 979 2581 judicare
1002 2514 1103 2583 ingenii
1121 2521 1176 2581 est,
1202 2512 1293 2568 iacere
1313 2513 1502 2582 cupiditatum.
1539 2515 1630 2580 Atque

278 2592 342 2648 bine
360 2600 415 2661 est,
442 2590 516 2661 quod
533 2590 657 2645 homiues
675 2588 826 2645 duodecimi
843 2590 979 2647 interdum
996 2591 1115 2661 pessime
1139 2591 1285 2647 consulunt
1299 2591 1480 2661 reipublicae,
1508 2590 1576 2658 quia
1593 2605 1631 2644 sc.

229 2703 232 2710 ι
277 2669 472 2738 cupiditatibus
489 2668 633 2736 indulgent
655 2674 683 2722 ει
705 2666 804 2722 maiam
821 2683 931 2724 cansam
957 2670 1045 2740 pejori
1068 2670 1234 2726 conscientia
1255 2669 1413 2726 defendunt.
1448 2668 1559 2724 Etenim
1577 2683 1631 2737 quo

277 2748 394 2819 quisque
418 2748 525 2804 doctior
551 2754 605 2814 εει,
631 2746 684 2801 boo
711 2745 835 2816 aequior,
864 2755 892 2802 et
914 2747 1025 2804 indocto
1047 2748 1105 2804 sire
1130 2750 1256 2821 imperito
1279 2749 1348 2804 nihil
1366 2764 1481 2820 usquam
1502 2748 1625 2818 iniquius

277 2829 416 2898 Quosdam
434 2830 516 2885 etiam
534 2828 605 2883 aliae
622 2827 829 2883 circumstantes
851 2842 951 2883 causae
973 2832 1112 2898 coercent,
1137 2846 1191 2898 que
1215 2830 1304 2885 miuus
1329 2845 1424 2885 rernm
1439 2829 1514 2898 quod
1538 2829 1631 2884 rident

277 2910 426 2964 fateantur:
451 2909 574 2978 papistas
592 2906 747 2963 dominatus
764 2906 870 2974 Papae,
889 2906 984 2976 religio
1002 2908 1185 2976 antiquitatis,
1202 2908 1270 2965 aiios
1288 2909 1458 2978 superstitio,
1484 2907 1556 2962 elios
1574 2914 1631 2961 stu·

278 2988 351 3043 dium
369 2987 471 3043 ordinis
488 2985 599 3056 politici,
617 2985 686 3040 alios
703 2984 795 3055 opinio
813 2985 995 3042 multitudinis
1012 2987 1247 3044 consentientium.
1282 2988 1379 3057 Itaque
1400 2985 1571 3056 impossibile
1588 2992 1632 3041 est

277 3068 416 3138 astrologo
433 3066 603 3138 praedicere,
627 3064 692 3134 quid
709 3065 738 3119 iu
756 3065 878 3133 qualibet
901 3082 932 3121 re
948 3074 1030 3122 natus
1048 3068 1202 3123 esuriturus
1225 3067 1269 3122 sit
1306 3065 1475 3121 Generaliter
1492 3072 1586 3119 antem
1603 3062 1630 3118 id

277 3165 370 3205 rerum
392 3153 448 3211 est,
475 3146 522 3215 qui
545 3144 637 3199 valent
658 3142 781 3213 iugenio,
807 3144 946 3199 minimum
971 3145 1096 3215 impediri
1117 3145 1279 3214 injudicio.
1314 3145 1373 3199 Nec
1395 3143 1476 3211 louge
1494 3142 1631 3198 ειεεειε

277 3227 395 3297 fastigio,
414 3224 438 3280 si
455 3225 503 3295 qui
519 3230 662 3279 morentur
679 3223 761 3278 rebus
778 3222 841 3293 illis,
860 3239 932 3293 quae
950 3224 1094 3293 subjacent
1111 3223 1256 3280 universali
1271 3222 1374 3278 lurmae
1392 3230 1421 3277 et
1438 3223 1630 3279 consuetudini
1678 3246 1684 3259 ¹

276 3306 427 3371 humanae,
452 3310 484 3359 ut
500 3310 646 3373 propterea
663 3317 756 3357 rerum
780 3319 835 3359 non
853 3311 974 3359 cernant.
1011 3304 1065 3359 Sed
1087 3312 1190 3373 ιεεεεε,
1219 3305 1266 3373 qui
1288 3304 1332 3359 liis
1348 3302 1547 3372 impediuntur,
1575 3320 1630 3359 uon

277 3391 341 3440 sunt
365 3396 430 3439 rere
451 3381 500 3437 alti
521 3380 604 3437 animi
625 3396 676 3436 uec
698 3381 817 3435 omnium
836 3381 992 3437 doctissimi.
1029 3382 1222 3438 Bellarminum
1244 3383 1316 3436 iuter
1336 3380 1509 3437 doctissimos
1531 3380 1629 3437 babeo.

280 3463 335 3519 Sed
351 3462 428 3519 illum
446 3478 500 3518 nou
518 3461 630 3532 impedit
647 3460 751 3531 religio,
769 3475 863 3515 rerum
881 3460 1017 3531 cupiditas
1036 3472 1065 3518 ει
1081 3469 1169 3517 metus
1185 3461 1321 3517 trimae.
1357 3462 1419 3517 Heu
1437 3477 1519 3530 quarn
1536 3462 1629 3517 multia

279 3543 428 3600 obstaculis
452 3549 581 3612 gravatur
597 3542 706 3596 veritas.
741 3540 804 3598 Non
822 3540 888 3609 legit
905 3539 951 3596 ille
969 3540 1061 3597 forsan
1086 3547 1135 3596 εει
1156 3557 1212 3597 εοε
1229 3542 1374 3612 perpendit
1400 3550 1511 3597 nestrae
1529 3554 1629 3595 causae

277 3622 457 3678 detensiones.
493 3622 591 3691 Sperat
608 3619 713 3688 ioman,
741 3635 771 3674 se
789 3619 942 3677 lenimentis
960 3622 1123 3691 quibusdam
1144 3629 1328 3678 εοπεειεεεεε
1350 3635 1535 3678 mumanae
1553 3619 1628 3675 mab·

276 3700 351 3755 tium
387 3700 426 3755 Et
442 3700 514 3755 inter
529 3698 634 3753 medios
652 3706 777 3753 uersatur
793 3699 887 3754 hostes
912 3709 1033 3769 nostros,
1057 3716 1113 3756 nou
1130 3707 1233 3757 ιεειειε
1256 3702 1322 3771 quid
1339 3700 1510 3770 mnmndnm,
1539 3700 1629 3754 omnia

277 3778 442 3851 experienda
459 3788 489 3834 et
504 3777 646 3834 toleranda
664 3788 764 3834 censet
799 3779 869 3833 Nam
886 3777 960 3834 idom
976 3777 1066 3834 iecere
1084 3778 1235 3835 doctbaimi
1245 3778 1474 3848 illustrissimique
1492 3784 1559 3833 ante
1576 3777 1628 3831 boc

276 3868 394 3929 tempus.
431 3858 503 3929 Quid
526 3858 560 3914 de
581 3857 703 3912 liuthero
728 3857 833 3912 dcam?
869 3858 1012 3926 Singulare
1026 3859 1101 3928 -quid
1124 3858 1153 3913 in
1175 3857 1231 3913 illo.
1267 3858 1305 3914 Ut
1320 3857 1463 3911 veritatem
1480 3856 1630 3923 desereret,

277 3954 332 3993 non
350 3938 403 3992 fult
420 3945 518 4006 motus,
537 3936 637 4006 quibus
654 3943 826 3991 moverentur
844 3937 1036 4007 sapientissimi
1055 3939 1163 4008 quique.
1199 3938 1231 3992 ln
1243 3937 1297 3992 boc
1313 3936 1433 3992 omnium
1449 3935 1504 3991 fuit
1522 3938 1627 4007 sapien·

276 4017 406 4073 tissimus.
442 4014 495 4069 Sed
519 4013 584 4084 quid
608 4014 642 4069 de
659 4014 850 4069 maledicentia
872 4021 902 4070 et
922 4016 1134 4085 spurciloquiis'?
1170 4018 1241 4073 Num
1259 4017 1328 4072 baec
1345 4016 1447 4072 cudunt
1471 4016 1499 4070 in
1518 4018 1627 4086 sapien·

275 4096 351 4153 tem?
385 4094 471 4159 Fecit,
488 4108 539 4148 uec
556 4091 688 4164 probavit.
724 4092 852 4148 Peccavit
866 4093 950 4162 igitur
966 4094 1129 4167 eupiditate,
1150 4112 1205 4152 non
1221 4097 1331 4166 judicio.
1367 4096 1481 4166 Oportet
1497 4096 1587 4166 igitur
1602 4097 1628 4151 in

274 4177 333 4232 uiro
350 4173 495 4231 utilissimo
512 4173 602 4228 inesse
619 4188 675 4228 non
688 4171 822 4240 Judicium
840 4172 952 4244 saltem,
978 4173 1128 4230 sedetiam
1153 4176 1279 4231 ardorem
1303 4182 1331 4231 et
1347 4176 1535 4245 cupiditatem.
1572 4177 1628 4231 Ista

280 4270 354 4325 uero,
373 4254 396 4310 si
414 4268 463 4324 per
480 4252 570 4308 omnia
588 4251 707 4307 cilicium
724 4251 808 4307 iaciat
825 4260 854 4308 et
869 4253 969 4310 rationi
989 4255 1167 4325 respondeat,
1191 4256 1318 4313 divinitus
1339 4257 1433 4325 utique
1451 4255 1627 4325 gubernatur.

277 4333 353 4389 Alias
369 4334 397 4387 αἱ
413 4333 524 4401 paradeus
542 4350 628 4395 φυσεις
653 4352 718 4396 μετα
735 4339 852 4401 μεγαλα
868 4331 970 4401 aigum
988 4355 1031 4387 aar
1047 4336 1161 4401 maia,
1179 4356 1270 4398 nemag
1288 4353 1457 4405 upopegcwr.
1491 4336 1627 4406 Aequitii

276 4412 363 4467 multa
378 4413 483 4483 patitur
500 4412 535 4467 ab
552 4412 685 4466 honorum
704 4410 810 4480 cupidis
827 4419 876 4467 aut
892 4412 1085 4467 dominationis
1102 4421 1152 4469 aut
1168 4417 1279 4483 argenti
1315 4417 1347 4473 In
1365 4415 1419 4470 illis
1442 4416 1533 4472 ducit
1545 4417 1627 4471 ratio·

276 4506 338 4546 uem
356 4491 498 4562 cupiditas.
535 4491 632 4561 Itaque
654 4506 748 4547 verum
771 4489 804 4546 dt
820 4490 862 4560 id,
887 4492 961 4562 quod
978 4492 1057 4548 initio
1074 4491 1166 4562 posui,
1190 4508 1251 4550 cum
1274 4495 1382 4563 iugenio
1399 4509 1462 4550 esee
1483 4495 1625 4562 judicium

277 4569 316 4625 Et
332 4572 396 4640 quia
413 4571 458 4628 hic
475 4578 540 4629 εεει
557 4572 630 4628 illius
648 4571 734 4640 signa,
753 4578 818 4627 sunt
835 4577 863 4626 et
880 4572 972 4640 bujus.
1009 4571 1063 4629 Sed
1081 4571 1116 4627 ad
1134 4572 1335 4642 producendum
1349 4588 1417 4635 eam,
1434 4573 1469 4627 de
1488 4589 1546 4643 qua
1563 4576 1626 4637 dixi,

278 4651 479 4718 poenitudinem
498 4666 553 4706 non
571 4649 681 4721 suffieit,
708 4658 739 4706 ut
756 4650 858 4705 lumine
871 4650 968 4718 judicii
986 4652 1090 4721 valeas,
1109 4660 1140 4707 ut
1156 4653 1255 4711 ardeas
1271 4653 1467 4722 cupiditatibus
1484 4655 1579 4725 variis,
1596 4664 1625 4712 ut

276 4726 362 4785 niulta
378 4728 500 4800 incipias,
519 4728 612 4794 iacias
630 4728 705 4785 dicas
723 4727 931 4797 inconsiderate,
949 4735 977 4784 et
994 4730 1180 4800 injuventute
1197 4748 1251 4788 uun
1269 4733 1358 4787 onmia
1374 4732 1475 4788 uideas.
1511 4734 1625 4791 Accedit

278 4815 404 4875 quartum
421 4807 587 4864 incredibilis
605 4822 681 4862 amor
697 4808 813 4879 gloriae,
840 4805 1043 4875 celebrationis,
1061 4808 1170 4881 ιειοείε,
1189 4802 1338 4882 applausus
1355 4811 1509 4880 bominum,
1530 4821 1560 4868 et
1574 4828 1623 4882 per

276 4884 317 4945 iili
334 4893 421 4943 metus
438 4884 595 4943 offensionis
609 4886 714 4957 justae,
739 4895 789 4945 aut
805 4892 958 4944 εεειεεειεε
976 4886 1019 4944 sui
1035 4887 1064 4943 ln
1081 4887 1144 4944 ulio.
1178 4890 1282 4961 Metus,
1307 4897 1339 4945 ει
1362 4892 1471 4961 ineptus
1489 4892 1621 4962 viduatu,
