3567 5625
272 398 345 459 260v
686 384 728 444 Iie
747 386 1010 459 Contigurstionlbus
1028 393 1210 449 Harmonieis:

271 572 436 651 praefectae
466 577 543 631 sunt.
588 568 634 627 De
662 569 792 646 principe
815 568 932 644 quidem
959 574 1074 631 animae
1103 572 1256 646 facultate,
1291 589 1367 651 quae
1396 590 1478 633 mens
1508 572 1622 647 dicitur,

271 669 387 739 praeter
409 659 468 733 ills,
493 674 569 735 quae
591 673 681 732 supra
704 673 767 732 cap.
788 658 814 715 1.
838 673 875 716 ex
898 656 1003 718 Proelo
1025 660 1125 733 attuli,
1149 660 1222 718 nibil
1245 660 1381 721 admouet
1402 664 1554 738 negotium
1576 680 1623 720 ra·

271 749 443 820 dictionum,
467 745 548 823 quod
571 743 666 803 dicam
688 744 825 819 amplius.
869 743 925 803 Est
947 745 999 805 illa
1020 756 1168 825 punctum,
1194 755 1225 806 ut
1246 767 1342 822 mens;
1365 757 1411 807 est
1433 749 1568 823 circulus,
1591 756 1623 808 ut

269 838 471 909 ratiocinati03
504 841 548 893 est
570 834 682 908 imago,
706 830 807 890 vultus
829 830 939 906 divini3
970 843 1014 893 est
1035 834 1202 907 harmonia,
1227 835 1325 911 quoad
1346 840 1494 914 energiam
1516 854 1621 911 unam,

270 924 390 983 suntin
414 941 449 983 ea
472 921 556 981 ideae
578 929 608 980 et
630 920 744 997 species
767 918 1001 995 mathematicae,
1025 940 1077 997 per
1100 914 1254 997 circulum3
1284 924 1335 982 dat
1363 922 1416 982 illa
1443 923 1541 994 bisce,
1574 924 1623 982 dat
1669 930 1672 937 ’

270 1021 300 1071 et
321 1012 480 1071 harmoniis
511 1026 569 1068 erae
590 1024 676 1067 suum
698 1005 905 1067 intellectuale.
950 1005 1034 1069 Haec
1063 1012 1161 1069 omnia
1183 1012 1310 1085 requirat
1337 1011 1428 1070 lector
1450 1030 1486 1071 ex
1508 1014 1623 1088 superi-

270 1101 390 1175 oribus,
421 1098 470 1158 bic
491 1095 624 1174 pluribus
646 1111 705 1152 non
729 1102 773 1153 est
796 1111 879 1169 opus.
925 1093 1025 1155 Unum
1046 1096 1103 1156 hoc
1125 1115 1230 1157 moneo
1254 1096 1290 1157 de
1312 1098 1410 1158 Procli
1433 1098 1621 1174 argumenta-

268 1189 366 1248 tione:
398 1204 459 1246 non
481 1183 575 1245 videri
598 1181 680 1240 illam
703 1182 758 1240 niti
782 1180 866 1243 bonis
887 1182 1040 1263 exemplis,
1063 1184 1131 1243 dum
1153 1183 1287 1258 inculcat,
1311 1185 1378 1246 ideo
1393 1186 1494 1260 lineas,
1518 1199 1621 1263 super·

268 1276 349 1336 lieies
372 1283 402 1335 et
423 1281 534 1351 puncta
554 1272 584 1328 in
606 1271 705 1329 anima
727 1269 900 1341 statuenda,
925 1274 995 1347 quia
1017 1274 1046 1330 in
1069 1273 1225 1333 sensilibus
1247 1272 1345 1333 nullae
1367 1290 1458 1350 purae
1481 1283 1510 1333 et
1533 1291 1622 1350 sepa·

268 1374 350 1425 ratae
372 1361 549 1440 superficies,
573 1357 668 1417 lineae
691 1355 739 1414 vel
763 1365 872 1433 puncta
892 1360 959 1416 sint
1006 1359 1097 1437 Atqui
1119 1378 1173 1420 neo
1195 1363 1224 1420 in
1247 1363 1346 1420 anima
1367 1368 1413 1420 est
1434 1361 1513 1421 linea
1535 1362 1620 1438 pura,

268 1469 300 1512 se
323 1455 388 1528 ipae
409 1451 582 1519 subsistens,
603 1443 656 1504 sed
678 1445 808 1502 inexistit
823 1446 853 1501 in
868 1444 1021 1522 superficie
1036 1448 1166 1518 mentali,
1190 1447 1273 1523 cujus
1296 1457 1340 1507 est
1363 1451 1540 1527 extremitas,
1562 1466 1620 1507 non

268 1542 364 1599 minus
392 1554 480 1614 quam
508 1538 539 1593 in
567 1531 725 1593 sensilibus
753 1533 967 1606 quantitatibus
1008 1539 1155 1610 corporeis
1183 1537 1259 1596 inest
1294 1535 1460 1613 superficies
1488 1553 1570 1594 mera
1591 1539 1620 1592 in

247 1702 250 1705 Ι
268 1629 452 1687 extremitate
475 1621 612 1698 eorporis,
636 1618 716 1678 linea
737 1636 817 1678 mera
840 1621 869 1675 in
892 1624 1073 1681 extremitate
1095 1623 1256 1702 superficiei
1263 1667 1273 1701 ,
1294 1633 1435 1700 punctum
1457 1641 1568 1682 merum
1592 1626 1620 1681 in

268 1723 398 1775 extremo
420 1713 531 1772 lineae:
567 1707 800 1790 imperlectarum
833 1709 910 1765 euim
934 1713 1129 1784 quantitatum
1152 1728 1210 1770 esse
1232 1721 1278 1768 est
1299 1714 1392 1770 imese
1420 1713 1450 1768 ln
1473 1712 1619 1788 perlectis.

268 1802 388 1863 Scilicet
414 1816 521 1879 genera
543 1795 662 1873 quidem
684 1793 891 1854 mathematica
913 1813 971 1854 non
994 1806 1062 1855 sunt
1084 1798 1170 1857 aliter
1192 1800 1222 1856 in
1245 1799 1357 1871 anima,
1388 1816 1476 1874 quem
1499 1801 1619 1857 univer·

267 1890 343 1949 salia
365 1897 462 1950 cetera
484 1892 701 1962 conceptusque
723 1884 806 1954 rarii,
830 1882 969 1943 abstracti
986 1902 1004 1942 a
1020 1885 1196 1965 sensilibus,
1218 1895 1250 1945 at
1271 1887 1432 1962 specierum
1455 1885 1620 1945 mathema·

266 1981 389 2038 ticarum
412 1974 472 2047 illa,
499 1989 576 2049 quae
598 1968 725 2029 circulus
741 1968 853 2043 dicitur,
878 1969 964 2047 longe
980 1971 1039 2031 alia
1061 1975 1174 2033 ratione
1197 1977 1273 2033 inest
1287 1975 1412 2048 animae,
1434 1990 1491 2032 nou
1507 1982 1620 2032 tantum

267 2074 300 2125 ut
323 2064 390 2124 idea
411 2079 506 2122 rerum
528 2058 722 2129 elterrrerum,
745 2056 798 2115 sed
821 2058 911 2117 etiam
933 2067 965 2117 ut
986 2059 1080 2118 torma
1102 2059 1248 2136 quaedam
1270 2062 1362 2137 ipsius
1386 2063 1512 2135 atrimae,
1536 2058 1621 2120 deni-

232 2156 238 2163 '
266 2169 324 2229 que
359 2160 391 2210 ut
419 2150 629 2226 promtuarium
662 2146 778 2201 unicum
815 2148 909 2205 omnis
940 2150 1137 2223 geometricae
1176 2157 1204 2208 et
1236 2148 1437 2207 arithmeticae
1469 2149 1619 2220 scientiae,

267 2257 390 2316 quorum
412 2236 485 2296 illud
508 2239 537 2293 iu
561 2233 691 2293 doctriua
715 2233 847 2305 sinuum,
877 2232 934 2292 boo
962 2237 993 2291 in
1016 2234 1143 2295 mirabili
1173 2234 1411 2311 logaritbmorum
1433 2238 1553 2312 negotio
1576 2243 1621 2294 est

267 2326 533 2393 evidentissimum,
563 2330 596 2381 ut
619 2323 647 2378 in
672 2319 777 2395 quibps
810 2336 846 2377 ex
868 2321 977 2379 circulo
1009 2324 1079 2380 ortis
1110 2324 1221 2382 abacus
1244 2323 1362 2399 quidam
1393 2326 1468 2382 inest
1491 2326 1622 2381 omnium

265 2412 545 2490 multiplicationum
568 2417 598 2469 et
621 2407 815 2478 divisionum,
847 2423 923 2483 quae
947 2425 1076 2484 unquam
1097 2408 1159 2470 fleri
1183 2419 1319 2488 possunt,
1351 2412 1441 2469 veluti
1462 2410 1525 2486 jam
1549 2428 1622 2469 con-

266 2503 416 2562 fectarum.
440 2498 499 2559 Sed
514 2497 586 2557 satis
603 2494 639 2556 de
662 2495 792 2574 principe
815 2495 930 2554 animae
953 2495 1108 2570 facultate3
1136 2500 1286 2561 veniamus
1310 2515 1387 2557 nunc
1408 2497 1447 2557 ad
1462 2497 1621 2557 interiores

353 2586 492 2648 Facultas
514 2586 615 2660 itaque
640 2579 739 2641 vitalis
763 2584 791 2637 in
808 2582 926 2641 bomine
949 2594 1007 2642 non
1023 2583 1188 2644 barmoniae
1204 2592 1317 2644 mutum
1332 2585 1422 2645 radiis
1443 2584 1551 2644 lucidis
1575 2587 1622 2643 in·
1693 2620 1697 2625 ,

267 2676 388 2741 volutas
411 2691 509 2734 secum
531 2672 629 2743 babet,
651 2665 703 2729 sed
726 2671 816 2727 etiam
837 2667 1016 2741 harmonias,
1039 2672 1177 2731 sonorum
1199 2674 1352 2748 speciebus
1374 2675 1560 2732 incrustatas.
1584 2671 1623 2730 Et

251 2780 354 2844 ⁴sonos
376 2761 495 2840 quidem
517 2761 637 2820 auribus
660 2756 757 2817 haurit
780 2765 813 2816 ut
836 2757 984 2834 obJectum
1006 2761 1164 2838 proprium,
1196 2759 1293 2819 radios
1317 2777 1386 2821 vero
1409 2759 1537 2821 siderum
1560 2776 1621 2819 nou

266 2860 300 2911 ut
321 2852 415 2911 oculis
438 2867 503 2923 eos,
535 2847 587 2907 sed
609 2845 717 2905 ut'illo
745 2846 809 2920 ipso
832 2850 1028 2923 perceptionis
1056 2847 1145 2924 paulo
1167 2851 1300 2925 superius
1323 2848 1486 2927 explicatae
1510 2850 1622 2908 ohscu-

265 2941 334 3000 riori
357 2937 444 2998 modo
466 2937 609 3007 admittit,
638 2933 676 2991 ad
703 2931 873 2991 barmoniae
904 2943 1046 2993 corinetes
1068 2934 1149 2993 ideas
1172 2938 1328 2995 examinat
1373 2935 1516 3010 Nemea,
1541 2952 1619 3013 quae

266 3026 401 3087 videntur
424 3024 526 3096 oeulis,
549 3024 680 3081 serviunt
702 3018 854 3093 discursui,
879 3019 1096 3080 harmoniarum
1119 3024 1230 3098 agnitio
1253 3026 1316 3082 sine
1339 3023 1471 3083 discursu
1494 3033 1548 3083 est.
1572 3022 1623 3083 Sic

266 3116 397 3173 innatam
419 3129 483 3172 esse
505 3109 586 3186 pullo
609 3107 773 3186 gallinaceo
797 3107 895 3168 ideam
917 3108 1015 3183 milri,
1050 3112 1150 3168 sciscit
1176 3107 1207 3171 J.
1232 3110 1264 3170 0.
1288 3109 1436 3187 Scaliger3
1464 3128 1522 3169 non
1555 3129 1622 3169 eam

266 3197 579 3278 quidemsimplicem,
602 3195 654 3256 sed
677 3209 744 3254 cum
765 3207 836 3254 nora
857 3195 1014 3273 lugieudae
1029 3197 1176 3271 perniciei.
1219 3196 1297 3257 Hine
1320 3200 1409 3275 igitur
1429 3199 1541 3258 babent
1564 3198 1622 3258 hoc

267 3292 383 3349 animas
404 3287 564 3358 humanae,
596 3283 677 3361 quod
698 3281 753 3341 sub
776 3291 892 3361 tempus
915 3293 1086 3361 aspectuum
1109 3283 1280 3345 coelestium
1302 3288 1630 3365 praecipuosscapiunt·

266 3378 391 3452 impetus
414 3375 453 3433 ad
475 3373 607 3450 negotia,
642 3387 719 3448 quae
747 3368 804 3430 sub
832 3372 969 3432 manibus
991 3371 1115 3444 habent,
1144 3373 1319 3450 peragenda.
1365 3372 1452 3447 Quod
1479 3375 1556 3433 enim
1580 3381 1625 3433 est

267 3465 337 3523 boui
358 3461 509 3534 stimulus,
542 3475 618 3536 equo
643 3459 739 3518 calcar
760 3464 813 3517 aut
835 3459 1011 3532 celetismus,
1034 3459 1119 3517 militi
1142 3468 1313 3537 tympanum
1328 3461 1544 3534 et'elassicum,
1568 3479 1624 3521 au·

172 3583 176 3590 ·
267 3551 409 3610 ditoribus
432 3552 528 3609 oratio
551 3549 707 3621 incentiva,
731 3545 834 3605 turbae
856 3550 1030 3606 rusticorum
1053 3547 1214 3607 modulatio
1238 3566 1289 3626 per
1310 3547 1455 3622 fistulam,
1480 3549 1620 3608 utriculos

268 3647 298 3698 et
320 3637 496 3718 pandoram,
524 3634 587 3695 *boc
610 3642 655 3693 est
676 3636 837 3708 universis,
872 3638 1028 3712 praecipue
1051 3651 1120 3695 vero
1144 3638 1173 3693 iu
1196 3652 1286 3694 unum
1311 3637 1511 3713 congregatis,
1547 3653 1620 3696 con-

266 3726 403 3802 figuratio
426 3724 560 3786 coelestis
582 3721 752 3782 idoneorum
774 3721 974 3798 planetarum3
1007 3730 1039 3782 ut
1062 3731 1091 3784 et
1112 3722 1219 3799 singuli
1246 3726 1276 3781 iu
1299 3726 1360 3782 suis
1376 3723 1617 3783 meditationibus

267 3815 422 3890 operisque
444 3814 607 3883 incitentur,
631 3818 660 3868 et
682 3812 809 3869 universi
832 3808 871 3869 ad
894 3811 1119 3886 conspirandum
1133 3811 1347 3887 sociandasque
1371 3810 1504 3871 dexteras
1518 3828 1620 3888 prom·

267 3903 356 3961 tiores
378 3901 459 3960 liant.
504 3899 609 3975 ltaque
628 3899 660 3958 in
683 3897 788 3957 militia
811 3897 912 3958 videas
934 3897 1105 3976 plerumque
1128 3897 1254 3976 proelia,
1284 3916 1414 3975 pugnas,
1438 3899 1617 3971 invasiones,

267 3988 410 4060 assultus,
445 3987 694 4064 expugnationes,
723 3981 882 4058 tumultus,
911 3988 1033 4064 panicos
1062 3994 1184 4045 terrores
1213 3986 1268 4044 sub
1291 3993 1423 4064 tempora
1444 3995 1617 4064 aspectuum

267 4074 372 4135 Martis
394 4083 423 4134 et
444 4075 598 4147 Mercurii,
629 4069 720 4131 Jovis
740 4080 770 4131 et
792 4070 913 4146 Martis,
943 4072 1021 4132 Solis
1045 4081 1074 4133 et
1095 4071 1216 4147 Martis,
1245 4072 1362 4132 Saturni
1385 4079 1415 4132 et
1436 4073 1540 4132 Martis
1563 4083 1617 4134 etc.

268 4165 407 4238 existere3
440 4160 663 4242 inopinantes
686 4160 794 4218 morbis
825 4159 924 4235 plures
953 4167 1081 4236 tempore
1105 4159 1271 4241 validorum
1298 4170 1469 4237 aspectuum
1492 4161 1614 4220 decum-

267 4251 353 4323 bere,
383 4252 501 4327 gravius
523 4250 668 4325 torqueri,
700 4254 753 4307 eut
782 4248 869 4305 etiam
902 4249 990 4322 mori,
1021 4257 1126 4306 natura
1153 4265 1194 4308 sc.
1218 4243 1369 4307 deficiente
1397 4251 1427 4304 in
1449 4248 1530 4308 lucta
1552 4267 1618 4308 curn

267 4339 384 4411 morbo,
415 4333 563 4413 adquam
585 4335 695 4394 luctam
724 4332 794 4413 (non
817 4352 887 4393 vero
911 4334 949 4393 ad
971 4332 1107 4417 mortem)
1136 4337 1273 4395 incitatur
1301 4337 1339 4395 ab
1362 4343 1491 4411 aspectu.
1536 4335 1619 4411 Quae

268 4428 366 4485 omnia
388 4442 447 4483 non
469 4424 582 4484 eoelum
604 4425 700 4500 ipsum
723 4423 798 4482 lacit
813 4424 876 4481 siue
900 4421 1014 4495 medio,
1042 4423 1095 4482 sod
1124 4426 1239 4483 animae
1268 4422 1393 4482 facultas
1415 4424 1528 4498 vitalis,
1553 4441 1618 4483 eum

268 4507 443 4574 coelestibus
467 4512 625 4570 harmoniis
647 4527 737 4587 opera
759 4526 814 4569 sua
836 4511 1023 4580 consocians,
1054 4513 1246 4589 principatum
1277 4518 1356 4570 tenet
1378 4512 1406 4569 in
1429 4509 1499 4585 hoc,
1527 4512 1617 4588 vulgo

267 4603 310 4660 sic
333 4598 421 4673 dicto,
443 4599 557 4658 influxu
579 4596 663 4657 coeli.
688 4596 806 4658 Scilicet
828 4595 903 4656 haec
926 4615 984 4656 vox
1007 4597 1132 4657 influxus
1155 4599 1310 4657 fascinavit
1330 4597 1521 4676 philosophos
1543 4616 1618 4658 non·

267 4687 383 4760 nullos,
414 4694 448 4745 ut
469 4704 536 4747 cum
557 4687 717 4763 ineptieute
740 4684 830 4761 vulgo
852 4685 910 4761 ipsi
934 4687 1072 4759 insanire,
1110 4703 1198 4761 quam
1227 4702 1340 4745 mecum
1361 4703 1465 4762 sapere
1487 4683 1615 4746 mallent

268 4774 399 4849 Quorum
416 4790 488 4834 sane
511 4790 599 4851 quam
621 4772 734 4832 infirma
758 4780 802 4833 est
824 4778 945 4831 catena:
977 4781 1056 4832 astra
1082 4791 1169 4850 agere
1192 4775 1221 4830 in
1244 4776 1356 4846 adrem,
1389 4771 1467 4832 hunc
1489 4774 1519 4830 in
1541 4782 1616 4833 tem·

266 4868 468 4940 paramentum
489 4863 637 4940 corporis,
659 4859 716 4920 boc
733 4860 797 4936 jam
820 4861 850 4919 in
871 4862 1009 4921 animan.
1052 4861 1124 4920 Esto
1146 4860 1203 4920 boc
1225 4861 1254 4918 in
1276 4859 1468 4937 quibusdam,
1491 4867 1523 4920 at
1546 4858 1615 4938 quid
