3567 5625
631 415 666 472 ad
684 415 781 473 librum
798 415 831 472 V.
847 414 1081 475 Harmonicorum.
1340 457 1374 520 ι,
1462 413 1523 482 891
1585 465 1589 472 1

183 593 281 654 datam
310 609 381 655 rere
410 602 440 656 et
471 594 618 654 causalem
650 607 703 653 seu
734 594 951 673 archetypicaus
973 603 1182 656 connexionem
1210 596 1400 676 sphaerarum
1427 591 1526 655 aaa

182 699 247 741 cum
278 683 448 759 corporibus
479 684 500 741 5*
524 682 707 758 regularibus
738 699 794 758 ego
823 685 1005 762 aprincipio
1034 687 1091 745 mei
1108 684 1180 764 *libri
1204 685 1240 743 V.
1270 681 1372 765 repetii
1402 703 1438 746 ex
1460 699 1526 743 meo
1590 681 1604 704 ⁸

182 769 323 848 Mysterio
347 767 604 847 cosmographiae.

188 865 191 871 “
267 856 364 934 Caput
383 859 429 916 15.
453 857 615 918 Ptolemaei
637 859 759 933 quaerit,
783 858 932 933 quomodo
945 863 1026 917 sami
1037 864 1153 936 possint
1173 867 1311 920 motorum
1323 864 1526 937 propriorum

176 948 388 1021 proportiones
406 947 465 1021 per
485 962 643 1018 moereres,
666 944 718 1004 sed
742 945 824 1004 deest
844 953 950 1006 textos.
997 944 1119 1006 Ostendi
1143 950 1231 1024 igitur
1252 948 1370 1021 eadem,
1400 966 1476 1023 quae
1498 949 1527 1004 in
1558 976 1561 984 ·

180 1029 316 1109 praeced.
341 1047 404 1109 cap.
450 1033 494 1092 [ie
518 1042 615 1093 cetero
637 1032 877 1092 considerandum
902 1034 957 1092 hoe
980 1032 1055 1105 dedi,
1080 1035 1158 1111 quod
1181 1036 1228 1095 hic
1249 1033 1436 1094 Ptolemaeus
1458 1043 1526 1094 arte

184 1120 268 1179 1500
289 1136 383 1178 anuos
405 1123 555 1179 materiam
579 1123 635 1179 mei
659 1120 708 1179 lib.
733 1119 769 1178 V.
799 1124 944 1198 propriam
966 1130 1090 1181 tractare
1114 1124 1284 1195 instituerit,
1315 1126 1339 1181 si
1368 1137 1419 1198 per
1441 1137 1526 1181 suam

183 1209 392 1266 astronomiam
406 1210 560 1282 potuisset.
599 1208 663 1283 Ego
677 1210 777 1283 ltaque
792 1210 820 1264 iu
837 1208 991 1267 emendata
1007 1212 1197 1284 astronomia,
1216 1227 1391 1286 quaereres
1409 1216 1439 1268 et
1454 1212 1526 1268 sim-

179 1294 270 1369 plices
292 1293 476 1371 planetarum
497 1300 596 1355 motos
618 1296 733 1368 retinet,
757 1293 913 1354 eliminatis
936 1299 1122 1372 appetentiis,
1146 1313 1222 1373 quae
1245 1297 1394 1357 oeulomm
1418 1296 1527 1375 deeep-

181 1381 310 1440 tiooibus
340 1391 489 1453 constant,
519 1381 648 1456 osterrdi,
678 1384 707 1439 in
731 1382 813 1441 coelo
835 1384 996 1442 secundum
1020 1402 1117 1443 veram
1148 1394 1177 1445 et
1199 1389 1355 1461 genuinam
1386 1388 1527 1443 rationem

181 1472 407 1545 quantitatiram
432 1475 460 1528 ct
482 1465 721 1540 mensurabilem,
745 1486 804 1528 noo
826 1484 896 1529 vero
920 1487 971 1546 per
992 1472 1100 1535 nodam
1123 1472 1278 1533 levicolam
1305 1472 1526 1549 symbolisatio·

180 1571 254 1630 nem,
280 1559 376 1616 inesse
399 1556 582 1616 harmonicas
605 1559 806 1635 proportiones
829 1575 940 1632 omnes,
963 1559 1178 1618 harmoniarum
1194 1577 1310 1635 genera,
1330 1569 1460 1637 systema
1474 1575 1526 1619 seu

179 1644 291 1703 scalam
312 1646 454 1703 musicam
477 1651 506 1704 et
528 1645 627 1704 claves
650 1643 889 1721 ejusplerasque,
914 1653 1050 1705 tonorum
1072 1652 1239 1720 varietates,
1266 1664 1371 1706 vocum
1395 1647 1524 1722 figuralis

178 1734 308 1792 musicae
337 1731 466 1791 aemulos
499 1731 649 1810 planetas,
679 1741 887 1810 connapuncta
916 1732 1041 1808 deniqne
1071 1735 1248 1795 universalia
1281 1737 1299 1792 6
1323 1737 1524 1812 primariorum

179 1819 378 1897 planetarum,
408 1821 522 1879 variata
553 1828 583 1879 et
612 1820 766 1896 generibus
796 1827 826 1879 et
847 1823 934 1879 tonis.
973 1820 1051 1899 Cap.
1079 1824 1127 1881 16.
1157 1829 1186 1881 et
1213 1822 1315 1881 ultimo
1338 1822 1525 1881 Ptolemaeus

179 1906 352 1984 pollicetur,
375 1907 515 1983 indagare
537 1924 570 1968 se
593 1907 684 1979 velle,
712 1925 775 1983 quer
796 1911 915 1966 ratione
934 1908 1163 1985 familiaritates
1184 1927 1329 1970 monam
1351 1912 1528 1984 conspumat

175 1998 294 2069 possint
319 2013 387 2053 com
415 1995 681 2071 familiaritatibus
708 2011 868 2064 sonarum,
901 1998 1044 2071 principia
1070 2013 1112 2057 sc.
1135 1997 1312 2072 astrologico
1342 1997 1378 2055 de
1401 1997 1527 2074 planetis

182 2081 320 2141 beneficis
343 2089 373 2141 et
394 2081 548 2155 maleficis,
579 2083 679 2141 amicis
708 2084 783 2140 inter
804 2097 836 2140 sc
866 2082 913 2140 rel
935 2082 1085 2162 hostibus,
1114 2101 1167 2161 per
1188 2085 1355 2143 harmonias
1385 2082 1537 2143 coelestes

180 2168 379 2249 demonstrare
405 2172 521 2246 sategit.
568 2168 605 2227 Et
635 2171 705 2245 quia
735 2171 823 2228 etiam
854 2168 922 2228 huic
945 2173 1033 2245 capiti
1069 2171 1150 2230 deest
1173 2180 1288 2243 textus,
1318 2185 1384 2230 eam
1407 2187 1463 2246 ego
1494 2180 1527 2229 01

179 2260 271 2334 potui,
297 2260 465 2334 praesertim
489 2275 523 2315 ex
540 2255 701 2328 Macrobio,
725 2258 913 2329 concinnari,
935 2267 966 2315 at
980 2257 1066 2316 simul
1090 2258 1204 2317 ostendi
1220 2261 1248 2315 in
1264 2261 1349 2331 rotie,
1374 2258 1443 2336 quid
1461 2258 1528 2316 huic

180 2347 299 2421 negotio
323 2343 406 2416 desit,
431 2361 490 2421 qrro
513 2347 608 2403 minus
630 2344 789 2403 secundum
812 2347 1020 2402 astronomiam
1036 2349 1187 2420 antiquam
1210 2347 1357 2406 succedat.
1403 2345 1436 2404 ln
1460 2361 1527 2404 mee

180 2449 249 2491 vero
274 2447 362 2509 opere
385 2431 495 2490 nullam
517 2439 630 2508 partem
653 2448 716 2507 cap.
744 2434 791 2490 16.
815 2430 1039 2508 respondentem
1054 2433 1159 2507 habeo,
1184 2435 1240 2492 nisi
1255 2432 1382 2511 paucula
1403 2449 1438 2491 ex
1462 2435 1526 2510 cpi-

181 2519 248 2595 lego
272 2519 348 2578 libro
371 2518 409 2576 V.
453 2520 529 2578 Nam
551 2517 711 2595 astrologia
734 2521 795 2594 agit
817 2518 853 2577 ds
872 2518 1000 2578 siderum
1016 2520 1165 2580 effectibus
1190 2524 1218 2579 io
1234 2520 1333 2593 Terra,
1357 2534 1527 2580 manavere

181 2607 322 2667 coelestes
344 2606 512 2667 harmoniae
533 2624 593 2666 non
615 2607 774 2665 formentur
797 2622 847 2682 per
867 2603 966 2665 radios
991 2609 1017 2664 in
1041 2607 1139 2681 Terra,
1162 2609 1215 2669 ssd
1237 2609 1266 2664 in
1290 2607 1368 2667 Sole.

247 2765 250 2774 ,
267 2694 366 2769 Atque
389 2694 437 2753 hic
459 2693 524 2753 finis
547 2703 591 2754 est
613 2697 708 2771 operis
723 2693 910 2764 Ptolemaiei,
934 2711 999 2753 curo
1015 2711 1073 2770 qrro
1090 2697 1177 2756 etiam
1193 2709 1336 2758 summam
1357 2693 1527 2772 appendicis

184 2782 210 2839 in
236 2780 385 2842 vestibulo
413 2779 478 2841 libri
502 2781 538 2842 V.
568 2783 729 2859 promissae
756 2781 882 2855 finirem,
912 2781 1036 2842 nisime
1059 2800 1151 2843 rerum
1181 2783 1306 2843 siduitas
1329 2783 1467 2857 invitaret
1488 2780 1526 2841 ad

185 2869 426 2929 satisisciendum
449 2872 536 2929 etiam
561 2873 606 2943 iis,
630 2873 679 2945 qui
703 2887 721 2927 a
742 2888 788 2931 me
812 2871 1032 2944 contenderunt,
1057 2878 1088 2929 ut
1107 2872 1148 2931 D.
1164 2871 1288 2932 11010111
1309 2870 1344 2929 cia
1361 2870 1528 2947 1100111101,

185 2956 291 3016 medici
316 2954 507 3031 Oxoolensis,
538 2959 588 3033 qui
619 2958 724 3016 librum
754 2957 861 3017 abhinc
884 2975 962 3016 anno
992 2958 1028 3019 de
1050 2959 1244 3018 Microcesmo
1275 2966 1303 3018 et
1326 2954 1552 3017 Macrocosmo'

180 3044 291 3104 editum
314 3044 490 3103 harmonicis
514 3044 808 3121 contemplationibus
830 3044 981 3123 implerit,
1008 3048 1184 3106 mentionem
1208 3049 1236 3103 in
1260 3062 1325 3105 mee
1348 3063 1436 3124 opere
1456 3043 1527 3103 har·

180 3134 297 3191 monica
321 3149 357 3190 ne
381 3134 551 3205 emitterem,
574 3131 627 3191 sed
651 3131 831 3191 ostenderem
854 3130 956 3190 lectori
979 3135 1089 3207 paucis,
1113 3135 1219 3209 quibus
1238 3136 1268 3191 in
1284 3133 1370 3193 rebus
1393 3137 1528 3191 interme

181 3228 210 3279 et
233 3218 317 3277 illum
339 3221 519 3291 conveniret,
543 3219 651 3295 quihus
674 3220 802 3277 vicissim
825 3219 1095 3284 discriminoso.)
1382 3221 1387 3227 “
1495 3238 1499 3249 ’

245 3340 249 3347 ·
267 3305 362 3380 Igitur
383 3315 484 3367 auctor
506 3306 557 3366 ille
580 3305 654 3366 deos
677 3317 771 3365 tomos
794 3315 838 3365 est
860 3306 1016 3382 pollicitus,
1040 3318 1162 3382 quorum
1178 3322 1253 3364 etrus
1276 3306 1312 3367 ds
1328 3320 1526 3365 macrocosmo

179 3395 339 3470 inscriptus
365 3392 427 3469 jam
458 3394 552 3454 lucem
585 3393 672 3461 vidit,
705 3394 782 3453 alter
809 3393 846 3453 de
869 3396 1060 3452 microcosmo
1086 3392 1183 3452 adhuc
1205 3403 1398 3470 exspectatur.
1444 3392 1528 3451 Prior

180 3490 293 3555 tomus,
325 3488 465 3540 tractatus
496 3480 569 3540 duos
600 3478 785 3558 complexus,
816 3480 960 3539 distinctis
984 3483 1072 3539 etiam
1095 3481 1274 3556 temporibus
1303 3482 1427 3557 prodiit3
1458 3496 1526 3539 uam

179 3570 305 3647 primum
328 3576 484 3627 tractatum
507 3567 544 3628 ds
565 3568 675 3628 mundo
697 3568 801 3645 triplici
831 3577 897 3645 post
919 3566 1065 3627 nundinas
1086 3568 1344 3627 Francoiurtcoses
1369 3575 1526 3626 autumna·

177 3656 222 3716 les
246 3657 316 3715 anni
342 3658 441 3729 rorr,
472 3654 595 3714 alterum
619 3656 658 3715 de
677 3656 803 3728 artibus,
837 3672 910 3732 quas
933 3663 1054 3713 naturae
1077 3652 1242 3713 mundanae
1264 3656 1365 3714 simias
1388 3652 1525 3731 appellat,

180 3743 373 3822 paschalibus
395 3743 533 3802 nundinis
555 3745 624 3801 anni
646 3745 796 3819 sequentis
821 3744 913 3802 1618.
938 3741 1008 3800 ridi.
1035 3748 1095 3804 (11.)
1133 3742 1166 3800 ln
1183 3742 1275 3801 altero
1298 3745 1386 3818 igitur
1401 3748 1525 3801 tractatu

179 3834 254 3891 inter
277 3840 354 3891 artes
377 3831 536 3890 collocavit
557 3838 586 3890 et
608 3833 765 3904 musicam,
795 3829 963 3907 complexos
985 3830 1137 3889 materiam
1165 3829 1230 3888 libri
1261 3832 1319 3889 mei
1342 3831 1419 3888 tertii
1450 3844 1526 3904 qoa-

180 3919 352 3993 damtenus3
376 3920 405 3976 in
428 3920 523 3995 priore
546 3934 616 3978 vero
639 3925 774 3989 tractatu,
798 3921 849 3993 qni
870 3925 981 3994 septem
997 3916 1078 3975 libris
1096 3915 1267 3990 absolvitur,
1290 3920 1406 3976 tertium
1422 3916 1526 3975 librum
1604 3966 1609 3972 .

180 4007 343 4066 destinarit
363 4008 492 4065 musicae
516 4005 689 4078 mundanae,
714 4004 830 4064 titulum
853 4005 977 4065 eundem
1000 4018 1160 4080 usurpans,
1194 4018 1280 4080 quem
1304 4022 1359 4080 ego
1383 4006 1437 4063 toti
1460 4020 1526 4064 meo

177 4095 260 4171 operi
285 4093 421 4170 praefixi,
444 4094 595 4152 materiam
618 4110 688 4152 rero
710 4092 778 4151 libri
800 4095 856 4152 mci
873 4092 925 4150 IV.
950 4100 980 4151 et
992 4091 1028 4151 V.
1053 4095 1158 4168 attigit.
1179 4098 1251 4165 (111.)
1285 4090 1384 4173 Ι131101
1406 4090 1444 4151 ab
1461 4092 1525 4167 ejus

179 4183 295 4241 musica
319 4180 462 4240 artificiali
486 4179 629 4239 iaciamus
653 4182 775 4238 initium.
820 4179 924 4239 Tradit
953 4177 1033 4236 illam
1056 4179 1138 4238 libris
1164 4185 1194 4253 i,
1226 4184 1255 4239 in
1281 4195 1403 4257 quorum
1433 4180 1527 4254 primo

175 4274 312 4329 recenset
335 4276 469 4327 auctores
492 4276 522 4326 et
544 4266 777 4327 nomenclaturae
800 4275 829 4326 et
854 4269 912 4325 olm
938 4268 967 4323 in
990 4268 1103 4325 animos
1126 4266 1284 4327 hominum.
1329 4267 1375 4325 De
1398 4266 1528 4327 1001011-

174 4358 234 4416 bus
258 4372 311 4414 seu
334 4355 454 4414 historia
476 4357 654 4414 inventionis
677 4372 732 4431 ego
755 4354 827 4412 nihil
851 4354 898 4416 vel
921 4360 997 4413 certe
1019 4366 1123 4429 patrea,
1147 4357 1255 4431 quippe
1271 4373 1366 4413 meum
1384 4358 1526 4414 intentum
1595 4423 1604 4451 x

174 4452 231 4517 est,
255 4459 352 4502 rerum
367 4442 543 4502 naturalium
566 4460 671 4502 causas
695 4443 901 4519 aperire(1v.j;
933 4439 1167 4500 nomenclaturae
1195 4444 1374 4501 necessarias
1397 4440 1527 4517 eomple-

174 4548 233 4590 xus
255 4544 322 4589 sum
346 4532 375 4587 in
399 4529 616 4590 definitionibus
638 4533 713 4589 meis
735 4531 858 4606 passim,
891 4527 1052 4603 superfluas
1077 4530 1169 4587 omisi.
1215 4530 1261 4588 De
1291 4532 1321 4586 ri
1349 4531 1475 4588 musices
1497 4529 1526 4585 in

175 4621 284 4679 animis
316 4634 374 4693 ago
405 4617 457 4677 lib.
479 4617 534 4675 Ill.
566 4633 628 4693 cap.
657 4618 705 4676 15.
738 4624 766 4676 01
789 4616 862 4675 libro
884 4615 937 4673 1v.
970 4616 1087 4692 passim.
1133 4616 1167 4675 lo
1190 4615 1319 4676 secunde
1352 4624 1456 4675 auctor
1481 4630 1527 4675 res
1627 4610 1629 4615 ’
1715 4634 1718 4641 ’
1755 4664 1756 4705 3

159 4710 258 4784 ‘ipsas
283 4702 465 4783 aggreditur,
489 4720 562 4779 quas
586 4704 655 4763 dicit
678 4704 834 4762 intervalla
857 4710 886 4762 et
908 4711 1048 4778 tempora.
1094 4702 1219 4761 Rursum
1243 4716 1299 4779 ege
1327 4702 1362 4763 de
1386 4704 1527 4778 tempori·

172 4795 234 4854 bos
263 4810 316 4851 seu
346 4790 528 4867 longitudine
556 4791 604 4850 vei
633 4792 776 4849 brevitate
799 4807 936 4850 sonorum
965 4787 1036 4846 nihil
1059 4789 1216 4849 admodum
1250 4789 1326 4863 dixi,
1358 4799 1427 4849 sunt
1448 4792 1525 4850 enlm

174 4881 351 4943 arbitrariae
366 4896 420 4939 uec
432 4879 562 4956 indigent
577 4878 766 4971 inquisitione
783 4892 946 4937 cuasarum.
966 4879 1026 4951 (v.)
1061 4872 1221 4938 Intervalla
1236 4878 1382 4958 quaedam
1393 4876 1525 4956 appellat
