3567 5625
718 414 809 472 Notae
824 412 955 471 Editorit.
1444 416 1507 477 iet

168 595 299 645 etterlorie
316 597 341 643 et
358 592 469 655 vulgario
486 597 624 657 reapectum
642 603 695 641 erae
713 592 871 656 laudabilem,
889 605 937 641 nec
947 604 998 640 uon
1015 590 1172 639 invmtionea
1189 598 1233 639 eeu
1252 589 1438 638 obaerratlouea
1450 603 1508 639 enar

166 667 269 714 minima
286 665 451 727 spernendae3
478 663 512 713 ad
529 664 652 712 mathesin
674 676 731 711 varo
748 660 875 711 formalem
900 666 925 710 et
941 662 1089 723 originalem
1100 662 1138 708 ita
1155 667 1210 708 tam
1233 674 1260 709 aa
1277 658 1367 708 habere
1385 660 1453 727 dieo,
1481 665 1509 709 nt

165 738 201 784 rel
220 735 310 784 umbra
326 734 358 783 ad
376 737 431 796 ejua
448 731 599 784 realitatem:
617 733 706 781 umbra
724 739 761 781 eet
777 733 904 797 veritatis,
922 731 967 781 aad
984 727 1034 780 nou
1052 732 1109 793 lpaa
1126 731 1218 779 veritae
1244 765 1407 782 .......

255 802 335 852 linita
353 802 448 852 allatu
467 804 508 852 hic
525 801 620 865 profare
647 816 697 851 non
722 803 805 864 magni
822 802 955 868 momenti,
982 815 1047 865 quae
1070 801 1155 849 omnia
1181 798 1214 847 ad
1230 800 1350 847 emunim
1368 801 1509 849 examinare

166 875 242 924 nimia
267 873 379 923 iortaeela
398 872 532 922 lectoribus
557 870 660 935 longum
686 874 751 922 ieret
776 879 849 935 atque
873 871 1028 936 taediosum,
1055 883 1133 932 quare
1158 870 1229 933 lpeoa
1253 868 1289 918 ad
1305 882 1374 918 meaa
1391 869 1509 932 Analyeia

167 945 375 994 eumiuetlonem
393 945 500 993 remitto.
1224 947 1228 954 “

253 1044 297 1110 dd)
314 1061 370 1110 pag.
389 1050 447 1096 teo.
485 1046 643 1096 Fluddina
665 1049 691 1097 ln
712 1047 863 1108 „Dlecureffl
891 1049 955 1098 hece
972 1048 1048 1098 dixit:
1071 1046 1143 1097 Nunc
1159 1047 1269 1096 Joaunee
1290 1046 1332 1096 hic
1348 1049 1433 1096 notter
1451 1061 1507 1096 cum

168 1119 267 1179 egregie
283 1131 344 1166 auae
362 1119 482 1166 victoriae
499 1118 670 1178 publicatione
688 1119 821 1181 appendici
838 1119 897 1168 hnic
918 1133 978 1169 auae
996 1121 1070 1168 linem
1086 1119 1213 1180 imponere
1230 1117 1319 1182 geeiit,
1342 1117 1434 1179 inquo
1451 1115 1509 1166 lau-

166 1187 239 1237 dlbua
257 1189 310 1236 auia
327 1199 435 1249 perenna
453 1183 599 1253 (existimat)
617 1193 802 1237 monumentum
821 1188 926 1238 condere
945 1190 1084 1249 famamque
1102 1201 1195 1250 meam,
1218 1186 1300 1249 quelle
1318 1183 1403 1252 qualis
1420 1188 1465 1250 alt,
1482 1188 1510 1235 in

167 1257 295 1307 dedecoris
318 1258 436 1318 abyaeum
461 1256 592 1307 detrudere
618 1262 694 1318 atque
717 1260 744 1306 ln
768 1258 925 1318 ignorantiae
947 1261 1113 1319 inacidaeque
1138 1260 1261 1319 gurgitem
1277 1258 1443 1320 praecipitere
1460 1257 1511 1306 eibi

166 1328 294 1391 proponit,
319 1331 348 1374 ut
364 1328 402 1375 lta
419 1326 521 1376 fortuna
544 1341 600 1376 mea
617 1329 748 1389 gloriosior
769 1327 886 1377 videatur
911 1328 1075 1390 mundoaldo
1093 1328 1241 1391 triumpbue.
1276 1327 1310 1375 Et
1327 1340 1387 1375 aene
1404 1327 1509 1394 unaue,

167 1398 310 1459 aipoterlt,
336 1404 451 1459 tropaeo,
474 1397 543 1462 qnod
568 1399 642 1458 igere
670 1399 789 1462 speravit.
826 1400 918 1448 Verum
942 1412 1051 1464 aequum
1069 1399 1128 1463 erit,
1154 1403 1183 1446 ut
1203 1398 1295 1446 variter
1316 1395 1399 1446 locum
1418 1397 1511 1445 habeat

170 1467 320 1527 imusque
337 1466 368 1514 ad
387 1466 502 1515 tenebrae
519 1465 618 1530 polaree
635 1468 662 1516 in
680 1466 783 1516 erilium
800 1469 922 1530 relegetur
922 1505 1035 1521 .....
1055 1468 1124 1517 dicae
1141 1467 1243 1534 quidem
1260 1469 1433 1530 proportiones
1450 1468 1507 1516 har·

169 1537 284 1586 monicae
309 1536 341 1584 ab
359 1537 548 1585 accuratlaalma
574 1535 811 1586 demonstrationum
837 1539 1066 1589 mathematicamm
1094 1538 1243 1587 certitudine
1260 1538 1390 1587 raceeelaae
1405 1536 1509 1604 judicet,

169 1608 287 1669 quomam
305 1607 332 1654 lu
345 1606 455 1656 'matheo
472 1607 569 1667 vulgari
587 1613 710 1668 vereatur;
735 1607 765 1655 de
782 1607 828 1664 illa
844 1622 903 1657 varo
920 1609 1031 1658 naturali
1053 1612 1078 1657 et
1094 1623 1151 1657 vere
1169 1605 1268 1657 formali
1290 1619 1418 1668 nunquam
1437 1620 1510 1670 pree·

167 1675 260 1725 llbaeee
277 1675 384 1727 ridetur.
421 1674 496 1736 Quod
519 1690 575 1725 cum
592 1678 630 1725 ita
646 1678 692 1739 alt,
715 1678 869 1740 impossibile
891 1679 1041 1741 adeplenta
1062 1679 1248 1743 aeatlmabltur,
1274 1681 1302 1725 ut
1319 1678 1379 1727 talla
1396 1682 1461 1728 recte
1479 1677 1511 1726 de

168 1743 292 1795 coloribus
308 1745 416 1808 iudicet,
441 1759 514 1809 quem
531 1743 595 1796 lucia
613 1752 639 1796 et
655 1748 810 1796 tenebrtrum
832 1747 858 1796 ln
876 1749 990 1798 machina
1007 1748 1136 1799 mundana
1159 1749 1260 1797 allectae
1278 1761 1329 1796 uon
1345 1747 1420 1797 modo
1436 1748 1510 1810 igno·

167 1829 232 1882 rara,
252 1829 337 1865 verum
355 1817 432 1864 etlam
449 1829 490 1865 ore
508 1815 569 1865 dnro
587 1818 711 1879 abnegare
728 1830 779 1866 non
797 1818 872 1885 piget.

253 1915 297 1983 bd)
315 1930 371 1980 pag.
390 1919 449 1968 ttr.
486 1919 639 1971 Fluddlua
656 1935 714 1984 pag.
732 1923 772 1972 38.
791 1925 816 1970 et
833 1923 875 1973 39.
896 1922 935 1971 eui
954 1920 1260 1983 „Diacurenainalyticil‘
1280 1936 1402 1972 summam
1425 1936 1511 1973 eorum

168 1989 293 2050 proponit,
311 1990 420 2052 quaein
439 1990 580 2051 praemleaia
597 1997 683 2040 eontra
701 1991 833 2054 liaplerum
858 1997 883 2041 et
905 2006 951 2055 pro
969 2006 1016 2041 aua
1034 1992 1201 2054 „Harmonw
1221 1990 1355 2042 multorum
1379 1995 1512 2042 verborum

168 2059 239 2120 copia
268 2058 373 2110 dixerat
409 2059 540 2121 lnaodpalt
565 2060 629 2110 banc
653 2067 758 2123 purtem:
788 2061 948 2125 Comparatio
966 2062 1118 2112 Harmoniae
1138 2076 1208 2112 meae
1224 2062 1368 2113 liundanae
1393 2077 1450 2113 cnm
1466 2064 1512 2112 illa

167 2127 274 2176 ioannis
291 2127 418 2189 KeppIeri,
434 2129 481 2177 ubi
499 2128 644 2196 declaretur,
662 2133 689 2180 iu
705 2132 796 2193 quibua
808 2134 956 2181 conveniant
974 2137 999 2182 et
1015 2135 1041 2182 ln
1055 2133 1145 2196 quibua
1166 2134 1287 2182 (linerent.
1321 2133 1382 2196 Peg.
1395 2136 1510 2183 to-tb.

168 2198 237 2246 ailert
265 2200 425 2257 ¹‚testimonla
451 2205 476 2248 et
501 2202 661 2250 auctoritates
687 2207 736 2249 tam
764 2201 948 2265 philoeoplrlcae
974 2217 1050 2267 quam
1078 2203 1189 2269 divinae,
1216 2203 1378 2252 Harmoniam
1405 2204 1511 2253 Jcanula

168 2264 289 2330 liepplerl
307 2269 480 2317 confirmantia
495 2268 534 2317 rel
553 2269 714 2319 refellentia“
749 2272 807 2333 Pag.
826 2274 927 2321 tt-et
947 2272 1055 2338 deniqne
1066 2272 1162 2335 prodit:
1182 2267 1415 2334 „Teatimonlat'tm
1427 2273 1511 2337 pillo-

169 2339 274 2399 sophica
291 2351 368 2404 quam
385 2339 533 2406 theologica,
551 2342 712 2391 Harmoniam
729 2342 1011 2392 noemam-liundorum
1029 2344 1243 2395 atutumlntntla)¹
