3567 5625
658 429 905 488 somniumne.
941 433 1024 490 biber
1041 432 1063 488 1.
1278 395 1299 458 ·¹
1474 440 1532 499 ιιι

187 617 218 658 ax
236 602 360 660 docmina
378 603 514 675 analytica
532 604 731 664 modernorum.
768 607 820 662 Est
838 620 905 662 sane
922 622 977 662 uua
995 607 1055 662 sola
1065 606 1229 678 hyperbolae
1246 604 1326 676 linea,
1344 607 1415 661 inter
1429 623 1535 678 mymp-

186 689 256 737 totos
274 685 387 752 positas,
407 698 457 753 per
474 691 605 754 puuctum
624 686 802 754 propositum,
821 686 849 738 in
864 701 957 740 aarum
975 685 1057 755 piano
1077 685 1194 740 ductilis.
1225 685 1263 740 At
1276 700 1308 739 ea
1321 685 1439 739 noudum
1453 687 1536 740 ducta

185 774 281 818 conum
294 759 395 828 jubeor
412 764 547 832 tantisper
565 763 693 819 inclinare
711 779 794 832 super
810 773 913 834 ptmcto
930 764 1136 834 applicationis,
1156 764 1243 819 donee
1260 765 1361 819 existat
1377 764 1424 820 illa
1442 765 1535 820 ducta·

186 854 235 909 que
254 839 305 893 sit:
324 839 367 893 rel
386 841 444 896 siue
458 859 525 898 cono
538 842 631 910 lineas,
651 858 721 913 quae
739 843 915 913 hyperbolam
928 844 1064 898 delineaut
1080 859 1130 914 per
1140 846 1301 898 continuata
1312 851 1421 913 puncta,
1435 844 1536 911 jubeor

58 933 64 942 ·
144 949 146 958 ι
185 915 318 985 tantisper
340 925 460 990 mutare,
487 921 573 976 donec
597 922 663 977 satis
686 921 848 992 prolongata
871 923 907 977 sit
929 922 1092 992 hyperbole,
1120 930 1148 978 et
1165 940 1235 994 quas
1253 929 1345 993 partas
1373 923 1535 993 interiecta

185 1002 284 1064 puncta
300 997 403 1053 cadunt
420 1000 604 1069 intermediae,
624 1017 671 1057 eas
686 1000 786 1070 jubeor
802 1001 942 1069 imaginari
959 1000 1058 1069 iactam
1075 1001 1174 1068 jubeor
1190 1003 1325 1069 utrinque,
1344 1000 1382 1070 id,
1400 1001 1473 1071 quod
1492 1010 1535 1056 est

185 1079 320 1143 potestate
338 1076 477 1134 divisionis
495 1080 625 1147 infinitae,
645 1087 707 1135 actu
726 1095 775 1133 seu
792 1086 867 1134 motu
886 1095 940 1133 uuo
958 1080 1082 1146 mansue,
1101 1087 1132 1134 ut
1150 1080 1202 1134 boc
1217 1083 1333 1136 transitu
1352 1078 1478 1133 etiamid
1496 1085 1535 1132 at

184 1155 314 1225 tingatur,
333 1157 406 1226 quod
424 1157 492 1214 latet
510 1158 537 1214 in
555 1160 602 1213 iila
617 1159 752 1215 inlinitsts
770 1160 943 1227 potestativa,
961 1158 1019 1212 sine
1037 1157 1174 1226 periectas
1192 1158 1321 1214 scientiae
1338 1158 1407 1228 luce,
1426 1159 1535 1227 qualem

184 1232 284 1288 babent
301 1233 471 1303 problemata
488 1252 505 1292 a
522 1237 657 1294 veteribus
675 1236 757 1306 plana
774 1237 971 1306 cognominata.
1247 1255 1251 1263 ’

270 1314 435 1381 Hujusmodi
451 1317 595 1387 postulatis
618 1316 712 1372 crebro
731 1322 844 1371 utuntur
860 1313 1023 1370 Franciscus
1042 1313 1122 1368 Vieta
1139 1313 1233 1369 Galliis
1255 1322 1283 1369 et
1300 1322 1454 1384 geometrae
1473 1314 1534 1369 Bel·

77 1441 86 1464 ,
184 1392 233 1459 gici
252 1392 377 1446 hodierni
395 1394 423 1449 iu
441 1393 621 1450 solutionibus
640 1390 732 1450 eorum
752 1393 963 1463 problematum,
987 1408 1058 1462 quae
1076 1401 1172 1462 suapte
1190 1401 1288 1449 natura
1309 1412 1363 1449 nou
1381 1400 1449 1449 sunt
1463 1394 1534 1449 soln-

184 1470 254 1540 bilia,
274 1471 327 1524 nisi
343 1471 549 1528 inartificialiter
575 1491 624 1544 per
641 1489 780 1542 numeros,
807 1479 855 1527 aut
872 1487 923 1541 per
940 1481 1028 1527 motus
1052 1474 1245 1542 geometricos,
1267 1473 1400 1529 infinitate
1418 1473 1534 1544 quadam

184 1549 364 1604 mutationum
382 1549 581 1619 gubernandos.
1237 1609 1240 1615 ,

270 1629 340 1683 Nam
359 1628 404 1683 ubi
422 1630 511 1684 omnia
529 1630 630 1686 fuerint
647 1632 673 1685 iu
693 1638 808 1699 promtu,
827 1645 897 1698 quae
915 1629 1005 1684 iacere
1017 1628 1186 1698 putabuntur
1203 1630 1238 1684 ad
1250 1628 1448 1686 certiticaudam
1462 1643 1534 1684 men·

183 1715 250 1762 tem:
270 1708 422 1763 tenebimus
441 1709 689 1765 determinationem
709 1709 782 1778 ejus,
798 1707 874 1778 quod
892 1723 923 1762 ra
941 1708 1064 1776 quaesita
1081 1708 1125 1768 vel
1142 1710 1230 1777 majus
1249 1711 1284 1763 sit
1306 1708 1347 1762 sel
1365 1710 1453 1766 miuus
1472 1725 1534 1780 pro·

183 1788 253 1841 xime
272 1801 433 1856 semperque
451 1788 575 1857 propius:
594 1797 625 1843 ut
642 1789 719 1858 prius
737 1785 819 1844 etiam
837 1786 871 1842 de
888 1786 1045 1842 trisectiona
1064 1787 1199 1856 analytica
1218 1786 1378 1842 dixeramus.

269 1866 369 1920 Verum
387 1880 448 1922 esse
465 1866 499 1921 de
517 1867 753 1937 huevprobiemate
771 1867 857 1922 solido
874 1866 1048 1932 trisectionis,
1066 1865 1139 1936 quud
1157 1866 1226 1934 dico,
1245 1866 1287 1921 sel
1307 1868 1368 1935 ipsa
1385 1868 1464 1924 solidi
1482 1886 1534 1924 vox

182 1942 317 1999 ιὼιιοιιει
352 1944 421 1999 Nam
432 1943 491 1999 uisi
509 1945 655 2002 solidorum
674 1946 813 2019 proportio
832 1945 916 2000 fuerit
933 1944 998 2000 data
1015 1943 1087 2008 talis,
1106 1942 1194 2014 qualis
1213 1951 1256 1999 est
1273 1944 1425 2001 interduos
1443 1964 1534 2002 nume·
1586 1979 1591 1992 ι

182 2035 224 2074 ras
244 2021 370 2090 cubicus,
395 2040 550 2080 mensurare
567 2009 684 2082 solidum
701 2027 872 2095 propositum
896 2024 948 2079 alio
968 2021 1055 2077 solido
1074 2031 1139 2077 uoto
1164 2039 1218 2077 nou
1243 2024 1392 2093 poterimus
1410 2026 1445 2080 ad
1462 2043 1534 2082 meu·

182 2109 235 2154 tem
253 2100 460 2169 informandam,
478 2105 543 2172 quia
561 2103 631 2162 duae
649 2105 825 2160 intermediae
843 2102 1061 2173 proportionales
1080 2110 1176 2156 exacte
1194 2103 1315 2172 lupiano
1334 2104 1462 2159 constitui
1480 2122 1535 2159 nou

183 2186 307 2247 possunt,
326 2178 448 2235 incubis
467 2182 518 2236 etsi
535 2191 652 2252 possunt
669 2184 774 2251 inesse,
793 2192 821 2238 at
842 2201 858 2238 a
877 2181 965 2251 planis
985 2180 1019 2235 ad
1039 2180 1123 2235 cubos
1146 2180 1206 2234 illos
1226 2197 1401 2252 quoscunque
1418 2183 1535 2239 formau-

183 2256 229 2311 dos
248 2272 305 2311 uon
324 2256 404 2311 datur
421 2260 552 2315 transitus
571 2261 628 2316 siue
646 2261 712 2330 ipsis
732 2263 836 2319 duabus
855 2260 959 2328 mediis,
978 2260 1063 2314 veluti
1080 2265 1164 2328 ponte
1183 2259 1308 2330 abrupto.
1344 2261 1381 2314 El
1394 2259 1462 2317 duas
1480 2277 1534 2315 ms-

183 2334 238 2390 dias
258 2335 476 2404 proportionales
495 2338 613 2393 iuvenire
631 2340 730 2394 docent
749 2341 794 2395 aiii
812 2357 861 2409 per
879 2346 982 2393 motum
995 2339 1201 2408 geometricum,
1219 2329 1382 2407 imperantes
1400 2339 1473 2410 quod
1493 2349 1535 2394 est

182 2413 398 2486 impraestabile,
426 2416 514 2486 quoad
532 2413 719 2472 certitudinem
738 2426 815 2474 actus
834 2419 989 2486 geometrici
1008 2417 1165 2488 adaequati,
1191 2417 1271 2472 docet
1294 2424 1321 2470 et
1347 2419 1405 2486 ipse
1424 2419 1534 2488 Pappus

182 2507 230 2560 per
247 2492 384 2547 sectiones
402 2494 522 2562 eunicus,
550 2495 680 2550 beneficio
699 2497 812 2552 dirarum
835 2498 1079 2567 proportionalium
1098 2496 1293 2565 expediendas,
1320 2512 1382 2551 eum
1405 2506 1432 2552 et
1450 2514 1534 2554 conns

182 2573 216 2626 sit
234 2571 351 2628 solidum
369 2571 441 2642 quid.
479 2574 521 2628 ita
538 2590 646 2645 semper
664 2577 824 2644 principium
843 2579 945 2646 petitur
963 2584 990 2632 et
1007 2593 1076 2646 pons
1090 2578 1165 2644 jacet
1183 2577 1211 2631 in
1229 2575 1343 2630 adversa
1360 2576 1427 2644 ripa

269 2671 397 2732 xtvn.
428 2673 654 2751 Propositi
669 2694 696 2736 o.
725 2679 867 2754 'Figurae
891 2695 1010 2737 numero
1033 2677 1156 2736 laterum
1179 2679 1295 2754 impari,
1317 2677 1421 2754 majori
1445 2696 1532 2754 quam

173 2761 200 2833 ‚5
223 2757 365 2843 (excepto
387 2761 717 2848 panteiaedecagouo),
742 2782 807 2826 cum
831 2767 979 2827 subteusis
1003 2765 1115 2842 aliquot
1138 2768 1272 2843 partium,
1296 2772 1434 2843 totaeque
1457 2765 1532 2825 adeo

180 2848 292 2994 ¹classes
316 2866 416 2908 omnes
440 2851 543 2911 eodem
566 2869 655 2912 ceusu
678 2863 761 2930 suut,
786 2872 843 2935 quo
866 2854 1051 2937 heptagonus
1074 2860 1103 2913 ot
1126 2861 1240 2913 ceterae
1264 2852 1389 2929 figurae,
1411 2871 1532 2914 numero

192 2947 307 2997 aterum
329 2938 431 3013 primo.
1247 2938 1251 2945 '

266 3048 338 3102 Nam
355 3045 379 3099 si
397 3062 524 3102 numerus
543 3048 658 3104 laterum
677 3059 718 3106 est
736 3050 830 3120 impar,
848 3068 903 3105 nou
922 3066 955 3105 ex
974 3050 1067 3120 primis
1085 3066 1168 3104 uuus:
1186 3049 1210 3104 is
1228 3058 1275 3104 ant
1294 3057 1336 3106 est
1349 3049 1463 3105 duonum
1480 3051 1533 3119 pri·

180 3141 286 3181 morum
303 3124 446 3194 imparium
464 3126 589 3183 minimus
607 3129 758 3198 multiplex,
777 3138 825 3185 aut
843 3129 959 3198 alicujus
976 3128 1055 3198 primi
1067 3129 1230 3198 quadratum
1250 3140 1295 3182 aut
1309 3136 1351 3184 est
1361 3130 1441 3198 primi
1453 3131 1533 3184 unius

181 3216 208 3261 et
225 3202 353 3279 quadrati
370 3205 449 3278 primi
465 3203 578 3261 alterius
595 3206 746 3276 multiplex,
765 3216 812 3262 aut
824 3205 1012 3278 multiplicium
1026 3207 1252 3276 quadratorumss
1267 3208 1379 3262 seorsim
1398 3208 1439 3263 rel
1455 3208 1533 3275 Junc-

180 3289 229 3341 tim
246 3286 398 3355 multiplex.

269 3365 373 3433 Quodsi
391 3373 483 3422 essem
495 3365 546 3420 hae
559 3365 662 3434 figurae
675 3365 844 3435 descriptiies
863 3371 891 3419 et
903 3363 1066 3433 inscriptilas
1079 3372 1107 3419 et
1119 3365 1237 3432 scibiles,
1255 3370 1321 3421 tunc
1339 3374 1385 3421 aut
1397 3368 1534 3435 propriam

180 3446 314 3502 baberent
336 3445 594 3501 demonstrationem
618 3461 651 3498 ex
676 3446 796 3515 angulis,
824 3453 872 3500 aut
897 3442 1072 3512 impropriam
1097 3457 1130 3495 ex
1149 3441 1350 3511 comparatione
1377 3444 1533 3513 figurarum,

181 3527 280 3596 quibus
297 3524 504 3580 communicant.
542 3526 578 3579 At
596 3527 732 3593 propriam
750 3542 804 3579 uou
823 3525 932 3585 liabent,
951 3521 1015 3590 quia
1032 3537 1087 3574 nou
1100 3530 1163 3574 aunt
1181 3536 1293 3574 numero
1310 3521 1426 3577 laterum
1437 3525 1533 3592 primo,

181 3622 216 3659 ex
234 3620 289 3674 quo
306 3604 471 3658 formaretur
490 3603 698 3672 demonstratio;
728 3602 900 3671 impropriam
920 3616 973 3653 non
993 3599 1102 3668 habent,
1121 3612 1209 3665 neque
1227 3598 1337 3667 primae,
1356 3602 1431 3655 uerbi
1451 3618 1534 3657 causa

179 3682 479 3753 uuetrigintaugulum,
507 3682 571 3751 quia
594 3681 697 3752 figurae
721 3682 754 3736 iis
779 3679 1007 3736 communicantes
1032 3676 1074 3729 rel
1093 3672 1187 3730 ambae
1209 3677 1251 3729 uel
1271 3675 1413 3747 alterutra,
1442 3689 1473 3733 ut
1490 3681 1534 3735 hic

179 3762 353 3831 heptagonus
376 3765 448 3830 (post
457 3761 592 3830 trigonum
610 3767 638 3814 et
649 3768 839 3829 pentagonum,
859 3757 1003 3828 exquibus
1020 3755 1321 3825 penteiraedecagonus)
1339 3755 1440 3809 otiliam
1452 3773 1533 3829 prop-

179 3841 247 3895 riam
265 3842 375 3911 habent,
393 3858 443 3913 per
462 3842 504 3896 45.
524 3840 713 3910 praemissam3
732 3854 819 3908 neque
837 3834 980 3893 secundae.
1000 3850 1024 3888 u.
1045 3849 1068 3887 c·
1086 3834 1281 3903 nonaugulum,
1300 3834 1363 3904 qula
1382 3850 1436 3888 non
1454 3835 1535 3889 datur

179 3920 265 3975 sectio
284 3934 364 3976 arcus
383 3919 509 3992 aliquoti,
533 3926 601 3987 puta
618 3917 738 3985 trientis,
756 3917 784 3972 in
802 3916 915 3971 totidem
933 3920 1026 3982 partes
1045 3911 1188 3980 aequales,
1208 3917 1276 3979 quot
1293 3912 1398 3980 accepit
1416 3912 1533 3967 circulus

178 3998 293 4069 integer,
312 4016 362 4069 per
380 4001 422 4056 lt.
441 3997 630 4068 praemissam3
649 4012 736 4067 neque
754 3996 858 4064 tertiae,
876 4009 965 4064 neque
984 4000 1111 4064 quartae,
1131 3992 1194 4063 quia
1213 3992 1317 4060 priores
1334 3992 1366 4047 iis
1386 3994 1532 4048 communi-

180 4088 275 4134 cantes
292 4076 546 4133 indemonstrabiles
565 4082 637 4131 suut.

269 4170 315 4231 De
338 4186 528 4246 euqeagouo,
564 4168 648 4244 cujus
670 4184 806 4226 numerus
831 4167 849 4225 9
872 4171 919 4225 est
940 4165 1113 4242 quadratus¹
1127 4166 1211 4241 primi
1236 4166 1354 4242 imparis
1376 4164 1451 4222 iuter
1471 4167 1533 4241 pri-

181 4275 262 4332 mos,
284 4273 326 4317 sc.
349 4259 482 4332 temerii,
507 4264 647 4317 certatum
670 4264 715 4314 est
737 4254 878 4313 hactenus
900 4255 976 4313 inter
997 4260 1175 4328 geometras,
1204 4251 1351 4327 plerisque
1374 4253 1532 4310 annitenti-

180 4348 247 4419 bus,
270 4353 304 4405 ut
326 4349 415 4406 eliam
437 4345 526 4420 hujus
548 4344 659 4417 figurae
681 4342 758 4401 latus
782 4341 1021 4413 demonstrarent,
1045 4356 1146 4399 omnes
1168 4347 1267 4399 tamen
1290 4341 1395 4397 frustra
1416 4337 1533 4397 luerunt

180 4450 237 4493 nec
258 4448 389 4509 unquam
410 4432 467 4492 boc
488 4431 639 4509 problema
660 4430 782 4489 luissent
804 4430 944 4506 aggressi,
966 4429 991 4486 si
1015 4428 1167 4486 discrimen
1189 4426 1335 4485 scibilium
1359 4434 1389 4485 st
1410 4426 1532 4485 inscibi-

180 4521 254 4580 lium
276 4520 478 4580 attendissent.

271 4621 423 4689 campanus
441 4617 623 4688 nouangulum
641 4616 826 4671 demonstrare
843 4613 930 4668 uoluit
947 4628 997 4683 per
1013 4609 1196 4666 triseeliouem
1215 4610 1318 4681 anguli,
1345 4626 1425 4681 quam
1443 4613 1533 4680 patuit

179 4697 333 4755 inscrbilem
351 4714 412 4754 esse
430 4699 457 4752 in
474 4698 624 4768 praemissa
640 4695 681 4750 lo.
717 4695 780 4749 Etsi
797 4709 860 4748 sero
885 4694 928 4747 ria
946 4690 1033 4760 Puppi
1051 4696 1079 4744 et
1097 4690 1181 4758 Clarii
1202 4692 1353 4751 necessario
1378 4690 1532 4770 sumatur,

180 4778 274 4848 posito
290 4794 330 4834 sc.
349 4784 425 4832 motu
441 4775 617 4845 geometrico,
636 4779 665 4829 at
681 4772 747 4841 quid
765 4774 818 4827 hoc
835 4774 870 4828 ad
888 4771 984 4841 planas
1001 4767 1111 4838 figuras,
1130 4769 1273 4841 dequibus
1291 4786 1343 4825 nos
1360 4769 1404 4825 ilic
1415 4771 1531 4840 murus,
1619 4794 1625 4809 ·

180 4873 247 4915 enm
262 4856 356 4927 solidis
375 4871 444 4925 epus
461 4856 498 4912 sit
514 4854 550 4911 sd
563 4852 706 4921 ,iaciendas
724 4853 886 4909 misectiouis
905 4848 1076 4907 administrm
1095 4846 1189 4919 ineas
1207 4847 1398 4919 hyperbolum,
1417 4850 1531 4919 quadra·
