3567 5625
1338 451 1706 525 congruentia
1797 455 1964 513 Liber
1996 455 2068 512 11.
2939 460 3065 523 125

342 635 547 698 gruunt
580 629 651 686 20
685 630 888 699 trigoni
924 637 980 686 et
1010 630 1075 686 12
1096 630 1358 700 decagoni
1383 633 1435 686 in
1461 647 1627 685 unum
1651 630 2330 701 triacontakaedyhedron,
2593 632 2694 684 Rs·
2720 631 2807 676 ²⁹⁰·

343 708 489 776 quod
544 708 763 777 appello
823 716 1141 764 truncum
1216 708 1515 764 dodeeae
1533 708 1605 764 dr
1623 725 1718 764 on.
1809 710 1874 765 Id
1930 710 2204 779 signatum
2255 723 2341 771 est

350 802 499 840 num.
539 786 649 842 23⁸.
726 789 860 844 Cum
890 789 1103 845 duobus
1126 788 1543 859 dodeeagonieis
1559 787 1817 858 impletur
1851 788 2106 857 planities
2140 806 2242 845 neo
2273 791 2336 845 fit

346 866 555 922 solidus
592 867 824 936 angulus
871 863 1153 937 multoque
1186 869 1365 924 minus
1420 882 1542 922 cum
1584 865 1900 935 maioribus.
1971 868 2048 922 Et
2092 873 2334 924 transac-

341 954 455 999 tum
495 951 608 1000 eat·
627 946 685 1002 in
721 948 1031 1003 universum
1082 962 1206 1002 cum
1238 947 1492 1017 trigonis,
1548 949 1604 1001 in
1641 947 1904 1003 dualitate
1953 949 2171 1016 quidem
2207 963 2331 1018 spe-

345 1038 565 1080 ererum.

525 1104 659 1158 Cum
696 1119 828 1175 ergo
865 1105 1007 1159 inter
1040 1103 1195 1158 binas
1232 1104 1515 1174 planorum
1557 1108 1770 1175 species
1806 1122 1917 1162 non
1942 1106 2176 1178 amplius
2202 1115 2332 1164 sunt

343 1182 568 1251 trigoni:
616 1183 839 1237 minima
886 1198 1050 1252 porro
1099 1181 1274 1251 figura
1319 1186 1422 1240 erit
1466 1191 1800 1256 tetragonus.
1874 1186 2042 1256 Atqui
2090 1192 2328 1255 tetrago-

344 1260 448 1314 niei
486 1268 601 1315 tres
635 1278 760 1316 cum
794 1275 905 1316 nno
940 1259 1162 1329 maioris
1195 1262 1346 1331 plani
1383 1266 1580 1333 angulo
1617 1272 1882 1336 superant
1913 1267 1948 1322 4
1971 1275 2178 1335 rectos,
2216 1264 2327 1321 duo

343 1354 473 1393 vero
510 1340 833 1409 tetragonici
876 1356 999 1395 eum
1033 1355 1144 1394 uuo
1179 1341 1400 1409 majoris
1444 1361 1554 1399 non
1594 1344 1901 1400 tolerantur
1944 1347 2015 1402 ob
2064 1345 2328 1402 definitio-

346 1432 469 1474 nem
501 1420 561 1486 9,
607 1420 740 1487 quia
773 1418 994 1485 madoris
1029 1417 1232 1487 speciei
1274 1419 1482 1491 figurae
1512 1428 1725 1479 tantum
1771 1423 1914 1478 duae
1959 1425 2332 1493 reciperentur

344 1499 397 1551 in
442 1497 695 1552 solidum.
768 1498 922 1554 Unus
967 1498 1137 1567 igitur
1177 1501 1547 1567 tetragonicus
1607 1517 1731 1557 cum
1778 1501 1991 1558 duobus
2036 1501 2408 1572 pentagonicis
2461 1515 2543 1554 re·

339 1577 529 1645 jieitnr
560 1593 663 1647 per
698 1578 793 1647 23;
832 1594 958 1635 cum
988 1576 1204 1634 duobus
1227 1579 1578 1650 hexagoniois
1608 1583 1741 1648 coit,
1779 1588 1837 1636 et
1861 1587 2168 1651 congruunt
2205 1582 2237 1637 6
2275 1585 2548 1645 tetragoni

344 1673 469 1711 eum
504 1658 543 1712 8
575 1656 878 1727 hexagonis
920 1660 977 1711 in
1017 1672 1186 1715 unum
1223 1660 1874 1728 tessarakaedeeaedron,
1921 1662 2069 1730 quod
2102 1660 2319 1730 appello
2355 1667 2540 1715 trun·
2640 1684 2655 1699 ν

344 1752 486 1790 cum
526 1735 855 1793 octaedro
871 1757 926 1796 n.
987 1741 1235 1813 Pingitur
1257 1755 1480 1797 nmero
1505 1740 1619 1797 23⁹.
1679 1741 1838 1796 Unus
1861 1741 2231 1807 tetragonicus
2265 1755 2388 1794 cnm
2413 1738 2545 1792 duo-
2803 1767 2880 1811 ῑ-ις,.ς..;.
2916 1765 3012 1819 ,ffi.;·,5,‚:.

346 1813 449 1867 bus
486 1813 865 1886 heptagonieis
912 1819 1141 1891 aliisque
1188 1819 1671 1890 imparilaterarum
1707 1820 1952 1908 rejicitur
1995 1834 2096 1888 per
2130 1819 2213 1889 23,
2251 1835 2375 1874 cum
2411 1818 2544 1874 duo·
2592 1851 2727 1880 ,η
2940 1803 3012 1880 ff?

346 1892 452 1945 bus
488 1895 823 1963 octogonicis
859 1896 1081 1966 planum
1125 1899 1303 1954 locum
1341 1897 1559 1967 implet,
1605 1916 1725 1953 cum
1774 1898 2074 1966 majoribus
2124 1899 2286 1954 etiam
2322 1904 2548 1968 superat
2606 1920 2795 1976 μέμ-ἒ

345 1971 381 2024 4
427 1979 639 2038 rectos,
686 1990 790 2031 nee
826 1980 1064 2046 assurgit
1106 1978 1175 2032 ad
1223 1976 1456 2032 solidum
1501 1978 1759 2048 angulum
1804 1978 2165 2033 formandum.
2236 1978 2323 2034 Ita
2369 1985 2546 2035 trans·
2739 1968 2795 2008 ‘⁷³³
2828 1972 2936 2044 ἐ“”·’“·ζὲ
3000 1972 3004 1976 ’

346 2059 533 2105 actum
553 2058 640 2106 est
662 2069 786 2107 cum
806 2060 1112 2125 tetragono,
1138 2072 1261 2111 cum
1286 2056 1427 2111 duae
1452 2057 1601 2112 solae
1624 2057 1831 2113 debent
1857 2074 1980 2113 esse
2002 2056 2287 2126 planorum
2312 2056 2545 2127 species.
2872 2056 2912 2080 Ψ

526 2133 652 2187 Duo
687 2134 1034 2203 pentagonici
1069 2151 1192 2190 cum
1226 2153 1335 2192 uno
1371 2136 1711 2206 hexagonico
1745 2142 1846 2192 aut
1879 2152 2203 2205 quocunque
2238 2133 2344 2189 alio
2381 2133 2543 2188 unico
2581 2134 2912 2203 rejectitium
2946 2133 3076 2204 quid

352 2209 619 2266 inchoant
654 2228 755 2282 per
788 2213 885 2283 23,
936 2215 1082 2283 quod
1119 2230 1287 2283 supra
1322 2214 1483 2269 etiam
1521 2216 1589 2270 de
1623 2215 1884 2283 trigonico
1937 2222 1992 2270 et
2026 2213 2364 2283 tetragonico
2415 2228 2536 2267 cum
2578 2213 2719 2268 binis
2756 2213 3075 2283 pentagoni-

354 2291 434 2345 cis
470 2293 874 2363 usurpavimus.
945 2296 1176 2365 Insuper
1212 2311 1335 2350 cum
1371 2311 1482 2350 uno
1520 2295 1848 2364 decagonico
1895 2295 2175 2365 planitiem
2215 2300 2489 2360 sternunt,
2540 2308 2642 2348 nec
2691 2310 2813 2349 cum
2849 2294 2945 2348 illo
2983 2302 3079 2349 aut

354 2370 657 2437 majoribus
696 2380 992 2440 assurgunt
1026 2374 1084 2428 in
1120 2370 1461 2430 soliditatem.

534 2447 692 2503 Unus
731 2466 857 2519 ergo
894 2450 1286 2521 pentagonieus
1334 2469 1455 2508 cum
1492 2450 1702 2508 duobus
1739 2451 2094 2522 hexagonicis
2144 2452 2238 2507 mi·
2535 2452 2634 2502 1³¹8·
2656 2448 2760 2493 2311-

358 2543 461 2582 nus
498 2525 634 2580 facit
667 2527 702 2581 4
738 2530 919 2590 rectis.
956 2536 1011 2585 et
1047 2537 1354 2597 congruunt
1391 2531 1456 2586 12
1493 2532 1785 2601 pentagoni
1824 2548 1944 2587 eum
1982 2530 2051 2586 20
2080 2530 2251 2585 hexa·
2403 2567 2459 2599 ,f

360 2606 517 2674 gonis
565 2605 623 2658 in
660 2623 826 2661 unum
851 2607 1489 2676 triacontakaedyedron,
1527 2610 1674 2678 quod
1700 2609 1918 2680 appello
1950 2615 2249 2663 truncum
2431 2603 2551 2687 ss

355 2686 769 2742 icosiedron.
838 2687 1101 2741 Formam
1140 2687 1311 2741 habes
1348 2688 1617 2755 signatam
1657 2694 1882 2743 numero
1910 2688 2044 2742 23¹⁰.
2114 2686 2233 2742 Nec
2281 2677 2431 2780 ,2¹²1ss
2483 2667 2515 2703 Ἃ

359 2765 525 2835 plura
561 2764 937 2836 exspectanda
972 2782 1007 2821 a
1030 2772 1358 2836 pentagono.
1418 2767 1560 2824 Nam
1583 2782 1728 2823 unus
1754 2773 2100 2837 pentagonus
2124 2780 2274 2846 cum,

361 2845 579 2900 dnobus
630 2844 1007 2912 heptagonieis
1052 2844 1171 2913 ,iam
1218 2854 1440 2915 superat
1486 2848 1520 2904 4
1572 2855 1769 2902 rectos.
1858 2843 2269 2914 Hexagonicus¹
2323 2782 2395 2940 JL

361 2939 483 2978 cum
527 2921 742 2979 dnobus
781 2922 902 2977 aliis
938 2923 1131 2994 implet
1164 2922 1475 2994 planitiem,
1522 2944 1646 2982 cum
1680 2925 1975 2996 majoribus
2019 2899 2311 2995 superat*
2359 2924 2371 2968 ῐὲ

361 3002 395 3055 4
417 3007 618 3056 rectos.
683 3002 878 3071 Itaque
913 3002 1002 3059 hic
1026 3002 1151 3059 finis
1171 3010 1259 3059 est
1284 3004 1577 3058 mixtorum
1605 3020 1673 3060 ex
1700 3004 1913 3059 duabus
1939 3002 2242 3072 speciebus.
2267 2947 2303 3048 Χ
2543 3036 2611 3081 sisinn

530 3081 743 3150 Quodsi
777 3082 942 3136 trium
982 3083 1285 3151 specierum
1322 3080 1489 3151 plana
1534 3097 1858 3137 concurrere
1900 3086 2132 3151 possunt
2169 3080 2239 3134 ad
2435 3121 2475 3156 „·.-
2515 3088 2519 3104 ¹
2571 3084 2579 3116 '·
2603 3076 2611 3108 ¹·

359 3176 525 3216 unum
574 3161 836 3232 angulum
882 3160 1143 3217 solidum:
1200 3161 1435 3232 primum
1488 3159 1674 3227 anguli
1711 3159 1819 3214 duo
1872 3158 2047 3227 plani,
2099 3174 2243 3213 unus

357 3239 629 3307 ten-agoni
645 3281 660 3306 ,
707 3239 847 3295 alter
889 3240 1183 3309 pentagoni
1238 3246 1503 3308 superant
1536 3238 1569 3293 2
1603 3242 1817 3306 rectos;
1866 3236 2102 3304 majores
2137 3234 2242 3304 his,
2616 3282 2624 3289 .

358 3318 531 3374 multo
567 3319 764 3387 magis:
812 3326 927 3374 tres
964 3336 1091 3375 vero
1127 3321 1465 3389 trigonorum
1498 3319 1661 3372 trium
1709 3321 1947 3385 aequant
1979 3317 2014 3371 2
2050 3325 2253 3380 rectem,
2305 3322 2587 3384 nequeunt
2633 3315 2802 3384 igitur
2837 3322 2953 3372 tres
2990 3318 3082 3372 tri-

360 3397 538 3465 goniei
573 3397 803 3465 admitti,
840 3403 905 3451 ut
939 3400 1150 3452 summa
1185 3401 1424 3454 omnium
1461 3403 1686 3467 superet
1719 3397 1753 3451 4
1789 3402 1988 3452 rectos.
2060 3396 2184 3451 Duo
2222 3412 2352 3452 vero
2388 3395 2643 3465 trigouici
2698 3411 2820 3450 cum
2855 3410 2967 3449 uno
3004 3400 3082 3449 te.

361 3477 642 3544 tragonieo
678 3481 738 3535 et
771 3488 881 3529 uno
916 3477 1277 3546 pentagonieo
1314 3478 1401 3533 vel
1438 3494 1535 3549 pro
1574 3492 1641 3532 eo
1676 3475 2034 3546 hexagonioo,
2069 3483 2167 3531 aut
2201 3489 2527 3545 quocunque
2548 3472 2740 3537 majori
2763 3472 3085 3541 rejiciuntur

362 3569 457 3621 per
490 3571 571 3624 pr.
610 3554 695 3621 23,
734 3554 863 3624 quia
895 3554 1144 3623 trigonus
1181 3555 1553 3627 impar-ilatera
1587 3557 1764 3627 figura
1800 3555 1942 3626 cingi
1975 3554 2197 3611 deberet
2232 3561 2515 3623 tetragono
2560 3559 2617 3609 et
2649 3558 2960 3622 pentagono
2998 3548 3084 3605 vel

361 3649 459 3703 pro
499 3649 564 3688 eo
603 3634 893 3703 hexagono
931 3641 1033 3689 etc.

534 3712 689 3767 Unus
726 3711 891 3781 igitur
919 3713 1223 3784 ,trigonious
1268 3730 1393 3770 eum
1429 3713 1644 3770 duobus
1678 3712 2031 3782 tetragonicis
2083 3720 2139 3769 et
2487 3714 2585 3765 Pis·
2620 3712 2726 3755 ²³¹¹·

363 3809 471 3848 uno
525 3792 885 3861 pentagonieo
938 3792 1116 3848 minus
1153 3792 1399 3850 efficiunt
1437 3795 1470 3848 4
1506 3792 1697 3862 rectis,
1745 3800 1802 3848 et
1837 3799 2146 3861 congruunt

365 3872 429 3926 20
463 3870 666 3938 trigoni
701 3886 824 3925 cum
860 3872 931 3930 30
965 3873 1264 3942 tetragonis
1304 3880 1361 3928 et
1399 3874 1464 3929 12
1498 3871 1836 3943 pentagonis,
1873 3871 1930 3926 in
1965 3887 2132 3925 unum

362 3948 942 4020 hexecontadyedron,
979 3950 1126 4020 quod
1162 3950 1381 4021 appello
1423 3948 2130 4006 rhombicosidodeca·

367 4027 580 4082 edron
618 4043 717 4082 seu
743 4034 951 4083 sectum
987 4028 1270 4084 rhombum
1294 4028 1878 4086 icosidodecaedrieum
1939 4027 2137 4096 ‚Pingi-
2235 4085 2239 4095 ,

367 4113 454 4161 tur
488 4123 637 4162 nmn.
674 4107 808 4160 23¹¹.
886 4105 896 4115 ’
1346 4105 1352 4111 '

535 4186 690 4242 Unus
728 4185 1043 4257 trigonicus,
1082 4189 1189 4244 duo
1223 4187 1543 4258 tetragoniei
1585 4202 1709 4243 eum
1741 4202 1853 4242 uno
1888 4187 2127 4257 hexago·
2271 4219 2395 4264 ᾗῇ

369 4263 483 4318 nieo
521 4270 759 4332 aequant
792 4271 973 4323 rectos
1009 4274 1269 4337 quatuor3
1303 4264 1425 4323 cum
1459 4283 1570 4322 uno
1604 4267 1798 4336 majori
1817 4307 1832 4335 ,
1868 4272 2128 4336 superant
2235 4264 2347 4340 <figes
2367 4268 2399 4312 Ἰ·
2463 4308 2483 4328 ,2

367 4358 464 4398 nec
500 4344 572 4398 ad
602 4341 836 4399 solidum
874 4352 1186 4414 assurgunt.
1261 4346 1542 4403 Mittanus
1582 4346 1750 4415 igitur
1798 4344 1938 4400 duos
1972 4350 2134 4400 tetra-
2243 4348 2291 4412 *Ὗ

370 4439 608 4491 gomcos.

538 4503 694 4559 Unus
730 4503 1046 4575 trigonicus,
1082 4520 1221 4560 unus
1258 4504 1627 4574 tetragonicus
1663 4511 1721 4559 et
1744 4499 1854 4556 duo
1878 4507 2135 4583 pentago-

371 4583 471 4638 nici
508 4590 771 4653 superant
805 4585 838 4637 4
875 4590 1056 4639 rectos
1091 4582 1373 4651 multoque
1408 4583 1607 4651 magis,
1659 4585 1706 4638 si
1746 4583 1863 4640 bim'
1906 4581 2136 4650 majores

374 4661 520 4729 plani
555 4661 745 4730 anguli
779 4662 1223 4717 admiscerentur.
1291 4659 1566 4717 Desinunt
1600 4661 1767 4732 igitur
1801 4660 2011 4716 misceri
2046 4675 2138 4713 an-

372 4740 479 4808 guli
512 4740 661 4811 plani
698 4741 947 4811 quaterni
983 4741 1053 4795 ad
1090 4738 1430 4796 formandum
1465 4755 1634 4797 unum
1671 4741 1927 4810 solidum3
1967 4739 2163 4796 desinit
2189 4756 2318 4808 ergo
2357 4744 2412 4794 et
2441 4736 2687 4808 trigonus
2712 4738 2922 4808 ingredi
2945 4740 3084 4794 mix·

372 4826 543 4875 turam
575 4819 862 4890 triplicem.
932 4818 1074 4875 Nam
1121 4834 1263 4874 unus
1295 4819 1625 4894 trigonicus,
1670 4837 1814 4877 unus
1849 4821 2219 4890 tetragonicus
2267 4826 2324 4874 et
2358 4831 2499 4872 unus
2553 4816 2948 4886 pentagonicus
2983 4825 3089 4873 aut

375 4896 680 4968 quicunque
710 4896 853 4954 alius
890 4897 1058 4966 huius
1091 4897 1218 4954 ioco
1251 4897 1570 4970 reiioiunt'ur
1601 4919 1702 4973 per
1734 4903 1829 4971 24,
1868 4903 1997 4971 quia
2032 4898 2280 4966 trigonus
2313 4903 2402 4953 est
2432 4892 2802 4965 impu-natm
2833 4894 3030 4965 figura.
