<?xml version="1.0" encoding="UTF-8"?>
<!DOCTYPE html PUBLIC "-//W3C//DTD XHTML 1.0 Transitional//EN"
    "http://www.w3.org/TR/xhtml1/DTD/xhtml1-transitional.dtd">
<html xmlns="http://www.w3.org/1999/xhtml" xml:lang="en" lang="en">
 <head>
  <title>
</title>
<meta http-equiv="Content-Type" content="text/html;charset=utf-8" />
  <meta name='ocr-system' content='tesseract 3.04.00' />
  <meta name='ocr-capabilities' content='ocr_page ocr_carea ocr_par ocr_line ocrx_word'/>
</head>
<body>
  <div class='ocr_page' id='page_1' title='image "./joanniskepleria24frisgoog_0337.png"; bbox 0 0 3567 5625; ppageno 0'>
   <div class='ocr_carea' id='block_1_1' title="bbox 692 385 1524 480">
    <p class='ocr_par' dir='ltr' id='par_1_1' title="bbox 692 385 1524 480">
     <span class='ocr_line' id='line_1_1' title="bbox 692 385 1524 480; baseline 0.017 -16"><span class='ocrx_word' id='word_1_1' title='bbox 692 405 824 466; x_wconf 70' lang='lat' dir='ltr'><strong>esav.</strong></span> <span class='ocrx_word' id='word_1_2' title='bbox 854 407 1006 480; x_wconf 68' lang='lat' dir='ltr'><strong>opusne</strong></span> <span class='ocrx_word' id='word_1_3' title='bbox 1149 385 1150 390; x_wconf 66' lang='lat'>&#39;</span> <span class='ocrx_word' id='word_1_4' title='bbox 1461 417 1524 478; x_wconf 85' lang='lat' dir='ltr'><strong>aro</strong></span> 
     </span>
    </p>
   </div>
   <div class='ocr_carea' id='block_1_2' title="bbox 173 586 1525 754">
    <p class='ocr_par' dir='ltr' id='par_1_2' title="bbox 173 586 1525 754">
     <span class='ocr_line' id='line_1_2' title="bbox 173 586 1525 675; baseline 0.004 -27"><span class='ocrx_word' id='word_1_5' title='bbox 173 587 314 664; x_wconf 68' lang='lat' dir='ltr'><strong>tusus,</strong></span> <span class='ocrx_word' id='word_1_6' title='bbox 344 591 387 650; x_wconf 87' lang='lat' dir='ltr'><strong>sia</strong></span> <span class='ocrx_word' id='word_1_7' title='bbox 408 595 442 648; x_wconf 89' lang='lat' dir='ltr'><strong>ut</strong></span> <span class='ocrx_word' id='word_1_8' title='bbox 472 589 592 666; x_wconf 81' lang='lat' dir='ltr'><strong>propria</strong></span> <span class='ocrx_word' id='word_1_9' title='bbox 612 587 750 650; x_wconf 80' lang='lat' dir='ltr'><strong>Memnrll</strong></span> <span class='ocrx_word' id='word_1_10' title='bbox 773 588 855 650; x_wconf 82' lang='lat' dir='ltr'><strong>deret</strong></span> <span class='ocrx_word' id='word_1_11' title='bbox 875 590 1005 666; x_wconf 84' lang='lat' dir='ltr'><strong>perlecta</strong></span> <span class='ocrx_word' id='word_1_12' title='bbox 1027 586 1096 675; x_wconf 55' lang='lat' dir='ltr'><strong>lym,</strong></span> <span class='ocrx_word' id='word_1_13' title='bbox 1128 598 1159 652; x_wconf 92' lang='lat' dir='ltr'><strong>et</strong></span> <span class='ocrx_word' id='word_1_14' title='bbox 1180 593 1224 652; x_wconf 90' lang='lat' dir='ltr'><strong>sic</strong></span> <span class='ocrx_word' id='word_1_15' title='bbox 1247 587 1274 674; x_wconf 69' lang='lat' dir='ltr'><em>Q</em></span> <span class='ocrx_word' id='word_1_16' title='bbox 1297 599 1422 669; x_wconf 87' lang='lat' dir='ltr'><strong>utroque</strong></span> <span class='ocrx_word' id='word_1_17' title='bbox 1442 599 1525 653; x_wconf 87' lang='lat' dir='ltr'><strong>motu</strong></span> 
     </span>
     <span class='ocr_line' id='line_1_3' title="bbox 174 661 878 754; baseline 0.001 -18"><span class='ocrx_word' id='word_1_18' title='bbox 174 693 238 736; x_wconf 84' lang='lat' dir='ltr'><strong>cnm</strong></span> <span class='ocrx_word' id='word_1_19' title='bbox 262 679 350 737; x_wconf 88' lang='lat' dir='ltr'><strong>nnlco</strong></span> <span class='ocrx_word' id='word_1_20' title='bbox 371 675 512 754; x_wconf 79' lang='lat' dir='ltr'><strong>perihelio</strong></span> <span class='ocrx_word' id='word_1_21' title='bbox 536 676 659 737; x_wconf 76' lang='lat' dir='ltr'><strong>Veseris</strong></span> <span class='ocrx_word' id='word_1_22' title='bbox 681 661 878 737; x_wconf 83' lang='lat' dir='ltr'><strong>concordaret</strong></span> 
     </span>
    </p>
   </div>
   <div class='ocr_carea' id='block_1_3' title="bbox 171 783 1526 2690">
    <p class='ocr_par' dir='ltr' id='par_1_3' title="bbox 171 783 1525 1964">
     <span class='ocr_line' id='line_1_4' title="bbox 259 783 1525 860; baseline 0.005 -20"><span class='ocrx_word' id='word_1_23' title='bbox 259 785 330 840; x_wconf 85' lang='lat' dir='ltr'><strong>Maru</strong></span> <span class='ocrx_word' id='word_1_24' title='bbox 355 783 419 853; x_wconf 85' lang='lat' dir='ltr'><strong>quia</strong></span> <span class='ocrx_word' id='word_1_25' title='bbox 437 783 547 838; x_wconf 79' lang='lat' dir='ltr'><strong>Saturni</strong></span> <span class='ocrx_word' id='word_1_26' title='bbox 573 783 699 853; x_wconf 88' lang='lat' dir='ltr'><strong>aphelius</strong></span> <span class='ocrx_word' id='word_1_27' title='bbox 726 800 787 839; x_wconf 88' lang='lat' dir='ltr'><strong>oum</strong></span> <span class='ocrx_word' id='word_1_28' title='bbox 814 784 923 854; x_wconf 89' lang='lat' dir='ltr'><strong>aphelio</strong></span> <span class='ocrx_word' id='word_1_29' title='bbox 942 784 1059 842; x_wconf 88' lang='lat' dir='ltr'><strong>Telluris</strong></span> <span class='ocrx_word' id='word_1_30' title='bbox 1078 787 1243 844; x_wconf 86' lang='lat' dir='ltr'><strong>concordare</strong></span> <span class='ocrx_word' id='word_1_31' title='bbox 1261 788 1371 858; x_wconf 79' lang='lat' dir='ltr'>debuit,</span> <span class='ocrx_word' id='word_1_32' title='bbox 1398 788 1525 860; x_wconf 88' lang='lat' dir='ltr'><strong>planetae</strong></span> 
     </span>
     <span class='ocr_line' id='line_1_5' title="bbox 173 861 1525 938; baseline 0.006 -20"><span class='ocrx_word' id='word_1_33' title='bbox 173 863 269 918; x_wconf 82' lang='lat' dir='ltr'><strong>extimi</strong></span> <span class='ocrx_word' id='word_1_34' title='bbox 285 861 389 930; x_wconf 79' lang='lat' dir='ltr'><strong>figurae</strong></span> <span class='ocrx_word' id='word_1_35' title='bbox 415 877 482 918; x_wconf 85' lang='lat' dir='ltr'><strong>snae</strong></span> <span class='ocrx_word' id='word_1_36' title='bbox 500 862 696 933; x_wconf 71' lang='lat' dir='ltr'><strong>circumscripti</strong></span> <span class='ocrx_word' id='word_1_37' title='bbox 714 870 742 918; x_wconf 89' lang='lat' dir='ltr'><strong>et</strong></span> <span class='ocrx_word' id='word_1_38' title='bbox 768 863 892 919; x_wconf 70' lang='lat' dir='ltr'><strong>altissimi</strong></span> <span class='ocrx_word' id='word_1_39' title='bbox 911 881 973 921; x_wconf 90' lang='lat' dir='ltr'><strong>cum</strong></span> <span class='ocrx_word' id='word_1_40' title='bbox 991 863 1125 938; x_wconf 77' lang='lat' dir='ltr'><strong>Telluris,</strong></span> <span class='ocrx_word' id='word_1_41' title='bbox 1153 882 1224 937; x_wconf 88' lang='lat' dir='ltr'><strong>quae</strong></span> <span class='ocrx_word' id='word_1_42' title='bbox 1249 867 1396 936; x_wconf 75' lang='lat' dir='ltr'><strong>figumrum</strong></span> <span class='ocrx_word' id='word_1_43' title='bbox 1424 872 1525 928; x_wconf 88' lang='lat' dir='ltr'><strong>classes</strong></span> 
     </span>
     <span class='ocr_line' id='line_1_6' title="bbox 173 940 1525 1016; baseline 0.007 -19"><span class='ocrx_word' id='word_1_44' title='bbox 173 941 323 1011; x_wconf 70' lang='lat' dir='ltr'><strong>distinguit,</strong></span> <span class='ocrx_word' id='word_1_45' title='bbox 341 940 482 1000; x_wconf 78' lang='lat' dir='ltr'><strong>altissimo:</strong></span> <span class='ocrx_word' id='word_1_46' title='bbox 502 943 626 1011; x_wconf 89' lang='lat' dir='ltr'><strong>sequitur</strong></span> <span class='ocrx_word' id='word_1_47' title='bbox 643 942 748 1013; x_wconf 79' lang='lat' dir='ltr'><strong>legibus</strong></span> <span class='ocrx_word' id='word_1_48' title='bbox 766 945 964 1015; x_wconf 79' lang='lat' dir='ltr'><strong>oppositorum,</strong></span> <span class='ocrx_word' id='word_1_49' title='bbox 982 951 1013 1000; x_wconf 93' lang='lat' dir='ltr'><strong>nt</strong></span> <span class='ocrx_word' id='word_1_50' title='bbox 1025 942 1153 1000; x_wconf 84' lang='lat' dir='ltr'><strong>Mercurii</strong></span> <span class='ocrx_word' id='word_1_51' title='bbox 1166 946 1316 1016; x_wconf 87' lang='lat' dir='ltr'><strong>perihelius</strong></span> <span class='ocrx_word' id='word_1_52' title='bbox 1334 963 1396 1002; x_wconf 86' lang='lat' dir='ltr'><strong>cum</strong></span> <span class='ocrx_word' id='word_1_53' title='bbox 1408 950 1525 1006; x_wconf 82' lang='lat' dir='ltr'><strong>Telluris</strong></span> 
     </span>
     <span class='ocr_line' id='line_1_7' title="bbox 171 1019 1525 1098; baseline 0.007 -23"><span class='ocrx_word' id='word_1_54' title='bbox 171 1019 303 1091; x_wconf 86' lang='lat' dir='ltr'><strong>perihelio</strong></span> <span class='ocrx_word' id='word_1_55' title='bbox 321 1020 470 1089; x_wconf 78' lang='lat' dir='ltr'><strong>conspiret,</strong></span> <span class='ocrx_word' id='word_1_56' title='bbox 490 1021 591 1092; x_wconf 88' lang='lat' dir='ltr'><strong>quippe</strong></span> <span class='ocrx_word' id='word_1_57' title='bbox 609 1020 736 1090; x_wconf 75' lang='lat' dir='ltr'><strong>planetum</strong></span> <span class='ocrx_word' id='word_1_58' title='bbox 754 1023 841 1079; x_wconf 87' lang='lat' dir='ltr'><strong>intimi</strong></span> <span class='ocrx_word' id='word_1_59' title='bbox 858 1024 962 1093; x_wconf 79' lang='lat' dir='ltr'><strong>figurae</strong></span> <span class='ocrx_word' id='word_1_60' title='bbox 981 1039 1047 1079; x_wconf 90' lang='lat' dir='ltr'><strong>suae</strong></span> <span class='ocrx_word' id='word_1_61' title='bbox 1064 1025 1188 1095; x_wconf 87' lang='lat' dir='ltr'><strong>inscripti</strong></span> <span class='ocrx_word' id='word_1_62' title='bbox 1207 1033 1235 1081; x_wconf 86' lang='lat' dir='ltr'><strong>et</strong></span> <span class='ocrx_word' id='word_1_63' title='bbox 1252 1026 1396 1081; x_wconf 84' lang='lat' dir='ltr'><strong>humillimi</strong></span> <span class='ocrx_word' id='word_1_64' title='bbox 1414 1027 1525 1098; x_wconf 78' lang='lat' dir='ltr'><strong>Solique</strong></span> 
     </span>
     <span class='ocr_line' id='line_1_8' title="bbox 172 1099 1525 1176; baseline 0.006 -22"><span class='ocrx_word' id='word_1_65' title='bbox 172 1099 337 1168; x_wconf 82' lang='lat' dir='ltr'><strong>vicinissimi,</strong></span> <span class='ocrx_word' id='word_1_66' title='bbox 355 1117 417 1156; x_wconf 92' lang='lat' dir='ltr'><strong>cum</strong></span> <span class='ocrx_word' id='word_1_67' title='bbox 429 1099 555 1170; x_wconf 80' lang='lat' dir='ltr'><strong>Telluris,</strong></span> <span class='ocrx_word' id='word_1_68' title='bbox 574 1102 648 1172; x_wconf 87' lang='lat' dir='ltr'><strong>sepis</strong></span> <span class='ocrx_word' id='word_1_69' title='bbox 660 1100 734 1158; x_wconf 87' lang='lat' dir='ltr'><strong>illius</strong></span> <span class='ocrx_word' id='word_1_70' title='bbox 746 1107 903 1172; x_wconf 88' lang='lat' dir='ltr'><strong>communis,</strong></span> <span class='ocrx_word' id='word_1_71' title='bbox 922 1113 998 1161; x_wconf 88' lang='lat' dir='ltr'><strong>motu</strong></span> <span class='ocrx_word' id='word_1_72' title='bbox 1010 1104 1176 1160; x_wconf 87' lang='lat' dir='ltr'><strong>humillimo:</strong></span> <span class='ocrx_word' id='word_1_73' title='bbox 1195 1105 1234 1161; x_wconf 88' lang='lat' dir='ltr'><strong>illi</strong></span> <span class='ocrx_word' id='word_1_74' title='bbox 1244 1104 1354 1176; x_wconf 90' lang='lat' dir='ltr'><strong>quidem</strong></span> <span class='ocrx_word' id='word_1_75' title='bbox 1365 1105 1401 1160; x_wconf 81' lang='lat' dir='ltr'><strong>ad</strong></span> <span class='ocrx_word' id='word_1_76' title='bbox 1420 1106 1525 1175; x_wconf 87' lang='lat' dir='ltr'><strong>durum,</strong></span> 
     </span>
     <span class='ocr_line' id='line_1_9' title="bbox 171 1176 1525 1256; baseline 0.007 -24"><span class='ocrx_word' id='word_1_77' title='bbox 171 1177 201 1232; x_wconf 88' lang='lat' dir='ltr'><strong>hi</strong></span> <span class='ocrx_word' id='word_1_78' title='bbox 218 1176 253 1231; x_wconf 88' lang='lat' dir='ltr'><strong>ad</strong></span> <span class='ocrx_word' id='word_1_79' title='bbox 271 1176 353 1232; x_wconf 92' lang='lat' dir='ltr'><strong>molle</strong></span> <span class='ocrx_word' id='word_1_80' title='bbox 372 1178 571 1234; x_wconf 80' lang='lat' dir='ltr'><strong>harmoniarum</strong></span> <span class='ocrx_word' id='word_1_81' title='bbox 590 1196 676 1248; x_wconf 74' lang='lat' dir='ltr'><strong>penus</strong></span> <span class='ocrx_word' id='word_1_82' title='bbox 695 1181 899 1249; x_wconf 79' lang='lat' dir='ltr'><strong>designandum,</strong></span> <span class='ocrx_word' id='word_1_83' title='bbox 918 1199 968 1256; x_wconf 87' lang='lat' dir='ltr'><strong>per</strong></span> <span class='ocrx_word' id='word_1_84' title='bbox 985 1201 1064 1254; x_wconf 87' lang='lat' dir='ltr'><strong>prop.</strong></span> <span class='ocrx_word' id='word_1_85' title='bbox 1084 1185 1117 1241; x_wconf 80' lang='lat'><strong>33</strong></span> <span class='ocrx_word' id='word_1_86' title='bbox 1136 1193 1164 1239; x_wconf 90' lang='lat' dir='ltr'><strong>et</strong></span> <span class='ocrx_word' id='word_1_87' title='bbox 1182 1186 1223 1242; x_wconf 78' lang='lat' dir='ltr'><strong>at.</strong></span> <span class='ocrx_word' id='word_1_88' title='bbox 1251 1183 1306 1240; x_wconf 84' lang='lat' dir='ltr'><strong>Sed</strong></span> <span class='ocrx_word' id='word_1_89' title='bbox 1323 1185 1438 1242; x_wconf 81' lang='lat' dir='ltr'><strong>Veneris</strong></span> <span class='ocrx_word' id='word_1_90' title='bbox 1455 1186 1525 1256; x_wconf 91' lang='lat' dir='ltr'><strong>peri-</strong></span> 
     </span>
     <span class='ocr_line' id='line_1_10' title="bbox 172 1245 1525 1335; baseline 0.009 -25"><span class='ocrx_word' id='word_1_91' title='bbox 172 1256 261 1311; x_wconf 87' lang='lat' dir='ltr'><strong>helius</strong></span> <span class='ocrx_word' id='word_1_92' title='bbox 280 1272 342 1311; x_wconf 90' lang='lat' dir='ltr'><strong>oum</strong></span> <span class='ocrx_word' id='word_1_93' title='bbox 360 1257 477 1313; x_wconf 81' lang='lat' dir='ltr'><strong>Telluris</strong></span> <span class='ocrx_word' id='word_1_94' title='bbox 495 1258 627 1328; x_wconf 88' lang='lat' dir='ltr'><strong>perihelio</strong></span> <span class='ocrx_word' id='word_1_95' title='bbox 645 1259 812 1316; x_wconf 89' lang='lat' dir='ltr'><strong>concordare</strong></span> <span class='ocrx_word' id='word_1_96' title='bbox 831 1261 925 1319; x_wconf 85' lang='lat' dir='ltr'><strong>debuit</strong></span> <span class='ocrx_word' id='word_1_97' title='bbox 941 1264 970 1318; x_wconf 88' lang='lat' dir='ltr'><strong>in</strong></span> <span class='ocrx_word' id='word_1_98' title='bbox 989 1263 1130 1319; x_wconf 89' lang='lat' dir='ltr'><strong>harmonia</strong></span> <span class='ocrx_word' id='word_1_99' title='bbox 1149 1263 1196 1334; x_wconf 68' lang='lat' dir='ltr'><strong>ll„</strong></span> <span class='ocrx_word' id='word_1_100' title='bbox 1221 1280 1272 1335; x_wconf 90' lang='lat' dir='ltr'><strong>per</strong></span> <span class='ocrx_word' id='word_1_101' title='bbox 1287 1280 1365 1334; x_wconf 88' lang='lat' dir='ltr'><strong>prop.</strong></span> <span class='ocrx_word' id='word_1_102' title='bbox 1384 1245 1433 1334; x_wconf 60' lang='lat' dir='ltr'><strong>il,</strong></span> <span class='ocrx_word' id='word_1_103' title='bbox 1460 1281 1525 1333; x_wconf 78' lang='lat' dir='ltr'><strong>ergo</strong></span> 
     </span>
     <span class='ocr_line' id='line_1_11' title="bbox 173 1333 1524 1414; baseline 0.01 -27"><span class='ocrx_word' id='word_1_104' title='bbox 173 1335 253 1388; x_wconf 84' lang='lat' dir='ltr'><strong>etiarn</strong></span> <span class='ocrx_word' id='word_1_105' title='bbox 271 1333 420 1404; x_wconf 88' lang='lat' dir='ltr'><strong>perihelius</strong></span> <span class='ocrx_word' id='word_1_106' title='bbox 439 1336 565 1392; x_wconf 87' lang='lat' dir='ltr'><strong>Mercurii</strong></span> <span class='ocrx_word' id='word_1_107' title='bbox 584 1354 643 1393; x_wconf 84' lang='lat' dir='ltr'><strong>cunr</strong></span> <span class='ocrx_word' id='word_1_108' title='bbox 661 1338 795 1407; x_wconf 87' lang='lat' dir='ltr'><strong>perihelio</strong></span> <span class='ocrx_word' id='word_1_109' title='bbox 807 1339 921 1396; x_wconf 87' lang='lat' dir='ltr'><strong>Veneris</strong></span> <span class='ocrx_word' id='word_1_110' title='bbox 939 1342 968 1396; x_wconf 89' lang='lat' dir='ltr'><strong>in</strong></span> <span class='ocrx_word' id='word_1_111' title='bbox 986 1358 1068 1396; x_wconf 89' lang='lat' dir='ltr'><strong>unam</strong></span> <span class='ocrx_word' id='word_1_112' title='bbox 1087 1344 1188 1401; x_wconf 86' lang='lat' dir='ltr'><strong>scalam</strong></span> <span class='ocrx_word' id='word_1_113' title='bbox 1207 1343 1301 1398; x_wconf 87' lang='lat' dir='ltr'><strong>debuit</strong></span> <span class='ocrx_word' id='word_1_114' title='bbox 1319 1345 1524 1414; x_wconf 81' lang='lat' dir='ltr'><strong>contemperari.</strong></span> 
     </span>
     <span class='ocr_line' id='line_1_12' title="bbox 172 1414 1525 1487; baseline 0.007 -19"><span class='ocrx_word' id='word_1_115' title='bbox 172 1414 241 1468; x_wconf 84' lang='lat' dir='ltr'><strong>Erat</strong></span> <span class='ocrx_word' id='word_1_116' title='bbox 259 1429 324 1468; x_wconf 86' lang='lat' dir='ltr'><strong>rero</strong></span> <span class='ocrx_word' id='word_1_117' title='bbox 342 1430 419 1484; x_wconf 89' lang='lat' dir='ltr'><strong>prop.</strong></span> <span class='ocrx_word' id='word_1_118' title='bbox 440 1416 482 1471; x_wconf 86' lang='lat'><strong>12.</strong></span> <span class='ocrx_word' id='word_1_119' title='bbox 501 1431 535 1470; x_wconf 83' lang='lat' dir='ltr'><strong>ex</strong></span> <span class='ocrx_word' id='word_1_120' title='bbox 559 1418 697 1487; x_wconf 88' lang='lat' dir='ltr'><strong>prioribus</strong></span> <span class='ocrx_word' id='word_1_121' title='bbox 723 1417 776 1474; x_wconf 87' lang='lat' dir='ltr'><strong>illis</strong></span> <span class='ocrx_word' id='word_1_122' title='bbox 804 1421 955 1477; x_wconf 85' lang='lat' dir='ltr'><strong>rationibus</strong></span> <span class='ocrx_word' id='word_1_123' title='bbox 983 1421 1095 1478; x_wconf 85' lang='lat' dir='ltr'><strong>definita</strong></span> <span class='ocrx_word' id='word_1_124' title='bbox 1111 1424 1227 1479; x_wconf 85' lang='lat' dir='ltr'><strong>Veneris</strong></span> <span class='ocrx_word' id='word_1_125' title='bbox 1247 1430 1275 1480; x_wconf 91' lang='lat' dir='ltr'><strong>et</strong></span> <span class='ocrx_word' id='word_1_126' title='bbox 1291 1422 1421 1478; x_wconf 85' lang='lat' dir='ltr'><strong>Mercurii</strong></span> <span class='ocrx_word' id='word_1_127' title='bbox 1440 1423 1525 1478; x_wconf 83' lang='lat' dir='ltr'><strong>direr-</strong></span> 
     </span>
     <span class='ocr_line' id='line_1_13' title="bbox 172 1493 1524 1569; baseline 0.006 -21"><span class='ocrx_word' id='word_1_128' title='bbox 172 1495 294 1564; x_wconf 76' lang='lat' dir='ltr'><strong>gentium</strong></span> <span class='ocrx_word' id='word_1_129' title='bbox 313 1493 453 1549; x_wconf 85' lang='lat' dir='ltr'><strong>harmonia</strong></span> <span class='ocrx_word' id='word_1_130' title='bbox 474 1496 517 1565; x_wconf 82' lang='lat' dir='ltr'><strong>¹l„</strong></span> <span class='ocrx_word' id='word_1_131' title='bbox 535 1496 584 1551; x_wconf 87' lang='lat' dir='ltr'><strong>illa</strong></span> <span class='ocrx_word' id='word_1_132' title='bbox 602 1513 666 1566; x_wconf 76' lang='lat' dir='ltr'><strong>ergo</strong></span> <span class='ocrx_word' id='word_1_133' title='bbox 682 1497 738 1566; x_wconf 81' lang='lat' dir='ltr'><strong>jani</strong></span> <span class='ocrx_word' id='word_1_134' title='bbox 756 1516 807 1568; x_wconf 88' lang='lat' dir='ltr'><strong>per</strong></span> <span class='ocrx_word' id='word_1_135' title='bbox 823 1500 873 1556; x_wconf 91' lang='lat' dir='ltr'><strong>has</strong></span> <span class='ocrx_word' id='word_1_136' title='bbox 891 1501 1057 1569; x_wconf 80' lang='lat' dir='ltr'><strong>posteriores</strong></span> <span class='ocrx_word' id='word_1_137' title='bbox 1074 1501 1195 1558; x_wconf 85' lang='lat' dir='ltr'><strong>rationes</strong></span> <span class='ocrx_word' id='word_1_138' title='bbox 1207 1501 1259 1558; x_wconf 79' lang='lat' dir='ltr'><strong>tuit</strong></span> <span class='ocrx_word' id='word_1_139' title='bbox 1277 1501 1463 1556; x_wconf 80' lang='lat' dir='ltr'><strong>termentauda</strong></span> <span class='ocrx_word' id='word_1_140' title='bbox 1481 1517 1524 1556; x_wconf 90' lang='lat' dir='ltr'><strong>ac·</strong></span> 
     </span>
     <span class='ocr_line' id='line_1_14' title="bbox 171 1574 1524 1650; baseline 0.005 -22"><span class='ocrx_word' id='word_1_141' title='bbox 171 1575 296 1630; x_wconf 82' lang='lat' dir='ltr'><strong>cessione</strong></span> <span class='ocrx_word' id='word_1_142' title='bbox 313 1575 399 1630; x_wconf 84' lang='lat' dir='ltr'><strong>totius</strong></span> <span class='ocrx_word' id='word_1_143' title='bbox 417 1574 551 1630; x_wconf 80' lang='lat' dir='ltr'><strong>intervalli</strong></span> <span class='ocrx_word' id='word_1_144' title='bbox 568 1577 688 1632; x_wconf 84' lang='lat' dir='ltr'><strong>Veneris</strong></span> <span class='ocrx_word' id='word_1_145' title='bbox 725 1578 787 1634; x_wconf 83' lang='lat' dir='ltr'><strong>Non</strong></span> <span class='ocrx_word' id='word_1_146' title='bbox 812 1579 897 1648; x_wconf 75' lang='lat' dir='ltr'><strong>igitur</strong></span> <span class='ocrx_word' id='word_1_147' title='bbox 920 1578 1036 1648; x_wconf 87' lang='lat' dir='ltr'><strong>amplias</strong></span> <span class='ocrx_word' id='word_1_148' title='bbox 1064 1579 1098 1633; x_wconf 88' lang='lat' dir='ltr'><strong>ab</strong></span> <span class='ocrx_word' id='word_1_149' title='bbox 1123 1579 1248 1650; x_wconf 90' lang='lat' dir='ltr'><strong>aphelio,</strong></span> <span class='ocrx_word' id='word_1_150' title='bbox 1275 1581 1323 1635; x_wconf 91' lang='lat' dir='ltr'><strong>sed</strong></span> <span class='ocrx_word' id='word_1_151' title='bbox 1350 1596 1367 1633; x_wconf 89' lang='lat' dir='ltr'><strong>a</strong></span> <span class='ocrx_word' id='word_1_152' title='bbox 1393 1579 1524 1650; x_wconf 87' lang='lat' dir='ltr'><strong>perihello</strong></span> 
     </span>
     <span class='ocr_line' id='line_1_15' title="bbox 171 1651 1523 1728; baseline 0.004 -21"><span class='ocrx_word' id='word_1_153' title='bbox 171 1653 288 1708; x_wconf 86' lang='lat' dir='ltr'><strong>Veneris</strong></span> <span class='ocrx_word' id='word_1_154' title='bbox 305 1651 341 1707; x_wconf 90' lang='lat' dir='ltr'><strong>ad</strong></span> <span class='ocrx_word' id='word_1_155' title='bbox 357 1655 518 1723; x_wconf 88' lang='lat' dir='ltr'><strong>perihelium</strong></span> <span class='ocrx_word' id='word_1_156' title='bbox 534 1656 665 1711; x_wconf 85' lang='lat' dir='ltr'><strong>Mercurii</strong></span> <span class='ocrx_word' id='word_1_157' title='bbox 682 1663 725 1712; x_wconf 84' lang='lat' dir='ltr'><strong>est</strong></span> <span class='ocrx_word' id='word_1_158' title='bbox 742 1657 867 1726; x_wconf 80' lang='lat' dir='ltr'><strong>perlecta</strong></span> <span class='ocrx_word' id='word_1_159' title='bbox 883 1658 1066 1728; x_wconf 85' lang='lat' dir='ltr'><strong>disdiapason.</strong></span> <span class='ocrx_word' id='word_1_160' title='bbox 1102 1659 1186 1728; x_wconf 82' lang='lat' dir='ltr'><strong>Atqui</strong></span> <span class='ocrx_word' id='word_1_161' title='bbox 1204 1660 1286 1716; x_wconf 88' lang='lat' dir='ltr'><strong>etiam</strong></span> <span class='ocrx_word' id='word_1_162' title='bbox 1304 1660 1523 1728; x_wconf 68' lang='lat' dir='ltr'><strong>conserpentinui</strong></span> 
     </span>
     <span class='ocr_line' id='line_1_16' title="bbox 171 1732 1522 1808; baseline 0.003 -20"><span class='ocrx_word' id='word_1_163' title='bbox 171 1732 316 1788; x_wconf 85' lang='lat' dir='ltr'><strong>harmonia</strong></span> <span class='ocrx_word' id='word_1_164' title='bbox 334 1733 367 1802; x_wconf 66' lang='lat'><strong>³1,</strong></span> <span class='ocrx_word' id='word_1_165' title='bbox 386 1734 510 1803; x_wconf 73' lang='lat' dir='ltr'><strong>perfecta</strong></span> <span class='ocrx_word' id='word_1_166' title='bbox 528 1743 578 1803; x_wconf 90' lang='lat' dir='ltr'><strong>est,</strong></span> <span class='ocrx_word' id='word_1_167' title='bbox 596 1750 646 1804; x_wconf 89' lang='lat' dir='ltr'><strong>per</strong></span> <span class='ocrx_word' id='word_1_168' title='bbox 663 1749 740 1804; x_wconf 85' lang='lat' dir='ltr'><strong>prop.</strong></span> <span class='ocrx_word' id='word_1_169' title='bbox 759 1738 801 1792; x_wconf 81' lang='lat'><strong>15.</strong></span> <span class='ocrx_word' id='word_1_170' title='bbox 838 1739 881 1793; x_wconf 86' lang='lat' dir='ltr'><strong>Es</strong></span> <span class='ocrx_word' id='word_1_171' title='bbox 898 1739 982 1808; x_wconf 74' lang='lat' dir='ltr'><strong>igitur</strong></span> <span class='ocrx_word' id='word_1_172' title='bbox 999 1736 1140 1794; x_wconf 81' lang='lat' dir='ltr'><strong>subtracta</strong></span> <span class='ocrx_word' id='word_1_173' title='bbox 1157 1738 1191 1793; x_wconf 85' lang='lat' dir='ltr'><strong>ab</strong></span> <span class='ocrx_word' id='word_1_174' title='bbox 1215 1740 1258 1807; x_wconf 70' lang='lat'><strong>¹1„</strong></span> <span class='ocrx_word' id='word_1_175' title='bbox 1276 1745 1364 1794; x_wconf 84' lang='lat' dir='ltr'><strong>restat</strong></span> <span class='ocrx_word' id='word_1_176' title='bbox 1383 1738 1434 1794; x_wconf 91' lang='lat' dir='ltr'><strong>soli</strong></span> <span class='ocrx_word' id='word_1_177' title='bbox 1452 1739 1522 1794; x_wconf 88' lang='lat' dir='ltr'><strong>Mer·</strong></span> 
     </span>
     <span class='ocr_line' id='line_1_17' title="bbox 171 1811 1523 1888; baseline 0.004 -22"><span class='ocrx_word' id='word_1_178' title='bbox 171 1811 247 1866; x_wconf 84' lang='lat' dir='ltr'><strong>curio</strong></span> <span class='ocrx_word' id='word_1_179' title='bbox 264 1813 377 1882; x_wconf 88' lang='lat' dir='ltr'><strong>propria</strong></span> <span class='ocrx_word' id='word_1_180' title='bbox 394 1812 440 1883; x_wconf 67' lang='lat' dir='ltr'><strong>ll„</strong></span> <span class='ocrx_word' id='word_1_181' title='bbox 458 1815 539 1870; x_wconf 85' lang='lat' dir='ltr'><strong>etiarn</strong></span> <span class='ocrx_word' id='word_1_182' title='bbox 556 1815 685 1884; x_wconf 69' lang='lat' dir='ltr'><strong>persecu,</strong></span> <span class='ocrx_word' id='word_1_183' title='bbox 704 1830 758 1870; x_wconf 91' lang='lat' dir='ltr'><strong>uon</strong></span> <span class='ocrx_word' id='word_1_184' title='bbox 776 1831 842 1872; x_wconf 82' lang='lat' dir='ltr'><strong>vero</strong></span> <span class='ocrx_word' id='word_1_185' title='bbox 860 1817 977 1888; x_wconf 84' lang='lat' dir='ltr'><strong>amplius</strong></span> <span class='ocrx_word' id='word_1_186' title='bbox 995 1819 1035 1885; x_wconf 86' lang='lat' dir='ltr'><strong>(nt</strong></span> <span class='ocrx_word' id='word_1_187' title='bbox 1051 1833 1132 1886; x_wconf 84' lang='lat' dir='ltr'><strong>prop.</strong></span> <span class='ocrx_word' id='word_1_188' title='bbox 1144 1818 1186 1872; x_wconf 81' lang='grc'><strong>16.</strong></span> <span class='ocrx_word' id='word_1_189' title='bbox 1205 1832 1255 1887; x_wconf 92' lang='lat' dir='ltr'><strong>per</strong></span> <span class='ocrx_word' id='word_1_190' title='bbox 1271 1816 1378 1888; x_wconf 82' lang='lat' dir='ltr'><strong>priores</strong></span> <span class='ocrx_word' id='word_1_191' title='bbox 1393 1817 1523 1885; x_wconf 79' lang='grc' dir='ltr'>ιιιίοιιι)</span> 
     </span>
     <span class='ocr_line' id='line_1_18' title="bbox 173 1890 767 1964; baseline 0.007 -18"><span class='ocrx_word' id='word_1_192' title='bbox 173 1890 308 1947; x_wconf 59' lang='lat' dir='ltr'><strong>minuta</strong></span> <span class='ocrx_word' id='word_1_193' title='bbox 324 1894 500 1961; x_wconf 82' lang='lat' dir='ltr'><strong>proportione</strong></span> <span class='ocrx_word' id='word_1_194' title='bbox 518 1893 632 1950; x_wconf 78' lang='lat' dir='ltr'><strong>Veseris</strong></span> <span class='ocrx_word' id='word_1_195' title='bbox 649 1894 767 1964; x_wconf 86' lang='lat' dir='ltr'><strong>propria.</strong></span> 
     </span>
    </p>

    <p class='ocr_par' dir='ltr' id='par_1_4' title="bbox 171 1987 1526 2690">
     <span class='ocr_line' id='line_1_19' title="bbox 257 1987 1524 2062; baseline 0.005 -20"><span class='ocrx_word' id='word_1_196' title='bbox 257 1987 322 2043; x_wconf 80' lang='lat' dir='ltr'><strong>Alia</strong></span> <span class='ocrx_word' id='word_1_197' title='bbox 339 1988 416 2044; x_wconf 87' lang='lat' dir='ltr'><strong>ratio.</strong></span> <span class='ocrx_word' id='word_1_198' title='bbox 445 1989 521 2045; x_wconf 83' lang='lat' dir='ltr'><strong>Sicut</strong></span> <span class='ocrx_word' id='word_1_199' title='bbox 539 1990 686 2046; x_wconf 77' lang='lat' dir='ltr'><strong>Saturnum</strong></span> <span class='ocrx_word' id='word_1_200' title='bbox 702 1995 731 2044; x_wconf 92' lang='lat' dir='ltr'><strong>et</strong></span> <span class='ocrx_word' id='word_1_201' title='bbox 746 1989 841 2044; x_wconf 84' lang='lat' dir='ltr'><strong>Joeern</strong></span> <span class='ocrx_word' id='word_1_202' title='bbox 859 1988 934 2045; x_wconf 87' lang='lat' dir='ltr'><strong>solos</strong></span> <span class='ocrx_word' id='word_1_203' title='bbox 951 1990 1071 2046; x_wconf 85' lang='lat' dir='ltr'><strong>exterius</strong></span> <span class='ocrx_word' id='word_1_204' title='bbox 1088 1990 1244 2048; x_wconf 83' lang='lat' dir='ltr'><strong>nullatenus</strong></span> <span class='ocrx_word' id='word_1_205' title='bbox 1261 1992 1430 2062; x_wconf 69' lang='lat' dir='ltr'><strong>contingunt</strong></span> <span class='ocrx_word' id='word_1_206' title='bbox 1442 1992 1524 2048; x_wconf 87' lang='lat' dir='ltr'><strong>dode·</strong></span> 
     </span>
     <span class='ocr_line' id='line_1_20' title="bbox 171 2066 1523 2140; baseline 0.003 -17"><span class='ocrx_word' id='word_1_207' title='bbox 171 2066 292 2140; x_wconf 75' lang='lat' dir='ltr'><strong>medrus</strong></span> <span class='ocrx_word' id='word_1_208' title='bbox 310 2074 338 2123; x_wconf 90' lang='lat' dir='ltr'><strong>et</strong></span> <span class='ocrx_word' id='word_1_209' title='bbox 355 2067 506 2124; x_wconf 89' lang='lat' dir='ltr'><strong>icosiedron</strong></span> <span class='ocrx_word' id='word_1_210' title='bbox 524 2069 700 2138; x_wconf 74' lang='lat' dir='ltr'><strong>conjugatae,</strong></span> <span class='ocrx_word' id='word_1_211' title='bbox 717 2066 759 2122; x_wconf 90' lang='lat' dir='ltr'><strong>sic</strong></span> <span class='ocrx_word' id='word_1_212' title='bbox 775 2067 887 2123; x_wconf 89' lang='lat' dir='ltr'><strong>eaedem</strong></span> <span class='ocrx_word' id='word_1_213' title='bbox 905 2069 1070 2124; x_wconf 86' lang='lat' dir='ltr'><strong>Mercurium</strong></span> <span class='ocrx_word' id='word_1_214' title='bbox 1088 2068 1176 2124; x_wconf 86' lang='lat' dir='ltr'><strong>solum</strong></span> <span class='ocrx_word' id='word_1_215' title='bbox 1193 2069 1308 2126; x_wconf 83' lang='lat' dir='ltr'><strong>interius</strong></span> <span class='ocrx_word' id='word_1_216' title='bbox 1326 2086 1381 2126; x_wconf 93' lang='lat' dir='ltr'><strong>non</strong></span> <span class='ocrx_word' id='word_1_217' title='bbox 1400 2078 1523 2140; x_wconf 73' lang='lat' dir='ltr'><strong>ungam,</strong></span> 
     </span>
     <span class='ocr_line' id='line_1_21' title="bbox 171 2145 1525 2221; baseline 0.005 -21"><span class='ocrx_word' id='word_1_218' title='bbox 171 2153 332 2219; x_wconf 77' lang='lat' dir='ltr'><strong>tanguntn.</strong></span> <span class='ocrx_word' id='word_1_219' title='bbox 350 2147 480 2216; x_wconf 87' lang='lat' dir='ltr'><strong>Martem,</strong></span> <span class='ocrx_word' id='word_1_220' title='bbox 498 2146 634 2202; x_wconf 87' lang='lat' dir='ltr'><strong>Tellurem</strong></span> <span class='ocrx_word' id='word_1_221' title='bbox 652 2153 680 2200; x_wconf 88' lang='lat' dir='ltr'><strong>et</strong></span> <span class='ocrx_word' id='word_1_222' title='bbox 697 2145 839 2214; x_wconf 82' lang='lat' dir='ltr'><strong>Venerem,</strong></span> <span class='ocrx_word' id='word_1_223' title='bbox 857 2145 933 2201; x_wconf 92' lang='lat' dir='ltr'><strong>illum</strong></span> <span class='ocrx_word' id='word_1_224' title='bbox 951 2145 1036 2217; x_wconf 91' lang='lat' dir='ltr'><strong>intus,</strong></span> <span class='ocrx_word' id='word_1_225' title='bbox 1054 2148 1126 2203; x_wconf 92' lang='lat' dir='ltr'><strong>hauc</strong></span> <span class='ocrx_word' id='word_1_226' title='bbox 1145 2156 1237 2218; x_wconf 75' lang='lat' dir='ltr'><strong>erus,</strong></span> <span class='ocrx_word' id='word_1_227' title='bbox 1256 2150 1373 2208; x_wconf 83' lang='lat' dir='ltr'><strong>mediam</strong></span> <span class='ocrx_word' id='word_1_228' title='bbox 1391 2150 1525 2221; x_wconf 79' lang='lat' dir='ltr'><strong>utrinque</strong></span> 
     </span>
     <span class='ocr_line' id='line_1_22' title="bbox 172 2223 1525 2297; baseline 0.004 -20"><span class='ocrx_word' id='word_1_229' title='bbox 172 2223 250 2278; x_wconf 91' lang='lat' dir='ltr'><strong>Sicut</strong></span> <span class='ocrx_word' id='word_1_230' title='bbox 266 2223 356 2293; x_wconf 78' lang='lat' dir='ltr'><strong>igitur·</strong></span> <span class='ocrx_word' id='word_1_231' title='bbox 367 2225 394 2279; x_wconf 94' lang='lat' dir='ltr'><strong>in</strong></span> <span class='ocrx_word' id='word_1_232' title='bbox 412 2224 537 2297; x_wconf 87' lang='lat' dir='ltr'><strong>proprias</strong></span> <span class='ocrx_word' id='word_1_233' title='bbox 556 2225 746 2295; x_wconf 88' lang='lat' dir='ltr'><strong>proportiones</strong></span> <span class='ocrx_word' id='word_1_234' title='bbox 764 2232 884 2278; x_wconf 91' lang='lat' dir='ltr'><strong>motuum</strong></span> <span class='ocrx_word' id='word_1_235' title='bbox 904 2224 1013 2279; x_wconf 80' lang='lat' dir='ltr'><strong>Saturni</strong></span> <span class='ocrx_word' id='word_1_236' title='bbox 1032 2233 1060 2280; x_wconf 91' lang='lat' dir='ltr'><strong>et</strong></span> <span class='ocrx_word' id='word_1_237' title='bbox 1076 2225 1169 2294; x_wconf 84' lang='lat' dir='ltr'><strong>Jorie,</strong></span> <span class='ocrx_word' id='word_1_238' title='bbox 1188 2228 1234 2295; x_wconf 91' lang='lat' dir='ltr'><strong>qui</strong></span> <span class='ocrx_word' id='word_1_239' title='bbox 1253 2229 1323 2283; x_wconf 92' lang='lat' dir='ltr'><strong>cubo</strong></span> <span class='ocrx_word' id='word_1_240' title='bbox 1342 2234 1370 2282; x_wconf 91' lang='lat' dir='ltr'><strong>et</strong></span> <span class='ocrx_word' id='word_1_241' title='bbox 1387 2227 1525 2286; x_wconf 78' lang='lat' dir='ltr'><strong>tetrabdro</strong></span> 
     </span>
     <span class='ocr_line' id='line_1_23' title="bbox 171 2301 1525 2378; baseline 0.005 -22"><span class='ocrx_word' id='word_1_242' title='bbox 171 2301 234 2356; x_wconf 82' lang='lat' dir='ltr'><strong>fulti</strong></span> <span class='ocrx_word' id='word_1_243' title='bbox 253 2309 325 2370; x_wconf 89' lang='lat' dir='ltr'><strong>sunt,</strong></span> <span class='ocrx_word' id='word_1_244' title='bbox 345 2303 507 2360; x_wconf 87' lang='lat' dir='ltr'><strong>distributim</strong></span> <span class='ocrx_word' id='word_1_245' title='bbox 525 2304 645 2360; x_wconf 84' lang='lat' dir='ltr'><strong>additum</strong></span> <span class='ocrx_word' id='word_1_246' title='bbox 665 2310 707 2358; x_wconf 91' lang='lat' dir='ltr'><strong>est</strong></span> <span class='ocrx_word' id='word_1_247' title='bbox 725 2302 826 2372; x_wconf 89' lang='lat' dir='ltr'><strong>aliquid</strong></span> <span class='ocrx_word' id='word_1_248' title='bbox 845 2304 958 2375; x_wconf 89' lang='lat' dir='ltr'><strong>aequale</strong></span> <span class='ocrx_word' id='word_1_249' title='bbox 976 2304 1102 2374; x_wconf 89' lang='lat' dir='ltr'><strong>propriae</strong></span> <span class='ocrx_word' id='word_1_250' title='bbox 1121 2305 1246 2372; x_wconf 84' lang='lat' dir='ltr'><strong>Veneris:</strong></span> <span class='ocrx_word' id='word_1_251' title='bbox 1267 2307 1306 2361; x_wconf 90' lang='lat' dir='ltr'><strong>sic</strong></span> <span class='ocrx_word' id='word_1_252' title='bbox 1320 2305 1378 2378; x_wconf 87' lang='lat' dir='ltr'><strong>jam</strong></span> <span class='ocrx_word' id='word_1_253' title='bbox 1396 2307 1525 2377; x_wconf 88' lang='lat' dir='ltr'><strong>propriae</strong></span> 
     </span>
     <span class='ocr_line' id='line_1_24' title="bbox 171 2381 1526 2456; baseline 0.007 -21"><span class='ocrx_word' id='word_1_254' title='bbox 171 2381 303 2436; x_wconf 84' lang='lat' dir='ltr'><strong>Mercurii</strong></span> <span class='ocrx_word' id='word_1_255' title='bbox 320 2382 441 2450; x_wconf 86' lang='lat' dir='ltr'><strong>solitarii,</strong></span> <span class='ocrx_word' id='word_1_256' title='bbox 460 2384 505 2454; x_wconf 90' lang='lat' dir='ltr'><strong>qui</strong></span> <span class='ocrx_word' id='word_1_257' title='bbox 525 2381 659 2449; x_wconf 73' lang='grc' dir='ltr'>οιιιιᾶιο,</span> <span class='ocrx_word' id='word_1_258' title='bbox 680 2382 741 2438; x_wconf 89' lang='lat' dir='ltr'><strong>cubi</strong></span> <span class='ocrx_word' id='word_1_259' title='bbox 755 2381 788 2437; x_wconf 79' lang='lat' dir='ltr'><strong>‘et</strong></span> <span class='ocrx_word' id='word_1_260' title='bbox 804 2382 934 2438; x_wconf 80' lang='lat' dir='ltr'><strong>tetraedri</strong></span> <span class='ocrx_word' id='word_1_261' title='bbox 953 2384 1027 2438; x_wconf 90' lang='lat' dir='ltr'><strong>socia</strong></span> <span class='ocrx_word' id='word_1_262' title='bbox 1044 2383 1131 2453; x_wconf 82' lang='lat' dir='ltr'><strong>figura</strong></span> <span class='ocrx_word' id='word_1_263' title='bbox 1149 2387 1310 2456; x_wconf 87' lang='lat' dir='ltr'><strong>continetur,</strong></span> <span class='ocrx_word' id='word_1_264' title='bbox 1330 2387 1462 2444; x_wconf 88' lang='lat' dir='ltr'><strong>accedere</strong></span> <span class='ocrx_word' id='word_1_265' title='bbox 1481 2386 1526 2444; x_wconf 90' lang='lat' dir='ltr'><strong>de·</strong></span> 
     </span>
     <span class='ocr_line' id='line_1_25' title="bbox 171 2458 1526 2533; baseline 0.008 -23"><span class='ocrx_word' id='word_1_266' title='bbox 171 2458 231 2513; x_wconf 90' lang='lat' dir='ltr'><strong>buit</strong></span> <span class='ocrx_word' id='word_1_267' title='bbox 250 2462 423 2516; x_wconf 71' lang='lat' dir='ltr'><strong>tantundem:</strong></span> <span class='ocrx_word' id='word_1_268' title='bbox 442 2462 543 2533; x_wconf 88' lang='lat' dir='ltr'><strong>quippe</strong></span> <span class='ocrx_word' id='word_1_269' title='bbox 561 2463 631 2520; x_wconf 91' lang='lat' dir='ltr'><strong>sicut</strong></span> <span class='ocrx_word' id='word_1_270' title='bbox 649 2461 804 2533; x_wconf 77' lang='lat' dir='ltr'><strong>octaedron,</strong></span> <span class='ocrx_word' id='word_1_271' title='bbox 823 2459 912 2533; x_wconf 76' lang='lat' dir='ltr'><strong>figura</strong></span> <span class='ocrx_word' id='word_1_272' title='bbox 930 2462 1010 2518; x_wconf 88' lang='lat' dir='ltr'><strong>unica</strong></span> <span class='ocrx_word' id='word_1_273' title='bbox 1022 2464 1093 2517; x_wconf 87' lang='lat' dir='ltr'><strong>inter</strong></span> <span class='ocrx_word' id='word_1_274' title='bbox 1105 2464 1287 2533; x_wconf 88' lang='lat' dir='ltr'><strong>secundariae,</strong></span> <span class='ocrx_word' id='word_1_275' title='bbox 1305 2466 1390 2522; x_wconf 84' lang='lat' dir='ltr'><strong>vicem</strong></span> <span class='ocrx_word' id='word_1_276' title='bbox 1409 2465 1526 2521; x_wconf 87' lang='lat' dir='ltr'><strong>sustinet</strong></span> 
     </span>
     <span class='ocr_line' id='line_1_26' title="bbox 173 2538 1525 2616; baseline 0.006 -25"><span class='ocrx_word' id='word_1_277' title='bbox 173 2538 296 2608; x_wconf 90' lang='lat' dir='ltr'><strong>duarum,</strong></span> <span class='ocrx_word' id='word_1_278' title='bbox 315 2538 554 2596; x_wconf 83' lang='lat' dir='ltr'><strong>cubiettetraedri</strong></span> <span class='ocrx_word' id='word_1_279' title='bbox 571 2542 642 2595; x_wconf 84' lang='lat' dir='ltr'><strong>inter</strong></span> <span class='ocrx_word' id='word_1_280' title='bbox 659 2539 807 2610; x_wconf 87' lang='lat' dir='ltr'><strong>primarias,</strong></span> <span class='ocrx_word' id='word_1_281' title='bbox 827 2539 861 2593; x_wconf 90' lang='lat' dir='ltr'><strong>de</strong></span> <span class='ocrx_word' id='word_1_282' title='bbox 880 2556 934 2610; x_wconf 92' lang='lat' dir='ltr'><strong>quo</strong></span> <span class='ocrx_word' id='word_1_283' title='bbox 952 2540 1013 2596; x_wconf 83' lang='lat' dir='ltr'><strong>ride</strong></span> <span class='ocrx_word' id='word_1_284' title='bbox 1031 2557 1092 2610; x_wconf 91' lang='lat' dir='ltr'><strong>cap.</strong></span> <span class='ocrx_word' id='word_1_285' title='bbox 1111 2545 1136 2610; x_wconf 87' lang='lat'><strong>1,</strong></span> <span class='ocrx_word' id='word_1_286' title='bbox 1155 2543 1194 2597; x_wconf 89' lang='lat' dir='ltr'><strong>sic</strong></span> <span class='ocrx_word' id='word_1_287' title='bbox 1213 2545 1295 2599; x_wconf 88' lang='lat' dir='ltr'><strong>etiam</strong></span> <span class='ocrx_word' id='word_1_288' title='bbox 1313 2546 1384 2600; x_wconf 90' lang='lat' dir='ltr'><strong>inter</strong></span> <span class='ocrx_word' id='word_1_289' title='bbox 1400 2543 1525 2616; x_wconf 89' lang='lat' dir='ltr'><strong>planetas</strong></span> 
     </span>
     <span class='ocr_line' id='line_1_27' title="bbox 172 2616 1507 2690; baseline 0.004 -18"><span class='ocrx_word' id='word_1_290' title='bbox 172 2616 313 2673; x_wconf 79' lang='lat' dir='ltr'><strong>huferiores</strong></span> <span class='ocrx_word' id='word_1_291' title='bbox 331 2634 401 2674; x_wconf 88' lang='lat' dir='ltr'><strong>unus</strong></span> <span class='ocrx_word' id='word_1_292' title='bbox 419 2618 570 2674; x_wconf 89' lang='lat' dir='ltr'><strong>Mercurius</strong></span> <span class='ocrx_word' id='word_1_293' title='bbox 590 2626 632 2672; x_wconf 85' lang='lat' dir='ltr'><strong>est</strong></span> <span class='ocrx_word' id='word_1_294' title='bbox 650 2617 710 2672; x_wconf 94' lang='lat' dir='ltr'><strong>loco</strong></span> <span class='ocrx_word' id='word_1_295' title='bbox 729 2617 844 2672; x_wconf 88' lang='lat' dir='ltr'><strong>duorum</strong></span> <span class='ocrx_word' id='word_1_296' title='bbox 863 2634 896 2672; x_wconf 88' lang='lat' dir='ltr'><strong>ex</strong></span> <span class='ocrx_word' id='word_1_297' title='bbox 916 2619 1108 2690; x_wconf 86' lang='lat' dir='ltr'><strong>superioribus,</strong></span> <span class='ocrx_word' id='word_1_298' title='bbox 1128 2622 1238 2678; x_wconf 82' lang='lat' dir='ltr'><strong>Saturni</strong></span> <span class='ocrx_word' id='word_1_299' title='bbox 1256 2624 1359 2680; x_wconf 87' lang='lat' dir='ltr'><strong>scilicet</strong></span> <span class='ocrx_word' id='word_1_300' title='bbox 1376 2632 1404 2678; x_wconf 89' lang='lat' dir='ltr'><strong>et</strong></span> <span class='ocrx_word' id='word_1_301' title='bbox 1422 2621 1507 2678; x_wconf 77' lang='lat' dir='ltr'><strong>lovis.</strong></span> 
     </span>
    </p>
   </div>
   <div class='ocr_carea' id='block_1_4' title="bbox 171 2704 1603 4673">
    <p class='ocr_par' dir='ltr' id='par_1_5' title="bbox 171 2704 1603 4673">
     <span class='ocr_line' id='line_1_28' title="bbox 260 2704 1603 2782; baseline 0.001 -21"><span class='ocrx_word' id='word_1_302' title='bbox 260 2705 367 2770; x_wconf 90' lang='lat' dir='ltr'><strong>Tertio,</strong></span> <span class='ocrx_word' id='word_1_303' title='bbox 395 2706 465 2760; x_wconf 91' lang='lat' dir='ltr'><strong>sicut</strong></span> <span class='ocrx_word' id='word_1_304' title='bbox 483 2705 616 2762; x_wconf 84' lang='lat' dir='ltr'><strong>Saturnus</strong></span> <span class='ocrx_word' id='word_1_305' title='bbox 635 2705 782 2761; x_wconf 88' lang='lat' dir='ltr'><strong>altissimus</strong></span> <span class='ocrx_word' id='word_1_306' title='bbox 808 2720 857 2775; x_wconf 89' lang='lat' dir='ltr'><strong>per</strong></span> <span class='ocrx_word' id='word_1_307' title='bbox 876 2704 980 2776; x_wconf 84' lang='lat' dir='ltr'><strong>aliquot</strong></span> <span class='ocrx_word' id='word_1_308' title='bbox 998 2705 1149 2778; x_wconf 86' lang='lat' dir='ltr'><strong>diapason,</strong></span> <span class='ocrx_word' id='word_1_309' title='bbox 1174 2709 1227 2765; x_wconf 90' lang='lat' dir='ltr'><strong>hoo</strong></span> <span class='ocrx_word' id='word_1_310' title='bbox 1245 2718 1287 2766; x_wconf 88' lang='lat' dir='ltr'><strong>est</strong></span> <span class='ocrx_word' id='word_1_311' title='bbox 1304 2712 1332 2767; x_wconf 93' lang='lat' dir='ltr'><strong>in</strong></span> <span class='ocrx_word' id='word_1_312' title='bbox 1349 2709 1526 2782; x_wconf 86' lang='lat' dir='ltr'><strong>proportione</strong></span> <span class='ocrx_word' id='word_1_313' title='bbox 1599 2713 1603 2728; x_wconf 82' lang='grc'><strong>“</strong></span> 
     </span>
     <span class='ocr_line' id='line_1_29' title="bbox 178 2783 1525 2861; baseline 0.005 -24"><span class='ocrx_word' id='word_1_314' title='bbox 178 2784 219 2854; x_wconf 75' lang='lat' dir='ltr'><strong>¹l„</strong></span> <span class='ocrx_word' id='word_1_315' title='bbox 238 2786 367 2842; x_wconf 86' lang='lat' dir='ltr'><strong>continue</strong></span> <span class='ocrx_word' id='word_1_316' title='bbox 386 2785 475 2856; x_wconf 86' lang='lat' dir='ltr'><strong>dupla,</strong></span> <span class='ocrx_word' id='word_1_317' title='bbox 495 2784 660 2841; x_wconf 83' lang='lat' dir='ltr'><strong>concordare</strong></span> <span class='ocrx_word' id='word_1_318' title='bbox 674 2783 768 2840; x_wconf 88' lang='lat' dir='ltr'><strong>debuit</strong></span> <span class='ocrx_word' id='word_1_319' title='bbox 786 2783 894 2853; x_wconf 86' lang='lat' dir='ltr'><strong>aphelio</strong></span> <span class='ocrx_word' id='word_1_320' title='bbox 913 2801 962 2839; x_wconf 83' lang='lat' dir='ltr'><strong>suo</strong></span> <span class='ocrx_word' id='word_1_321' title='bbox 975 2791 1059 2853; x_wconf 87' lang='lat' dir='ltr'><strong>motu,</strong></span> <span class='ocrx_word' id='word_1_322' title='bbox 1080 2803 1140 2842; x_wconf 90' lang='lat' dir='ltr'><strong>cum</strong></span> <span class='ocrx_word' id='word_1_323' title='bbox 1154 2786 1277 2857; x_wconf 87' lang='lat' dir='ltr'><strong>duorum,</strong></span> <span class='ocrx_word' id='word_1_324' title='bbox 1295 2790 1342 2861; x_wconf 90' lang='lat' dir='ltr'><strong>qni</strong></span> <span class='ocrx_word' id='word_1_325' title='bbox 1360 2804 1446 2860; x_wconf 75' lang='lat' dir='ltr'><strong>genus</strong></span> <span class='ocrx_word' id='word_1_326' title='bbox 1463 2787 1525 2843; x_wconf 85' lang='lat' dir='ltr'><strong>har-</strong></span> 
     </span>
     <span class='ocr_line' id='line_1_30' title="bbox 176 2865 1526 2939; baseline 0.001 -19"><span class='ocrx_word' id='word_1_327' title='bbox 176 2866 283 2921; x_wconf 87' lang='lat' dir='ltr'><strong>moniae</strong></span> <span class='ocrx_word' id='word_1_328' title='bbox 302 2875 419 2932; x_wconf 76' lang='lat' dir='ltr'><strong>mutam,</strong></span> <span class='ocrx_word' id='word_1_329' title='bbox 439 2866 542 2921; x_wconf 87' lang='lat' dir='ltr'><strong>altioris</strong></span> <span class='ocrx_word' id='word_1_330' title='bbox 561 2867 666 2936; x_wconf 83' lang='lat' dir='ltr'><strong>sibique</strong></span> <span class='ocrx_word' id='word_1_331' title='bbox 685 2865 819 2935; x_wconf 90' lang='lat' dir='ltr'><strong>propioris</strong></span> <span class='ocrx_word' id='word_1_332' title='bbox 837 2874 913 2919; x_wconf 91' lang='lat' dir='ltr'><strong>motu</strong></span> <span class='ocrx_word' id='word_1_333' title='bbox 932 2865 1012 2918; x_wconf 87' lang='lat' dir='ltr'><strong>etism</strong></span> <span class='ocrx_word' id='word_1_334' title='bbox 1033 2866 1156 2939; x_wconf 84' lang='lat' dir='ltr'><strong>aphelio,</strong></span> <span class='ocrx_word' id='word_1_335' title='bbox 1179 2885 1229 2938; x_wconf 90' lang='lat' dir='ltr'><strong>per</strong></span> <span class='ocrx_word' id='word_1_336' title='bbox 1246 2885 1324 2939; x_wconf 90' lang='lat' dir='ltr'><strong>prop.</strong></span> <span class='ocrx_word' id='word_1_337' title='bbox 1343 2870 1391 2936; x_wconf 81' lang='grc'><strong>31,</strong></span> <span class='ocrx_word' id='word_1_338' title='bbox 1410 2867 1449 2922; x_wconf 88' lang='lat' dir='ltr'><strong>sic</strong></span> <span class='ocrx_word' id='word_1_339' title='bbox 1467 2866 1526 2922; x_wconf 84' lang='lat' dir='ltr'><strong>rice</strong></span> 
     </span>
     <span class='ocr_line' id='line_1_31' title="bbox 174 2942 1525 3023; baseline 0.003 -27"><span class='ocrx_word' id='word_1_340' title='bbox 174 2960 252 2999; x_wconf 83' lang='lat' dir='ltr'><strong>verse</strong></span> <span class='ocrx_word' id='word_1_341' title='bbox 268 2944 420 3001; x_wconf 88' lang='lat' dir='ltr'><strong>Mercurius</strong></span> <span class='ocrx_word' id='word_1_342' title='bbox 444 2945 609 3000; x_wconf 90' lang='lat' dir='ltr'><strong>humillimus</strong></span> <span class='ocrx_word' id='word_1_343' title='bbox 635 2960 742 3001; x_wconf 89' lang='lat' dir='ltr'><strong>rursum</strong></span> <span class='ocrx_word' id='word_1_344' title='bbox 768 2958 817 3012; x_wconf 89' lang='lat' dir='ltr'><strong>per</strong></span> <span class='ocrx_word' id='word_1_345' title='bbox 844 2942 949 3012; x_wconf 88' lang='lat' dir='ltr'><strong>aliquot</strong></span> <span class='ocrx_word' id='word_1_346' title='bbox 976 2942 1127 3023; x_wconf 83' lang='lat' dir='ltr'><strong>diapason,</strong></span> <span class='ocrx_word' id='word_1_347' title='bbox 1158 2945 1185 2999; x_wconf 91' lang='lat' dir='ltr'><strong>h.</strong></span> <span class='ocrx_word' id='word_1_348' title='bbox 1205 2961 1227 3000; x_wconf 87' lang='lat' dir='ltr'><strong>e.</strong></span> <span class='ocrx_word' id='word_1_349' title='bbox 1246 2947 1274 3002; x_wconf 91' lang='lat' dir='ltr'><strong>in</strong></span> <span class='ocrx_word' id='word_1_350' title='bbox 1297 2944 1474 3021; x_wconf 87' lang='lat' dir='ltr'><strong>proportione</strong></span> <span class='ocrx_word' id='word_1_351' title='bbox 1495 2945 1525 3014; x_wconf 80' lang='lat' dir='ltr'><strong>¹l,</strong></span> 
     </span>
     <span class='ocr_line' id='line_1_32' title="bbox 175 3022 1525 3097; baseline 0.002 -20"><span class='ocrx_word' id='word_1_352' title='bbox 175 3023 255 3078; x_wconf 88' lang='lat' dir='ltr'><strong>etiarn</strong></span> <span class='ocrx_word' id='word_1_353' title='bbox 274 3023 401 3078; x_wconf 89' lang='lat' dir='ltr'><strong>continue</strong></span> <span class='ocrx_word' id='word_1_354' title='bbox 420 3024 511 3094; x_wconf 90' lang='lat' dir='ltr'><strong>dupla,</strong></span> <span class='ocrx_word' id='word_1_355' title='bbox 531 3024 695 3079; x_wconf 89' lang='lat' dir='ltr'><strong>concordare</strong></span> <span class='ocrx_word' id='word_1_356' title='bbox 714 3022 807 3078; x_wconf 88' lang='lat' dir='ltr'><strong>debuit</strong></span> <span class='ocrx_word' id='word_1_357' title='bbox 824 3023 956 3092; x_wconf 89' lang='lat' dir='ltr'><strong>perihelio</strong></span> <span class='ocrx_word' id='word_1_358' title='bbox 976 3039 1025 3077; x_wconf 88' lang='lat' dir='ltr'><strong>sno</strong></span> <span class='ocrx_word' id='word_1_359' title='bbox 1044 3030 1120 3079; x_wconf 88' lang='lat' dir='ltr'><strong>motu</strong></span> <span class='ocrx_word' id='word_1_360' title='bbox 1138 3040 1200 3080; x_wconf 87' lang='lat' dir='ltr'><strong>eum</strong></span> <span class='ocrx_word' id='word_1_361' title='bbox 1219 3026 1348 3095; x_wconf 89' lang='lat' dir='ltr'><strong>duorum,</strong></span> <span class='ocrx_word' id='word_1_362' title='bbox 1376 3026 1421 3095; x_wconf 89' lang='lat' dir='ltr'><strong>qui</strong></span> <span class='ocrx_word' id='word_1_363' title='bbox 1439 3041 1525 3097; x_wconf 75' lang='lat' dir='ltr'><strong>genus</strong></span> 
     </span>
     <span class='ocr_line' id='line_1_33' title="bbox 174 3101 1526 3175; baseline 0.004 -19"><span class='ocrx_word' id='word_1_364' title='bbox 174 3103 331 3158; x_wconf 88' lang='lat' dir='ltr'><strong>harmoniae</strong></span> <span class='ocrx_word' id='word_1_365' title='bbox 349 3110 472 3168; x_wconf 86' lang='lat' dir='ltr'><strong>mutant,</strong></span> <span class='ocrx_word' id='word_1_366' title='bbox 500 3103 635 3159; x_wconf 84' lang='lat' dir='ltr'><strong>inferioris</strong></span> <span class='ocrx_word' id='word_1_367' title='bbox 655 3102 761 3172; x_wconf 89' lang='lat' dir='ltr'><strong>sibique</strong></span> <span class='ocrx_word' id='word_1_368' title='bbox 779 3102 903 3159; x_wconf 88' lang='lat' dir='ltr'><strong>similiter</strong></span> <span class='ocrx_word' id='word_1_369' title='bbox 928 3101 1063 3172; x_wconf 88' lang='lat' dir='ltr'><strong>propioris</strong></span> <span class='ocrx_word' id='word_1_370' title='bbox 1081 3113 1157 3159; x_wconf 89' lang='lat' dir='ltr'><strong>motu</strong></span> <span class='ocrx_word' id='word_1_371' title='bbox 1183 3105 1323 3175; x_wconf 87' lang='lat' dir='ltr'><strong>perihelio.</strong></span> <span class='ocrx_word' id='word_1_372' title='bbox 1360 3106 1463 3174; x_wconf 79' lang='lat' dir='ltr'><strong>Quarto</strong></span> <span class='ocrx_word' id='word_1_373' title='bbox 1482 3122 1526 3162; x_wconf 89' lang='lat' dir='ltr'><strong>su·</strong></span> 
     </span>
     <span class='ocr_line' id='line_1_34' title="bbox 175 3181 1525 3253; baseline 0.004 -20"><span class='ocrx_word' id='word_1_374' title='bbox 175 3181 311 3250; x_wconf 84' lang='lat' dir='ltr'><strong>periurum</strong></span> <span class='ocrx_word' id='word_1_375' title='bbox 328 3182 410 3236; x_wconf 88' lang='lat' dir='ltr'><strong>trium</strong></span> <span class='ocrx_word' id='word_1_376' title='bbox 429 3181 570 3251; x_wconf 87' lang='lat' dir='ltr'><strong>Saturnus,</strong></span> <span class='ocrx_word' id='word_1_377' title='bbox 588 3183 705 3252; x_wconf 83' lang='lat' dir='ltr'><strong>Jupiter,</strong></span> <span class='ocrx_word' id='word_1_378' title='bbox 724 3183 799 3237; x_wconf 86' lang='lat' dir='ltr'><strong>Mure</strong></span> <span class='ocrx_word' id='word_1_379' title='bbox 817 3182 916 3250; x_wconf 77' lang='lat' dir='ltr'><strong>singull</strong></span> <span class='ocrx_word' id='word_1_380' title='bbox 934 3189 1040 3239; x_wconf 88' lang='lat' dir='ltr'><strong>tantum</strong></span> <span class='ocrx_word' id='word_1_381' title='bbox 1058 3181 1172 3238; x_wconf 86' lang='lat' dir='ltr'><strong>extremi</strong></span> <span class='ocrx_word' id='word_1_382' title='bbox 1191 3184 1349 3253; x_wconf 87' lang='lat' dir='ltr'><strong>conspirant</strong></span> <span class='ocrx_word' id='word_1_383' title='bbox 1367 3184 1402 3241; x_wconf 90' lang='lat' dir='ltr'><strong>ad</strong></span> <span class='ocrx_word' id='word_1_384' title='bbox 1419 3184 1525 3240; x_wconf 90' lang='lat' dir='ltr'><strong>harmo-</strong></span> 
     </span>
     <span class='ocr_line' id='line_1_35' title="bbox 175 3258 1525 3334; baseline 0.003 -21"><span class='ocrx_word' id='word_1_385' title='bbox 175 3260 231 3313; x_wconf 80' lang='lat' dir='ltr'><strong>nias</strong></span> <span class='ocrx_word' id='word_1_386' title='bbox 251 3258 434 3328; x_wconf 82' lang='lat' dir='ltr'><strong>uniuersales,</strong></span> <span class='ocrx_word' id='word_1_387' title='bbox 460 3259 594 3318; x_wconf 77' lang='lat' dir='ltr'><strong>inferioris</strong></span> <span class='ocrx_word' id='word_1_388' title='bbox 612 3260 694 3329; x_wconf 76' lang='lat' dir='ltr'><strong>igitur</strong></span> <span class='ocrx_word' id='word_1_389' title='bbox 711 3269 739 3315; x_wconf 90' lang='lat' dir='ltr'><strong>et</strong></span> <span class='ocrx_word' id='word_1_390' title='bbox 758 3260 845 3318; x_wconf 84' lang='lat' dir='ltr'><strong>urrici.</strong></span> <span class='ocrx_word' id='word_1_391' title='bbox 867 3261 995 3317; x_wconf 79' lang='lat' dir='ltr'><strong>Mercurii</strong></span> <span class='ocrx_word' id='word_1_392' title='bbox 1014 3277 1052 3318; x_wconf 89' lang='lat' dir='ltr'><strong>ec.</strong></span> <span class='ocrx_word' id='word_1_393' title='bbox 1073 3262 1153 3317; x_wconf 89' lang='lat' dir='ltr'><strong>ambo</strong></span> <span class='ocrx_word' id='word_1_394' title='bbox 1172 3265 1286 3318; x_wconf 84' lang='lat' dir='ltr'><strong>extremi</strong></span> <span class='ocrx_word' id='word_1_395' title='bbox 1304 3264 1462 3334; x_wconf 87' lang='lat' dir='ltr'><strong>conspirare</strong></span> <span class='ocrx_word' id='word_1_396' title='bbox 1480 3261 1525 3317; x_wconf 89' lang='lat' dir='ltr'><strong>de-</strong></span> 
     </span>
     <span class='ocr_line' id='line_1_36' title="bbox 175 3338 1526 3409; baseline 0.004 -16"><span class='ocrx_word' id='word_1_397' title='bbox 175 3339 293 3394; x_wconf 89' lang='lat' dir='ltr'><strong>buerunt</strong></span> <span class='ocrx_word' id='word_1_398' title='bbox 304 3338 339 3392; x_wconf 91' lang='lat' dir='ltr'><strong>ad</strong></span> <span class='ocrx_word' id='word_1_399' title='bbox 352 3338 471 3394; x_wconf 87' lang='lat' dir='ltr'><strong>easdem:</strong></span> <span class='ocrx_word' id='word_1_400' title='bbox 489 3355 550 3393; x_wconf 89' lang='lat' dir='ltr'><strong>nam</strong></span> <span class='ocrx_word' id='word_1_401' title='bbox 563 3341 653 3409; x_wconf 89' lang='lat' dir='ltr'><strong>medii,</strong></span> <span class='ocrx_word' id='word_1_402' title='bbox 671 3338 764 3395; x_wconf 86' lang='lat' dir='ltr'><strong>Tellus</strong></span> <span class='ocrx_word' id='word_1_403' title='bbox 777 3346 805 3393; x_wconf 91' lang='lat' dir='ltr'><strong>et</strong></span> <span class='ocrx_word' id='word_1_404' title='bbox 817 3338 918 3409; x_wconf 85' lang='lat' dir='ltr'><strong>Venus,</strong></span> <span class='ocrx_word' id='word_1_405' title='bbox 936 3355 1023 3408; x_wconf 79' lang='lat' dir='ltr'><strong>genus</strong></span> <span class='ocrx_word' id='word_1_406' title='bbox 1035 3339 1236 3395; x_wconf 88' lang='lat' dir='ltr'><strong>harmoniarum</strong></span> <span class='ocrx_word' id='word_1_407' title='bbox 1249 3349 1354 3397; x_wconf 90' lang='lat' dir='ltr'><strong>mutare</strong></span> <span class='ocrx_word' id='word_1_408' title='bbox 1366 3342 1526 3408; x_wconf 86' lang='lat' dir='ltr'><strong>debuerunt,</strong></span> 
     </span>
     <span class='ocr_line' id='line_1_37' title="bbox 175 3417 1525 3493; baseline 0.007 -23"><span class='ocrx_word' id='word_1_409' title='bbox 175 3433 223 3487; x_wconf 86' lang='lat' dir='ltr'><strong>per</strong></span> <span class='ocrx_word' id='word_1_410' title='bbox 240 3433 319 3488; x_wconf 89' lang='lat' dir='ltr'><strong>prop.</strong></span> <span class='ocrx_word' id='word_1_411' title='bbox 336 3417 377 3485; x_wconf 77' lang='lat'><strong>33,</strong></span> <span class='ocrx_word' id='word_1_412' title='bbox 397 3418 441 3473; x_wconf 74' lang='lat' dir='ltr'><strong>tl.</strong></span> <span class='ocrx_word' id='word_1_413' title='bbox 474 3417 598 3488; x_wconf 86' lang='lat' dir='ltr'><strong>Denique</strong></span> <span class='ocrx_word' id='word_1_414' title='bbox 616 3420 644 3474; x_wconf 90' lang='lat' dir='ltr'><strong>in</strong></span> <span class='ocrx_word' id='word_1_415' title='bbox 662 3420 732 3490; x_wconf 85' lang='lat' dir='ltr'><strong>bigis</strong></span> <span class='ocrx_word' id='word_1_416' title='bbox 759 3418 845 3474; x_wconf 83' lang='lat' dir='ltr'><strong>tribus</strong></span> <span class='ocrx_word' id='word_1_417' title='bbox 864 3419 1034 3489; x_wconf 84' lang='lat' dir='ltr'><strong>superiorum</strong></span> <span class='ocrx_word' id='word_1_418' title='bbox 1062 3420 1186 3474; x_wconf 86' lang='lat' dir='ltr'><strong>inventae</strong></span> <span class='ocrx_word' id='word_1_419' title='bbox 1209 3427 1274 3475; x_wconf 84' lang='lat' dir='ltr'><strong>sunt</strong></span> <span class='ocrx_word' id='word_1_420' title='bbox 1291 3418 1448 3487; x_wconf 79' lang='lat' dir='ltr'><strong>harmoniae</strong></span> <span class='ocrx_word' id='word_1_421' title='bbox 1465 3439 1525 3493; x_wconf 93' lang='lat' dir='ltr'><strong>per·</strong></span> 
     </span>
     <span class='ocr_line' id='line_1_38' title="bbox 176 3495 1526 3570; baseline 0.005 -20"><span class='ocrx_word' id='word_1_422' title='bbox 176 3495 264 3551; x_wconf 80' lang='lat' dir='ltr'><strong>tectae</strong></span> <span class='ocrx_word' id='word_1_423' title='bbox 278 3496 350 3551; x_wconf 87' lang='lat' dir='ltr'><strong>inter</strong></span> <span class='ocrx_word' id='word_1_424' title='bbox 368 3505 559 3567; x_wconf 74' lang='lat' dir='ltr'><strong>contengentes</strong></span> <span class='ocrx_word' id='word_1_425' title='bbox 578 3505 685 3563; x_wconf 89' lang='lat' dir='ltr'><strong>motus,</strong></span> <span class='ocrx_word' id='word_1_426' title='bbox 714 3495 894 3551; x_wconf 76' lang='lat' dir='ltr'><strong>fermentatae</strong></span> <span class='ocrx_word' id='word_1_427' title='bbox 912 3511 975 3551; x_wconf 84' lang='lat' dir='ltr'><strong>sero</strong></span> <span class='ocrx_word' id='word_1_428' title='bbox 1001 3497 1073 3551; x_wconf 88' lang='lat' dir='ltr'><strong>inter</strong></span> <span class='ocrx_word' id='word_1_429' title='bbox 1091 3497 1261 3566; x_wconf 76' lang='lat' dir='ltr'><strong>diuerpentes</strong></span> <span class='ocrx_word' id='word_1_430' title='bbox 1280 3508 1309 3555; x_wconf 92' lang='lat' dir='ltr'><strong>et</strong></span> <span class='ocrx_word' id='word_1_431' title='bbox 1325 3501 1453 3570; x_wconf 86' lang='lat' dir='ltr'><strong>propriae</strong></span> <span class='ocrx_word' id='word_1_432' title='bbox 1471 3501 1526 3557; x_wconf 90' lang='lat' dir='ltr'><strong>sin·</strong></span> 
     </span>
     <span class='ocr_line' id='line_1_39' title="bbox 176 3574 1526 3650; baseline 0.004 -23"><span class='ocrx_word' id='word_1_433' title='bbox 176 3574 313 3645; x_wconf 77' lang='lat' dir='ltr'><strong>gaiorum:</strong></span> <span class='ocrx_word' id='word_1_434' title='bbox 340 3575 368 3631; x_wconf 90' lang='lat' dir='ltr'><strong>in</strong></span> <span class='ocrx_word' id='word_1_435' title='bbox 385 3574 455 3646; x_wconf 81' lang='lat' dir='ltr'><strong>bigis</strong></span> <span class='ocrx_word' id='word_1_436' title='bbox 473 3575 557 3646; x_wconf 78' lang='lat' dir='ltr'><strong>igitur</strong></span> <span class='ocrx_word' id='word_1_437' title='bbox 574 3576 678 3632; x_wconf 89' lang='lat' dir='ltr'><strong>duabus</strong></span> <span class='ocrx_word' id='word_1_438' title='bbox 696 3574 852 3631; x_wconf 75' lang='lat' dir='ltr'><strong>interiorum</strong></span> <span class='ocrx_word' id='word_1_439' title='bbox 869 3575 928 3629; x_wconf 85' lang='lat' dir='ltr'><strong>rice</strong></span> <span class='ocrx_word' id='word_1_440' title='bbox 945 3591 1025 3630; x_wconf 83' lang='lat' dir='ltr'><strong>versa</strong></span> <span class='ocrx_word' id='word_1_441' title='bbox 1042 3591 1097 3631; x_wconf 91' lang='lat' dir='ltr'><strong>non</strong></span> <span class='ocrx_word' id='word_1_442' title='bbox 1115 3577 1186 3631; x_wconf 87' lang='lat' dir='ltr'><strong>inter</strong></span> <span class='ocrx_word' id='word_1_443' title='bbox 1203 3584 1399 3647; x_wconf 74' lang='lat' dir='ltr'><strong>conserpentes</strong></span> <span class='ocrx_word' id='word_1_444' title='bbox 1416 3579 1526 3650; x_wconf 88' lang='lat' dir='ltr'><strong>potissi·</strong></span> 
     </span>
     <span class='ocr_line' id='line_1_40' title="bbox 177 3652 1526 3725; baseline 0.006 -20"><span class='ocrx_word' id='word_1_445' title='bbox 177 3669 265 3721; x_wconf 85' lang='lat' dir='ltr'><strong>num,</strong></span> <span class='ocrx_word' id='word_1_446' title='bbox 293 3668 343 3709; x_wconf 88' lang='lat' dir='ltr'><strong>nec</strong></span> <span class='ocrx_word' id='word_1_447' title='bbox 362 3655 431 3709; x_wconf 88' lang='lat' dir='ltr'><strong>iuter</strong></span> <span class='ocrx_word' id='word_1_448' title='bbox 449 3654 635 3721; x_wconf 75' lang='lat' dir='ltr'><strong>diverpentes,</strong></span> <span class='ocrx_word' id='word_1_449' title='bbox 662 3656 709 3710; x_wconf 90' lang='lat' dir='ltr'><strong>scd</strong></span> <span class='ocrx_word' id='word_1_450' title='bbox 736 3655 807 3709; x_wconf 89' lang='lat' dir='ltr'><strong>inter</strong></span> <span class='ocrx_word' id='word_1_451' title='bbox 833 3652 956 3721; x_wconf 87' lang='lat' dir='ltr'><strong>ejusdem</strong></span> <span class='ocrx_word' id='word_1_452' title='bbox 983 3653 1081 3725; x_wconf 77' lang='lat' dir='ltr'><strong>plegae</strong></span> <span class='ocrx_word' id='word_1_453' title='bbox 1099 3662 1189 3708; x_wconf 90' lang='lat' dir='ltr'><strong>motus</strong></span> <span class='ocrx_word' id='word_1_454' title='bbox 1211 3655 1349 3724; x_wconf 81' lang='lat' dir='ltr'><strong>perfectae</strong></span> <span class='ocrx_word' id='word_1_455' title='bbox 1367 3657 1526 3715; x_wconf 81' lang='lat' dir='ltr'><strong>hermoniae</strong></span> 
     </span>
     <span class='ocr_line' id='line_1_41' title="bbox 179 3730 1526 3807; baseline 0.007 -23"><span class='ocrx_word' id='word_1_456' title='bbox 179 3730 290 3800; x_wconf 90' lang='lat' dir='ltr'><strong>reperiri</strong></span> <span class='ocrx_word' id='word_1_457' title='bbox 318 3730 478 3788; x_wconf 86' lang='lat' dir='ltr'><strong>debuerunt.</strong></span> <span class='ocrx_word' id='word_1_458' title='bbox 523 3735 561 3789; x_wconf 86' lang='lat' dir='ltr'><strong>Et</strong></span> <span class='ocrx_word' id='word_1_459' title='bbox 588 3735 651 3803; x_wconf 90' lang='lat' dir='ltr'><strong>qnia</strong></span> <span class='ocrx_word' id='word_1_460' title='bbox 674 3731 776 3788; x_wconf 90' lang='lat' dir='ltr'><strong>Telluri</strong></span> <span class='ocrx_word' id='word_1_461' title='bbox 803 3738 830 3787; x_wconf 91' lang='lat' dir='ltr'><strong>et</strong></span> <span class='ocrx_word' id='word_1_462' title='bbox 857 3730 955 3786; x_wconf 87' lang='lat' dir='ltr'><strong>Veneri</strong></span> <span class='ocrx_word' id='word_1_463' title='bbox 980 3732 1049 3787; x_wconf 87' lang='lat' dir='ltr'><strong>duee</strong></span> <span class='ocrx_word' id='word_1_464' title='bbox 1074 3733 1212 3801; x_wconf 82' lang='lat' dir='ltr'><strong>perlectae</strong></span> <span class='ocrx_word' id='word_1_465' title='bbox 1238 3733 1417 3806; x_wconf 88' lang='lat' dir='ltr'><strong>debebantur,</strong></span> <span class='ocrx_word' id='word_1_466' title='bbox 1441 3753 1526 3807; x_wconf 89' lang='lat' dir='ltr'><strong>quare</strong></span> 
     </span>
     <span class='ocr_line' id='line_1_42' title="bbox 176 3808 1526 3883; baseline 0.005 -20"><span class='ocrx_word' id='word_1_467' title='bbox 176 3809 256 3864; x_wconf 89' lang='lat' dir='ltr'><strong>etiam</strong></span> <span class='ocrx_word' id='word_1_468' title='bbox 274 3809 373 3865; x_wconf 86' lang='lat' dir='ltr'><strong>Veneri</strong></span> <span class='ocrx_word' id='word_1_469' title='bbox 393 3817 421 3865; x_wconf 89' lang='lat' dir='ltr'><strong>et</strong></span> <span class='ocrx_word' id='word_1_470' title='bbox 437 3811 573 3867; x_wconf 90' lang='lat' dir='ltr'><strong>Mercurio</strong></span> <span class='ocrx_word' id='word_1_471' title='bbox 592 3812 662 3867; x_wconf 86' lang='lat' dir='ltr'><strong>dhae</strong></span> <span class='ocrx_word' id='word_1_472' title='bbox 688 3810 858 3866; x_wconf 86' lang='lat' dir='ltr'><strong>debebantur</strong></span> <span class='ocrx_word' id='word_1_473' title='bbox 869 3811 1022 3883; x_wconf 85' lang='lat' dir='ltr'><strong>perfectae.</strong></span> <span class='ocrx_word' id='word_1_474' title='bbox 1059 3811 1097 3865; x_wconf 85' lang='lat' dir='ltr'><strong>Et</strong></span> <span class='ocrx_word' id='word_1_475' title='bbox 1113 3808 1153 3865; x_wconf 91' lang='lat' dir='ltr'><strong>illi</strong></span> <span class='ocrx_word' id='word_1_476' title='bbox 1172 3811 1281 3881; x_wconf 88' lang='lat' dir='ltr'><strong>quidem</strong></span> <span class='ocrx_word' id='word_1_477' title='bbox 1300 3812 1354 3869; x_wconf 90' lang='lat' dir='ltr'><strong>duo</strong></span> <span class='ocrx_word' id='word_1_478' title='bbox 1381 3821 1437 3870; x_wconf 89' lang='lat' dir='ltr'><strong>tarn</strong></span> <span class='ocrx_word' id='word_1_479' title='bbox 1455 3815 1526 3870; x_wconf 90' lang='lat' dir='ltr'><strong>inter</strong></span> 
     </span>
     <span class='ocr_line' id='line_1_43' title="bbox 176 3888 1525 3963; baseline 0.008 -23"><span class='ocrx_word' id='word_1_480' title='bbox 176 3888 298 3956; x_wconf 88' lang='lat' dir='ltr'><strong>aphelios</strong></span> <span class='ocrx_word' id='word_1_481' title='bbox 316 3889 465 3959; x_wconf 80' lang='lat' dir='ltr'><strong>perlectam</strong></span> <span class='ocrx_word' id='word_1_482' title='bbox 483 3892 573 3946; x_wconf 89' lang='lat' dir='ltr'><strong>sortiri</strong></span> <span class='ocrx_word' id='word_1_483' title='bbox 591 3890 760 3960; x_wconf 86' lang='lat' dir='ltr'><strong>debuerunt,</strong></span> <span class='ocrx_word' id='word_1_484' title='bbox 788 3906 870 3961; x_wconf 90' lang='lat' dir='ltr'><strong>quam</strong></span> <span class='ocrx_word' id='word_1_485' title='bbox 887 3891 959 3945; x_wconf 89' lang='lat' dir='ltr'><strong>inter</strong></span> <span class='ocrx_word' id='word_1_486' title='bbox 983 3889 1148 3961; x_wconf 89' lang='lat' dir='ltr'><strong>perihelios,</strong></span> <span class='ocrx_word' id='word_1_487' title='bbox 1177 3892 1240 3961; x_wconf 91' lang='lat' dir='ltr'><strong>quia</strong></span> <span class='ocrx_word' id='word_1_488' title='bbox 1264 3908 1351 3963; x_wconf 78' lang='lat' dir='ltr'><strong>genus</strong></span> <span class='ocrx_word' id='word_1_489' title='bbox 1368 3895 1525 3951; x_wconf 86' lang='lat' dir='ltr'><strong>harmoniae</strong></span> 
     </span>
     <span class='ocr_line' id='line_1_44' title="bbox 175 3966 1524 4043; baseline 0.007 -23"><span class='ocrx_word' id='word_1_490' title='bbox 175 3973 280 4022; x_wconf 84' lang='lat' dir='ltr'><strong>mutare</strong></span> <span class='ocrx_word' id='word_1_491' title='bbox 298 3966 461 4022; x_wconf 85' lang='lat' dir='ltr'><strong>debuerunt:</strong></span> <span class='ocrx_word' id='word_1_492' title='bbox 488 3968 580 4026; x_wconf 83' lang='lat' dir='ltr'><strong>Venus</strong></span> <span class='ocrx_word' id='word_1_493' title='bbox 597 3986 661 4025; x_wconf 82' lang='lat' dir='ltr'><strong>vcro</strong></span> <span class='ocrx_word' id='word_1_494' title='bbox 681 3978 709 4025; x_wconf 91' lang='lat' dir='ltr'><strong>et</strong></span> <span class='ocrx_word' id='word_1_495' title='bbox 726 3969 888 4038; x_wconf 90' lang='lat' dir='ltr'><strong>Mercurius,</strong></span> <span class='ocrx_word' id='word_1_496' title='bbox 907 3974 1003 4038; x_wconf 90' lang='lat' dir='ltr'><strong>utpote</strong></span> <span class='ocrx_word' id='word_1_497' title='bbox 1021 3984 1107 4038; x_wconf 78' lang='lat' dir='ltr'><strong>genus</strong></span> <span class='ocrx_word' id='word_1_498' title='bbox 1131 3969 1289 4026; x_wconf 87' lang='lat' dir='ltr'><strong>harmoniae</strong></span> <span class='ocrx_word' id='word_1_499' title='bbox 1307 3988 1360 4027; x_wconf 93' lang='lat' dir='ltr'><strong>non</strong></span> <span class='ocrx_word' id='word_1_500' title='bbox 1379 3979 1524 4043; x_wconf 90' lang='lat' dir='ltr'><strong>mutantes,</strong></span> 
     </span>
     <span class='ocr_line' id='line_1_45' title="bbox 175 4046 1525 4122; baseline 0.007 -23"><span class='ocrx_word' id='word_1_501' title='bbox 175 4061 230 4101; x_wconf 62' lang='lat' dir='ltr'><strong>nou,</strong></span> <span class='ocrx_word' id='word_1_502' title='bbox 248 4046 329 4101; x_wconf 86' lang='lat' dir='ltr'><strong>etiarn</strong></span> <span class='ocrx_word' id='word_1_503' title='bbox 347 4046 521 4116; x_wconf 84' lang='lat' dir='ltr'><strong>requirebant</strong></span> <span class='ocrx_word' id='word_1_504' title='bbox 537 4047 674 4118; x_wconf 82' lang='lat' dir='ltr'><strong>perfectas</strong></span> <span class='ocrx_word' id='word_1_505' title='bbox 692 4048 763 4102; x_wconf 92' lang='lat' dir='ltr'><strong>inter</strong></span> <span class='ocrx_word' id='word_1_506' title='bbox 781 4055 924 4116; x_wconf 88' lang='lat' dir='ltr'><strong>utramque</strong></span> <span class='ocrx_word' id='word_1_507' title='bbox 943 4047 1042 4117; x_wconf 81' lang='lat' dir='ltr'><strong>bigam,</strong></span> <span class='ocrx_word' id='word_1_508' title='bbox 1061 4056 1116 4103; x_wconf 88' lang='lat' dir='ltr'><strong>tam</strong></span> <span class='ocrx_word' id='word_1_509' title='bbox 1134 4048 1303 4119; x_wconf 86' lang='lat' dir='ltr'><strong>aphelioruni</strong></span> <span class='ocrx_word' id='word_1_510' title='bbox 1322 4067 1402 4120; x_wconf 86' lang='lat' dir='ltr'><strong>quani</strong></span> <span class='ocrx_word' id='word_1_511' title='bbox 1419 4053 1525 4122; x_wconf 85' lang='lat' dir='ltr'><strong>perihe-</strong></span> 
     </span>
     <span class='ocr_line' id='line_1_46' title="bbox 174 4123 1525 4197; baseline 0.007 -20"><span class='ocrx_word' id='word_1_512' title='bbox 174 4123 272 4178; x_wconf 89' lang='lat' dir='ltr'><strong>liorum</strong></span> <span class='ocrx_word' id='word_1_513' title='bbox 289 4132 423 4192; x_wconf 87' lang='lat' dir='ltr'><strong>motuum,</strong></span> <span class='ocrx_word' id='word_1_514' title='bbox 442 4125 490 4180; x_wconf 89' lang='lat' dir='ltr'><strong>sed</strong></span> <span class='ocrx_word' id='word_1_515' title='bbox 508 4128 639 4183; x_wconf 83' lang='lat' dir='ltr'><strong>successit</strong></span> <span class='ocrx_word' id='word_1_516' title='bbox 657 4142 706 4195; x_wconf 92' lang='lat' dir='ltr'><strong>pro</strong></span> <span class='ocrx_word' id='word_1_517' title='bbox 726 4125 867 4181; x_wconf 86' lang='lat' dir='ltr'><strong>harmonia</strong></span> <span class='ocrx_word' id='word_1_518' title='bbox 885 4124 1008 4196; x_wconf 85' lang='lat' dir='ltr'><strong>perfecte</strong></span> <span class='ocrx_word' id='word_1_519' title='bbox 1026 4125 1208 4196; x_wconf 81' lang='lat' dir='ltr'><strong>epheborum,</strong></span> <span class='ocrx_word' id='word_1_520' title='bbox 1227 4135 1258 4182; x_wconf 93' lang='lat' dir='ltr'><strong>ut</strong></span> <span class='ocrx_word' id='word_1_521' title='bbox 1277 4144 1348 4197; x_wconf 90' lang='lat' dir='ltr'><strong>quae</strong></span> <span class='ocrx_word' id='word_1_522' title='bbox 1365 4130 1525 4187; x_wconf 76' lang='lat' dir='ltr'><strong>fermentata</strong></span> 
     </span>
     <span class='ocr_line' id='line_1_47' title="bbox 171 4202 1525 4279; baseline 0.006 -23"><span class='ocrx_word' id='word_1_523' title='bbox 171 4203 228 4271; x_wconf 85' lang='lat' dir='ltr'><strong>jam</strong></span> <span class='ocrx_word' id='word_1_524' title='bbox 245 4202 305 4273; x_wconf 81' lang='lat' dir='ltr'><strong>init,</strong></span> <span class='ocrx_word' id='word_1_525' title='bbox 324 4202 464 4259; x_wconf 87' lang='lat' dir='ltr'><strong>harmonia</strong></span> <span class='ocrx_word' id='word_1_526' title='bbox 480 4205 601 4276; x_wconf 85' lang='lat' dir='ltr'><strong>perfecta</strong></span> <span class='ocrx_word' id='word_1_527' title='bbox 619 4204 851 4273; x_wconf 76' lang='lat' dir='ltr'><strong>consurgentium,</strong></span> <span class='ocrx_word' id='word_1_528' title='bbox 879 4210 910 4260; x_wconf 91' lang='lat' dir='ltr'><strong>nt</strong></span> <span class='ocrx_word' id='word_1_529' title='bbox 929 4204 1000 4260; x_wconf 91' lang='lat' dir='ltr'><strong>sicut</strong></span> <span class='ocrx_word' id='word_1_530' title='bbox 1017 4205 1119 4274; x_wconf 85' lang='lat' dir='ltr'><strong>Venus,</strong></span> <span class='ocrx_word' id='word_1_531' title='bbox 1138 4204 1294 4261; x_wconf 83' lang='lat' dir='ltr'><strong>inferiorum</strong></span> <span class='ocrx_word' id='word_1_532' title='bbox 1313 4209 1444 4279; x_wconf 88' lang='lat' dir='ltr'><strong>superior,</strong></span> <span class='ocrx_word' id='word_1_533' title='bbox 1462 4225 1525 4279; x_wconf 89' lang='lat' dir='ltr'><strong>pro·</strong></span> 
     </span>
     <span class='ocr_line' id='line_1_48' title="bbox 174 4283 1524 4356; baseline 0.005 -19"><span class='ocrx_word' id='word_1_534' title='bbox 174 4284 260 4353; x_wconf 89' lang='lat' dir='ltr'><strong>priam</strong></span> <span class='ocrx_word' id='word_1_535' title='bbox 278 4288 400 4338; x_wconf 90' lang='lat' dir='ltr'><strong>motuum</strong></span> <span class='ocrx_word' id='word_1_536' title='bbox 417 4284 620 4355; x_wconf 88' lang='lat' dir='ltr'><strong>proportionem</strong></span> <span class='ocrx_word' id='word_1_537' title='bbox 637 4283 872 4354; x_wconf 72' lang='lat' dir='ltr'><strong>relaturorum</strong></span> <span class='ocrx_word' id='word_1_538' title='bbox 891 4284 1026 4354; x_wconf 89' lang='lat' dir='ltr'><strong>omniurn,</strong></span> <span class='ocrx_word' id='word_1_539' title='bbox 1053 4300 1103 4354; x_wconf 91' lang='lat' dir='ltr'><strong>per</strong></span> <span class='ocrx_word' id='word_1_540' title='bbox 1120 4301 1196 4356; x_wconf 91' lang='lat' dir='ltr'><strong>prop.</strong></span> <span class='ocrx_word' id='word_1_541' title='bbox 1216 4285 1267 4355; x_wconf 85' lang='grc'><strong>28,</strong></span> <span class='ocrx_word' id='word_1_542' title='bbox 1295 4288 1464 4356; x_wconf 90' lang='lat' dir='ltr'><strong>Mercurius,</strong></span> <span class='ocrx_word' id='word_1_543' title='bbox 1481 4288 1524 4344; x_wconf 91' lang='lat' dir='ltr'><strong>in·</strong></span> 
     </span>
     <span class='ocr_line' id='line_1_49' title="bbox 174 4361 1523 4437; baseline 0.007 -22"><span class='ocrx_word' id='word_1_544' title='bbox 174 4361 303 4417; x_wconf 84' lang='lat' dir='ltr'><strong>feriarum</strong></span> <span class='ocrx_word' id='word_1_545' title='bbox 321 4361 440 4433; x_wconf 82' lang='lat' dir='ltr'><strong>inferior,</strong></span> <span class='ocrx_word' id='word_1_546' title='bbox 458 4365 660 4436; x_wconf 86' lang='lat' dir='ltr'><strong>proportionem</strong></span> <span class='ocrx_word' id='word_1_547' title='bbox 677 4362 814 4435; x_wconf 91' lang='lat' dir='ltr'><strong>propriam</strong></span> <span class='ocrx_word' id='word_1_548' title='bbox 831 4362 976 4418; x_wconf 83' lang='lat' dir='ltr'><strong>maximam</strong></span> <span class='ocrx_word' id='word_1_549' title='bbox 988 4365 1105 4419; x_wconf 89' lang='lat' dir='ltr'><strong>omnium</strong></span> <span class='ocrx_word' id='word_1_550' title='bbox 1125 4364 1237 4419; x_wconf 90' lang='lat' dir='ltr'><strong>sortitus</strong></span> <span class='ocrx_word' id='word_1_551' title='bbox 1256 4371 1307 4433; x_wconf 90' lang='lat' dir='ltr'><strong>est,</strong></span> <span class='ocrx_word' id='word_1_552' title='bbox 1324 4381 1374 4436; x_wconf 88' lang='lat' dir='ltr'><strong>per</strong></span> <span class='ocrx_word' id='word_1_553' title='bbox 1385 4383 1462 4437; x_wconf 86' lang='lat' dir='ltr'><strong>prop.</strong></span> <span class='ocrx_word' id='word_1_554' title='bbox 1476 4367 1523 4437; x_wconf 83' lang='lat'><strong>30,</strong></span> 
     </span>
     <span class='ocr_line' id='line_1_50' title="bbox 176 4440 1524 4514; baseline 0.004 -18"><span class='ocrx_word' id='word_1_555' title='bbox 176 4442 214 4497; x_wconf 90' lang='lat' dir='ltr'><strong>sic</strong></span> <span class='ocrx_word' id='word_1_556' title='bbox 232 4443 314 4497; x_wconf 88' lang='lat' dir='ltr'><strong>etiam</strong></span> <span class='ocrx_word' id='word_1_557' title='bbox 331 4442 441 4512; x_wconf 89' lang='lat' dir='ltr'><strong>propria</strong></span> <span class='ocrx_word' id='word_1_558' title='bbox 457 4443 571 4499; x_wconf 88' lang='lat' dir='ltr'><strong>Veneris</strong></span> <span class='ocrx_word' id='word_1_559' title='bbox 589 4444 707 4498; x_wconf 86' lang='lat' dir='ltr'><strong>omnium</strong></span> <span class='ocrx_word' id='word_1_560' title='bbox 725 4441 896 4514; x_wconf 78' lang='lat' dir='ltr'><strong>propriarum</strong></span> <span class='ocrx_word' id='word_1_561' title='bbox 914 4449 988 4498; x_wconf 90' lang='lat' dir='ltr'><strong>esset</strong></span> <span class='ocrx_word' id='word_1_562' title='bbox 1005 4440 1239 4511; x_wconf 83' lang='lat' dir='ltr'><strong>imperfectissima</strong></span> <span class='ocrx_word' id='word_1_563' title='bbox 1257 4460 1305 4499; x_wconf 90' lang='lat' dir='ltr'><strong>seu</strong></span> <span class='ocrx_word' id='word_1_564' title='bbox 1324 4445 1358 4499; x_wconf 91' lang='lat' dir='ltr'><strong>ab</strong></span> <span class='ocrx_word' id='word_1_565' title='bbox 1376 4446 1524 4501; x_wconf 90' lang='lat' dir='ltr'><strong>harmoniis</strong></span> 
     </span>
     <span class='ocr_line' id='line_1_51' title="bbox 176 4520 1523 4594; baseline 0.004 -19"><span class='ocrx_word' id='word_1_566' title='bbox 176 4520 370 4589; x_wconf 74' lang='lat' dir='ltr'><strong>remotissima,</strong></span> <span class='ocrx_word' id='word_1_567' title='bbox 398 4524 509 4593; x_wconf 90' lang='lat' dir='ltr'><strong>propria</strong></span> <span class='ocrx_word' id='word_1_568' title='bbox 535 4538 599 4581; x_wconf 82' lang='lat' dir='ltr'><strong>sero</strong></span> <span class='ocrx_word' id='word_1_569' title='bbox 617 4522 746 4578; x_wconf 91' lang='lat' dir='ltr'><strong>Mercurii</strong></span> <span class='ocrx_word' id='word_1_570' title='bbox 774 4522 891 4576; x_wconf 89' lang='lat' dir='ltr'><strong>omnium</strong></span> <span class='ocrx_word' id='word_1_571' title='bbox 918 4521 1089 4591; x_wconf 89' lang='lat' dir='ltr'><strong>propriarum</strong></span> <span class='ocrx_word' id='word_1_572' title='bbox 1116 4521 1330 4594; x_wconf 79' lang='lat' dir='ltr'><strong>perfectissima,</strong></span> <span class='ocrx_word' id='word_1_573' title='bbox 1358 4523 1384 4577; x_wconf 93' lang='lat' dir='ltr'><strong>id</strong></span> <span class='ocrx_word' id='word_1_574' title='bbox 1404 4531 1446 4579; x_wconf 87' lang='lat' dir='ltr'><strong>est</strong></span> <span class='ocrx_word' id='word_1_575' title='bbox 1461 4523 1523 4581; x_wconf 88' lang='lat' dir='ltr'><strong>har·</strong></span> 
     </span>
     <span class='ocr_line' id='line_1_52' title="bbox 175 4597 1432 4673; baseline 0.003 -22"><span class='ocrx_word' id='word_1_576' title='bbox 175 4599 265 4654; x_wconf 85' lang='lat' dir='ltr'><strong>monia</strong></span> <span class='ocrx_word' id='word_1_577' title='bbox 282 4598 409 4655; x_wconf 85' lang='lat' dir='ltr'><strong>absoluta</strong></span> <span class='ocrx_word' id='word_1_578' title='bbox 427 4600 485 4655; x_wconf 90' lang='lat' dir='ltr'><strong>sine</strong></span> <span class='ocrx_word' id='word_1_579' title='bbox 503 4600 649 4669; x_wconf 77' lang='lat' dir='ltr'><strong>terment03</strong></span> <span class='ocrx_word' id='word_1_580' title='bbox 669 4606 697 4654; x_wconf 93' lang='lat' dir='ltr'><strong>et</strong></span> <span class='ocrx_word' id='word_1_581' title='bbox 715 4598 753 4654; x_wconf 89' lang='lat' dir='ltr'><strong>sic</strong></span> <span class='ocrx_word' id='word_1_582' title='bbox 771 4597 880 4655; x_wconf 86' lang='lat' dir='ltr'><strong>tandem</strong></span> <span class='ocrx_word' id='word_1_583' title='bbox 899 4599 1019 4668; x_wconf 91' lang='lat' dir='ltr'><strong>undique</strong></span> <span class='ocrx_word' id='word_1_584' title='bbox 1036 4599 1154 4655; x_wconf 89' lang='lat' dir='ltr'><strong>rationes</strong></span> <span class='ocrx_word' id='word_1_585' title='bbox 1173 4606 1266 4656; x_wconf 88' lang='lat' dir='ltr'><strong>essent</strong></span> <span class='ocrx_word' id='word_1_586' title='bbox 1283 4603 1432 4673; x_wconf 84' lang='lat' dir='ltr'><strong>oppositae.</strong></span> 
     </span>
    </p>
   </div>
   <div class='ocr_carea' id='block_1_5' title="bbox 177 4696 1523 4957">
    <p class='ocr_par' dir='ltr' id='par_1_6' title="bbox 177 4696 1523 4957">
     <span class='ocr_line' id='line_1_53' title="bbox 222 4696 1522 4779; baseline 0.006 -19"><span class='ocrx_word' id='word_1_587' title='bbox 222 4756 224 4759; x_wconf 82' lang='grc'>.</span> <span class='ocrx_word' id='word_1_588' title='bbox 262 4699 314 4761; x_wconf 78' lang='lat' dir='ltr'><strong>Sic</strong></span> <span class='ocrx_word' id='word_1_589' title='bbox 335 4705 417 4761; x_wconf 74' lang='lat' dir='ltr'><strong>mim</strong></span> <span class='ocrx_word' id='word_1_590' title='bbox 438 4703 600 4779; x_wconf 79' lang='lat' dir='ltr'><strong>mopaela‘a</strong></span> <span class='ocrx_word' id='word_1_591' title='bbox 626 4704 793 4778; x_wconf 76' lang='lat' dir='ltr'><strong>sapientiae</strong></span> <span class='ocrx_word' id='word_1_592' title='bbox 814 4718 889 4761; x_wconf 81' lang='lat' dir='ltr'><strong>auce</strong></span> <span class='ocrx_word' id='word_1_593' title='bbox 911 4696 1064 4761; x_wconf 71' lang='grc' dir='ltr'>ἀιιόιαιιιι</span> <span class='ocrx_word' id='word_1_594' title='bbox 1085 4704 1128 4775; x_wconf 81' lang='grc' dir='ltr'><strong>ιι,</strong></span> <span class='ocrx_word' id='word_1_595' title='bbox 1159 4705 1213 4777; x_wconf 80' lang='lat' dir='ltr'><strong>qui</strong></span> <span class='ocrx_word' id='word_1_596' title='bbox 1235 4709 1277 4761; x_wconf 82' lang='lat' dir='ltr'><strong>est</strong></span> <span class='ocrx_word' id='word_1_597' title='bbox 1297 4710 1369 4763; x_wconf 73' lang='lat' dir='ltr'><strong>oute</strong></span> <span class='ocrx_word' id='word_1_598' title='bbox 1389 4705 1522 4769; x_wconf 73' lang='grc' dir='ltr'>ιιιιιῑιιιιι</span> 
     </span>
     <span class='ocr_line' id='line_1_54' title="bbox 177 4787 1523 4866; baseline 0.004 -20"><span class='ocrx_word' id='word_1_599' title='bbox 177 4794 204 4846; x_wconf 85' lang='lat' dir='ltr'><strong>et</strong></span> <span class='ocrx_word' id='word_1_600' title='bbox 223 4805 319 4866; x_wconf 74' lang='lat' dir='ltr'><strong>euque</strong></span> <span class='ocrx_word' id='word_1_601' title='bbox 339 4792 376 4849; x_wconf 85' lang='grc' dir='ltr'><strong>ιἰι</strong></span> <span class='ocrx_word' id='word_1_602' title='bbox 396 4790 547 4851; x_wconf 67' lang='lat' dir='ltr'><strong>aarum</strong></span> <span class='ocrx_word' id='word_1_603' title='bbox 577 4789 655 4848; x_wconf 75' lang='lat' dir='ltr'><strong>albii</strong></span> <span class='ocrx_word' id='word_1_604' title='bbox 675 4788 840 4862; x_wconf 71' lang='lat' dir='ltr'><strong>wduadct,</strong></span> <span class='ocrx_word' id='word_1_605' title='bbox 870 4787 948 4847; x_wconf 74' lang='lat' dir='ltr'><strong>atat</strong></span> <span class='ocrx_word' id='word_1_606' title='bbox 977 4787 1085 4864; x_wconf 75' lang='lat' dir='ltr'><strong>depicti,</strong></span> <span class='ocrx_word' id='word_1_607' title='bbox 1114 4805 1170 4847; x_wconf 83' lang='lat' dir='ltr'><strong>uec</strong></span> <span class='ocrx_word' id='word_1_608' title='bbox 1198 4789 1280 4850; x_wconf 77' lang='lat' dir='ltr'><strong>loeus</strong></span> <span class='ocrx_word' id='word_1_609' title='bbox 1310 4798 1352 4849; x_wconf 79' lang='lat' dir='ltr'><strong>cat</strong></span> <span class='ocrx_word' id='word_1_610' title='bbox 1379 4808 1523 4853; x_wconf 67' lang='lat' dir='ltr'><strong>ammeca</strong></span> 
     </span>
     <span class='ocr_line' id='line_1_55' title="bbox 179 4875 1523 4957; baseline 0.002 -21"><span class='ocrx_word' id='word_1_611' title='bbox 179 4877 369 4953; x_wconf 68' lang='grc' dir='ltr'>ιιιιιιιᾳιιωι.</span> <span class='ocrx_word' id='word_1_612' title='bbox 427 4875 767 4955; x_wconf 73' lang='lat' dir='ltr'><strong>Quumdasrdernbaltn‘</strong></span> <span class='ocrx_word' id='word_1_613' title='bbox 717 4878 724 4891; x_wconf 85' lang='lat'>&#39;</span> <span class='ocrx_word' id='word_1_614' title='bbox 795 4876 1523 4957; x_wconf 60' lang='lat' dir='ltr'><strong>apameaea‚mtadopttctqaam</strong></span> 
     </span>
    </p>
   </div>
   <div class='ocr_carea' id='block_1_6' title="bbox 0 0 1789 5625">
    <p class='ocr_par' dir='ltr' id='par_1_7' title="bbox 0 0 1789 5625">
     <span class='ocr_line' id='line_1_56' title="bbox 0 0 1789 5625; baseline 0 0"><span class='ocrx_word' id='word_1_615' title='bbox 0 0 1789 5625; x_wconf 95' lang='lat' dir='ltr'><strong> </strong></span> 
     </span>
    </p>
   </div>
  </div>
 </body>
</html>
