3567 5625
705 402 789 458 Liber
805 403 843 466 V..
857 404 947 471 caput
962 403 1014 459 III.
1467 410 1530 474 tta

185 599 220 640 ex
242 579 322 651 Sole,
346 583 398 643 sed
420 600 457 643 ex
479 581 571 641 Terra
592 579 808 657 spectantibus,
840 578 876 640 de
900 581 1007 657 quibos
1029 581 1092 656 agit
1114 580 1164 640 lib.
1189 581 1241 640 Vl.
1265 581 1319 658 Ep.
1342 584 1421 643 Astr.
1446 583 1530 662 cop,

180 670 204 727 is
226 670 318 742 aciat,
350 687 449 731 eorum
473 671 615 728 rationem
644 671 673 725 in
702 668 758 727 boc
780 669 899 743 negotio
930 666 1017 743 plane
1046 667 1157 727 nullam
1185 669 1302 743 baberi,
1333 686 1404 730 saue
1435 690 1530 749 neque

181 756 282 829 debet,
316 774 382 817 curn
404 757 494 817 Terra
516 773 574 814 uon
597 756 636 814 sit
658 755 722 814 lons
746 764 843 813 motus
866 758 1009 830 ipsorum,
1041 773 1135 832 neque
1157 764 1271 832 potest,
1301 772 1367 814 cum
1389 770 1486 818 motus
1509 764 1530 819 ii

181 861 238 903 nou
261 851 374 905 tanturn
398 848 427 902 in
450 861 560 903 meram
582 845 710 926 qrrietem
732 860 785 901 seu
808 845 965 902 stationem
989 851 1188 920 apparentem,
1210 843 1261 902 sed
1281 842 1369 919 plane
1391 847 1420 902 in
1436 857 1530 906 retro·

179 931 390 1008 gradationem,
414 940 556 1008 quantum
579 928 616 989 ad
639 929 772 990 fallacem
788 933 998 1007 apparentiam,
1023 929 1208 1006 degenerent,
1232 949 1291 1007 qna
1309 933 1420 991 ratione
1437 937 1530 995 omnis
1635 1015 1637 1020 Α

180 1023 400 1097 proportionum
422 1019 550 1078 inlinitas
574 1018 708 1077 omnibus
731 1017 857 1094 planetis
879 1018 967 1077 simui
990 1027 1019 1077 et
1042 1036 1196 1095 exaequo
1219 1019 1364 1076 tribuitur.
1411 1017 1450 1080 Ut
1472 1025 1531 1099 igi-

180 1117 225 1165 tur
247 1117 357 1166 certum
380 1109 556 1179 babeamus,
587 1103 690 1181 quales
711 1108 916 1182 proportiones
946 1105 1077 1183 proprias
1106 1109 1285 1168 constituant
1313 1106 1408 1164 diurni
1431 1120 1529 1169 motus

143 1207 146 1208 ’
178 1194 356 1270 singularum
381 1213 515 1254 verarum
538 1195 695 1253 orbitarum
719 1196 945 1253 eecentriearum
968 1188 1054 1275 (licet
1085 1203 1115 1253 et
1143 1197 1198 1290 ipsi
1228 1194 1324 1252 adbuc
1355 1206 1529 1272 apparentes

178 1286 246 1361 sint,
270 1282 360 1341 veluti
383 1284 527 1361 spectanti
550 1299 586 1341 er
609 1279 688 1354 Sole,
712 1281 792 1341 lonte
815 1277 946 1362 motus),
973 1270 1193 1341 removenda
1173 1284 1254 1359 prius
1277 1289 1322 1341 est
1343 1283 1412 1341 ab
1405 1286 1440 1341 ris
1463 1302 1529 1343 mo·

179 1371 257 1429 tibus
279 1372 403 1472 propriis
427 1370 499 1430 baec
521 1370 678 1445 phantasia
699 1371 861 1428 communis
884 1368 1019 1427 omnibus
1041 1373 1169 1445 quinque
1190 1378 1288 1428 motus
1303 1372 1392 1428 annui
1415 1371 1529 1431 adren-

179 1460 245 1529 titii,
269 1460 334 1517 sire
356 1457 406 1517 ilie
428 1475 464 1516 er
487 1459 580 1534 ipsius
603 1455 730 1516 Telluris
753 1462 834 1516 motu
858 1459 969 1514 oriatur
990 1456 1151 1515 secundum
1175 1456 1383 1532 Cepernicum,
1406 1461 1469 1540 sive
1493 1479 1529 1520 ex

179 1554 259 1604 motu
281 1547 450 1648 systematis
473 1547 564 1604 totius
592 1560 690 1602 annno
713 1544 874 1604 secundum
898 1543 1068 1621 Tyebonem
1091 1542 1202 1616 Brabe,
1236 1552 1392 1620 motusque
1422 1549 1528 1624 cuique

181 1633 317 1709 planetae
339 1634 449 1711 proprii
476 1632 620 1692 enucleati
642 1630 698 1688 snb
721 1638 909 1707 conspectum
932 1631 1107 1706 subjiciendi
1131 1640 1208 1690 sunt.

270 1717 395 1782 Octavo.
440 1719 592 1779 Hactenus
615 1720 727 1794 egimus
751 1718 786 1779 de
810 1718 935 1777 diversis
958 1722 1046 1777 moris
1070 1719 1116 1779 rel
1136 1720 1262 1778 arcubus
1286 1721 1378 1779 unius
1396 1729 1425 1780 et
1447 1722 1529 1797 ejus·

180 1807 245 1868 dem
265 1807 412 1884 planetae.
457 1806 527 1868 Jam
550 1808 638 1866 etiarn
662 1804 698 1864 de
721 1806 854 1865 binorum
877 1805 1061 1882 planetarum
1076 1807 1205 1866 motibus
1228 1808 1352 1866 interae
1375 1824 1530 1887 compara·

179 1898 217 1954 tis
239 1895 395 1999 mendum.
441 1892 499 1955 Ubi
522 1902 592 1953 nota
615 1891 813 1953 definitionem
835 1896 1033 1967 terminorum,
1058 1898 1189 1970 quisunt
1206 1896 1292 1953 nobis
1314 1895 1403 1954 loturi
1426 1914 1529 1956 neces·
1571 1967 1574 1978 Ι

179 1985 257 2042 sarii.
302 1981 471 2060 Apsidas
502 1982 691 2059 proximas
722 1979 845 2039 duorum
873 1980 1059 2057 planetarum
1084 1982 1213 2040 dicemus
1241 1983 1414 2059 peribeliurn
1438 2002 1529 2062 supe·

179 2072 262 2128 rioria
285 2078 315 2129 et
336 2070 485 2147 apbelium
508 2070 660 2140 interioris,
684 2085 741 2127 non
760 2070 905 2140 obstante,
930 2069 1008 2144 quod
1024 2069 1092 2128 illae
1109 2073 1256 2146 vergunt
1249 2087 1277 2127 rn
1294 2070 1413 2145 plagam
1429 2071 1529 2131 rnurrdi

180 2175 236 2217 non
259 2157 407 2230 eandem,
428 2157 479 2218 sed
503 2158 634 2216 diversae
657 2163 686 2215 et
706 2156 781 2215 lorte
804 2159 971 2215 contrarias.
1017 2156 1049 2215 M
1058 2164 1143 2216 otus
1175 2166 1368 2216 extremos
1398 2159 1529 2237 intellige

179 2244 373 2305 tardissimum
396 2253 426 2305 et
449 2245 665 2306 velocissimum
687 2246 778 2302 totius
802 2245 939 2302 circuitus
967 2243 1139 2320 planetarii3
1169 2253 1441 2320 conserpentes
1469 2265 1529 2307 ex·
1571 2295 1574 2308 .

178 2340 310 2394 tremos
332 2351 400 2392 seu
423 2348 649 2403 conversos,
681 2332 731 2406 qui
754 2333 873 2389 suntin
900 2330 1032 2390 binorum
1055 2333 1205 2409 apsidibus
1227 2334 1383 2408 proximis,
1414 2333 1529 2395 scilicet

182 2423 209 2478 in
232 2420 373 2496 peribelio
403 2423 559 2496 superioris
592 2427 620 2477 et
643 2417 759 2495 apbelio
786 2419 943 2490 interioris,
977 2418 1216 2495 divergentes
1248 2418 1310 2477 vei
1340 2419 1527 2497 diversos,

180 2505 237 2584 qut‘
259 2510 286 2565 in
316 2507 468 2584 apsidibos
500 2507 655 2584 oppositis,
687 2506 799 2564 scilicet
829 2506 947 2581 aphelio
969 2509 1127 2582 superioris
1159 2519 1187 2565 et
1209 2505 1351 2586 peribelio
1374 2507 1526 2569 interioris.

178 2595 301 2654 Rursum
333 2598 421 2670 igitur
451 2596 499 2656 bic
526 2594 625 2670 aliqua
653 2610 722 2668 pars
754 2596 810 2653 mei
841 2592 975 2669 Mysterii
999 2594 1254 2671 Cosmograpbici,
1284 2611 1429 2671 suspensa
1458 2607 1527 2658 ante

179 2685 217 2740 22
241 2701 343 2755 annos,
368 2685 439 2759 quia
460 2681 588 2743 nondum
612 2681 759 2755 liquebat,
784 2680 967 2740 absolvenda
989 2688 1019 2740 et
1041 2681 1099 2741 buc
1121 2681 1272 2741 inferenda
1293 2690 1347 2741 est.
1392 2682 1526 2743 Inventis

178 2774 252 2830 enirn
275 2774 352 2831 seris
376 2771 489 2830 oririum
511 2767 674 2830 intervallis
696 2785 747 2846 per
770 2769 991 2829 observationes
1009 2769 1113 2837 Brabel
1137 2771 1254 2848 plurimi
1271 2772 1410 2847 temporis
1426 2769 1526 2833 labore

178 2862 321 2934 continuo,
346 2860 475 2932 tandem,
498 2858 616 2919 tandem
638 2858 766 2931 genuina
793 2858 943 2935 proportio
966 2865 1129 2932 temporum
1157 2857 1371 2934 periodicorum
1392 2860 1430 2918 ad
1453 2877 1524 2936 pro·

177 2951 336 3022 portionem
360 2947 473 3007 orbium
520 2980 559 2993 -
605 2977 645 2988 -
700 2960 768 3002 sero
791 2944 912 3021 quidm
934 2950 1063 3019 respexit
1086 2950 1227 3019 ineam,

428 3033 565 3111 Respexit
586 3039 690 3091 tomen
711 3040 739 3089 ct
760 3033 850 3108 lonae
868 3039 939 3108 poet
961 3040 1092 3108 tempore
1115 3038 1214 3108 esnit3

178 3137 277 3195 eaque,
292 3123 325 3180 'si
348 3125 486 3197 temporis
510 3119 648 3180 articulos
670 3121 756 3195 petis,
781 3121 809 3178 8.
834 3119 919 3180 lllart.
942 3118 1030 3195 bujus
1052 3124 1120 3181 anni
1150 3120 1297 3180 millesimi
1319 3122 1524 3181 sexcentesimi

179 3207 277 3267 decimi
302 3213 399 3268 octavi
432 3212 529 3268 animo
558 3202 717 3282 cbncepta,
747 3204 801 3277 sed
830 3205 984 3265 infeliciter
1014 3208 1051 3266 ad
1074 3208 1203 3268 calculos
1226 3214 1333 3266 vocata
1355 3224 1449 3284 coque
1472 3226 1525 3286 pro

178 3295 250 3353 laisa
271 3298 389 3373 reJecta,
415 3296 541 3372 denique
568 3298 614 3356 ib.
637 3293 710 3368 Maji
733 3310 859 3366 reversa,
883 3310 962 3351 novo
987 3305 1073 3373 capto
1090 3299 1203 3373 impetu·
1223 3297 1403 3371 expugnarit
1418 3298 1525 3355 mentis

182 3401 260 3443 meae
283 3386 427 3454 tenebras,
452 3392 535 3443 tanta
557 3380 795 3458 comprobatione
818 3390 847 3442 et
869 3381 978 3439 laboris
998 3385 1055 3441 mei
1078 3381 1347 3460 septendecennalis
1369 3386 1397 3440 in
1421 3383 1524 3442 obser·

180 3473 345 3531 sationibus
368 3471 532 3531 Brabeanls
562 3478 591 3529 et
613 3467 813 3531 meditationis
834 3468 921 3544 bujus
951 3470 980 3525 in
1004 3485 1092 3528 unum
1116 3470 1357 3547 conspirantium,
1388 3478 1421 3528 ut
1442 3488 1524 3529 som-

179 3560 256 3617 niare
278 3577 325 3618 me
349 3567 378 3618 et
400 3575 584 3636 praesumere
607 3557 770 3632 quaesitum
800 3559 874 3615 inter
900 3558 1044 3632 principia
1072 3559 1164 3635 prirno
1196 3557 1351 3617 crederem.
1396 3555 1455 3616 Sed
1478 3574 1523 3616 res
1553 3604 1557 3613 .

179 3647 667 3725 eatcertisaimaexactissimaque,
691 3644 769 3718 quod
793 3646 1008 3720 proportio,
1033 3662 1125 3720 quae
1148 3656 1204 3707 est
1225 3645 1325 3703 inter
1347 3644 1523 3703 binorum

178 3750 486 3808 quorumcunque
520 3733 757 3810 planetarum
796 3738 974 3806 tempora
1011 3732 1219 3808 periodica,
1260 3732 1311 3790 sit
1349 3735 1523 3808 praecise

177 3822 430 3896 sesquialtera
459 3817 727 3898 proportionis
754 3818 952 3878 mediarum
983 3817 1272 3891 distantiarum,
1305 3818 1341 3876 id
1373 3829 1433 3878 est
1465 3836 1522 3876 or-
1604 3812 1627 3857 ¹·

176 3908 273 3967 bium
296 3911 482 3987 ipsorum3
505 3915 618 3968 attento
641 3914 737 3965 tamen
752 3900 817 3979 boc,
842 3906 923 3981 quod
946 3905 1073 3966 medium
1096 3910 1309 3969 arithmeticum
1322 3908 1396 3965 inter
1410 3916 1522 3966 utram·

180 4012 236 4070 qne
259 3996 430 4056 diametmm
453 3995 599 4073 ellipticae
621 3994 735 4053 orbitae
763 3995 802 4052 sit
823 3991 914 4068 paulo
936 3997 1032 4052 miuus
1060 3995 1192 4072 longiore
1221 3995 1373 4056 diametro.
1416 3993 1521 4070 Itaque

177 4085 202 4139 ai
226 4084 288 4158 quls
311 4102 346 4142 ex
370 4082 498 4160 periodo,
526 4084 605 4142 serbi
629 4098 719 4140 causa
741 4080 877 4158 Telluris,
901 4098 976 4158 quae
999 4090 1044 4140 est
1066 4102 1159 4144 annus
1184 4103 1266 4159 unus,
1290 4091 1320 4143 et
1343 4100 1377 4141 ex
1399 4082 1520 4158 periodo

174 4168 290 4229 Saturni
310 4174 431 4245 triginta
453 4184 596 4229 annorum
618 4169 754 4228 sumserit
776 4171 892 4227 tertiam
915 4171 1110 4246 proportionis
1132 4183 1255 4249 partem,
1288 4170 1317 4228 id
1340 4178 1385 4229 est
1407 4168 1521 4230 radices

177 4257 302 4331 cubicas,
325 4266 356 4318 et
377 4258 464 4334 bujus
486 4259 682 4335 proportionis
705 4254 826 4332 duplum
848 4256 958 4328 lecerit,
983 4256 1130 4319 radicibus
1152 4261 1294 4336 quadrata
1310 4257 1520 4333 multiplicatis,

175 4347 202 4401 is
225 4343 311 4406 babet
332 4349 362 4403 in
383 4344 594 4421 prodeuntibus
616 4346 741 4403 numeris
766 4342 987 4403 intervallorum
1011 4343 1118 4405 Terrae
1141 4354 1171 4406 et
1192 4347 1310 4407 Saturni
1332 4345 1434 4406 aSolc
1457 4361 1520 4403 me·

175 4431 286 4490 diorum
307 4435 525 4509 proportionem
545 4428 785 4509 justissimamt)
829 4431 904 4489 Nam
928 4432 1032 4491 cubica
1053 4432 1136 4491 radix
1150 4433 1185 4493 de
1206 4439 1218 4492 l
1245 4444 1290 4494 est
1309 4437 1334 4506 l,
1358 4432 1423 4508 ejus
1444 4448 1521 4506 qua-

136 4574 139 4577 ,
173 4518 287 4579 emtum
312 4524 344 4594 13
376 4528 407 4580 et
428 4521 533 4580 cubica
554 4518 636 4579 radix
660 4520 696 4579 de
721 4519 762 4578 30
785 4527 831 4577 est
851 4519 946 4593 major
968 4537 1056 4595 quam
1079 4523 1115 4593 3,
1147 4513 1211 4596 ejus
1234 4524 1323 4597 igitur
1345 4518 1520 4597 quadratum

174 4605 270 4680 majus
298 4625 385 4683 quem
410 4609 439 4666 9.
482 4606 522 4666 lit
543 4607 699 4679 Saturnus,
730 4604 914 4666 mediocriter
945 4605 1057 4666 distans
1085 4626 1104 4665 a
1125 4608 1211 4683 Sole,
1241 4607 1331 4685 paulo
1360 4608 1446 4667 altior
1475 4615 1520 4667 est

255 4843 345 4892 'itiam
358 4846 490 4888 incoramsn
493 4848 556 4888 tarlls
571 4847 648 4888 Martia
663 4858 710 4897 cap
719 4848 822 4888 XLVIII.
837 4849 877 4889 tot
887 4850 932 4889 232
947 4848 1001 4893 (Ill.
1012 4847 1092 4899 uturp
1093 4850 1178 4900 robert,
1192 4851 1286 4892 medium
1300 4851 1520 4901 bocsrltbmetlsuus

174 4896 211 4937 rat
226 4896 298 4944 ipssrs
312 4909 362 4943 asse
375 4899 506 4942 diametrum
519 4901 606 4951 cuculi,
621 4901 659 4952 qul
672 4900 813 4951 longitudine
826 4911 881 4953 sequ
869 4907 908 4942 ust
921 4902 1043 4954 stllpttosra
1056 4904 1159 4957 orbitam,
1178 4905 1215 4947 ret
1229 4916 1256 4947 ss
1268 4907 1368 4961 proxima
1382 4908 1464 4955 miuus
