3567 5625
256 398 317 462 arn
766 345 1088 450 mmmmm.

256 576 343 639 Aul)
370 574 451 636 aot
481 574 511 636 in
540 572 606 632 ΑΙ).
652 573 787 650 Denique
816 572 1010 652 quadruplam
1042 575 1276 653 proportionem,
1309 592 1386 652 qnae
1417 587 1464 637 eat
1495 576 1604 639 identi-
1645 582 1651 586 ’

254 664 391 727 ronmtla
416 659 622 740 dindiapoeon,
650 659 742 722 semel
766 662 930 734 confluent,
962 678 1002 721 se.
1030 664 1068 720 ii
1100 664 1129 720 in
1157 670 1220 722 toto
1242 662 1349 723 enemo
1373 662 1452 723 adii
1483 667 1511 722 in
1534 682 1604 725 arcu

255 752 331 828 AD;
354 753 397 810 sic
419 759 450 809 et
470 751 688 827 proportionem
711 749 806 822 823,
835 766 913 825 qaae
935 755 982 810 est
1009 751 1219 811 consonantior
1249 745 1605 830 dimaon-epidima-

192 845 196 850 ’
255 832 431 915 tenatiam
452 837 553 911 semei,
575 853 616 896 sc
641 837 660 895 8
682 838 713 895 in
727 852 797 896 arcu
812 835 896 896 ΑΗΕ
918 835 957 896 ad
979 837 1035 897 tria
1049 835 1157 898 inAD.
1201 835 1446 915 Sesquioctanam
1470 838 1605 916 denique,

255 945 332 1006 quae
354 926 498 997 oritoni,
521 939 636 984 romum
657 922 767 1000 oemd,
790 941 832 985 se.
856 926 874 984 9
899 925 929 982 ln
952 939 1024 985 arcu
1045 921 1134 984 Alii)
1156 925 1195 985 ad
1219 926 1238 984 8
1262 928 1292 984 in
1316 923 1418 1005 ΑΗΕ,
1448 935 1480 985 nt
1505 925 1603 987 videre

258 1025 303 1076 ert
324 1032 361 1074 aa
383 1012 554 1073 differentiis
575 1028 770 1086 numerorum,
794 1013 846 1088 eui
868 1010 907 1070 ad
930 1009 1157 1074 delineationem
1178 1021 1248 1073 snut
1270 1015 1407 1091 appositi.

342 1101 385 1162 lix
408 1100 488 1160 iriece
511 1101 658 1175 sequitur,
691 1098 883 1160 ordinandam
905 1116 970 1159 ease
992 1116 1029 1159 en
1052 1101 1153 1176 primis
1176 1103 1376 1161 consonantiis
1396 1098 1496 1176 illam,
1527 1118 1605 1177 quae

255 1191 392 1271 diapente
415 1187 538 1260 dicitur,
558 1187 644 1262 juxta
665 1185 876 1264 triangularem
898 1187 1091 1264 positionem
1114 1206 1191 1266 quae
1214 1205 1284 1248 vero
1307 1187 1499 1263 diatessaron,
1520 1189 1606 1265 juxta

254 1275 519 1356 qmdraugularem
530 1269 593 1350 W),
624 1283 655 1335 ot
685 1284 787 1335 tonum
811 1275 900 1350 juxta
928 1273 1029 1335 oreuu
1061 1277 1195 1349 nnciam,
1226 1278 1297 1353 qnia
1325 1293 1390 1336 cnm
1419 1274 1545 1337 circulus
1567 1276 1606 1336 ad

254 1362 468 1428 semicirculum
491 1359 550 1420 ΑΗ
583 1364 748 1423 constituat·
764 1364 907 1422 rationem
937 1358 1069 1442 duplant,
1102 1362 1305 1424 semicirculus
1329 1365 1393 1441 jam
1415 1365 1454 1425 ad
1475 1362 1529 1423 aa
1551 1366 1605 1422 tri·

255 1452 355 1533 anguli
378 1467 477 1511 arcum
501 1452 571 1508 iacit
593 1447 832 1526 sesquialteram,
856 1459 885 1508 et
909 1447 957 1508 iric
977 1447 1016 1508 ad
1041 1449 1105 1522 ΑΙ),
1130 1450 1323 1528 quadranguli
1346 1469 1465 1529 areum,
1486 1454 1605 1529 nmqui-

251 1543 383 1614 tertiam,
416 1553 554 1599 excessus
582 1545 681 1598 autem
709 1535 825 1596 iliarum
858 1545 904 1596 eet
926 1537 1058 1611 tonicns,
1090 1554 1131 1598 so.
1162 1556 1248 1599 arcus
1272 1538 1339 1613 au,
1364 1542 1480 1599 unciam
1502 1538 1603 1599 uirenti

254 1627 425 1708 complexus
438 1621 481 1700 V).
527 1621 647 1701 Optima
674 1625 762 1702 igitur
792 1627 906 1686 ratione
933 1630 1038 1685 natura
1064 1625 1206 1686 circulum
1234 1626 1384 1703 signorum
1410 1629 1448 1686 la
1476 1628 1604 1704 partium

255 1717 333 1791 iecit,
357 1723 390 1775 ut
412 1730 518 1784 assem,
541 1714 611 1787 quia
632 1721 764 1790 systema
784 1712 945 1789 perlectum
973 1714 1010 1770 in
1035 1719 1170 1774 tonorum
1184 1711 1406 1790 amplitudinem
1423 1713 1531 1776 nanee
1544 1717 1605 1774 aci-

255 1805 314 1881 ria
345 1803 474 1865 tonicam
497 1799 586 1877 igitur
609 1798 796 1860 intervallum
818 1801 933 1877 aptavit
957 1800 1062 1859 unciae
1092 1816 1145 1861 eeu
1176 1800 1368 1862 duodecimae
1392 1793 1467 1880 porti
1494 1800 1603 1862 circuli.

253 1890 292 1952 lit
312 1890 505 1952 admiratione
527 1885 648 1963 dignum
670 1895 730 1961 aet,
754 1886 835 1964 quod
856 1888 1051 1964 etiamsipnn,
1079 1904 1130 1964 per
1152 1904 1240 1949 unam
1264 1887 1467 1951 duodecimam
1489 1886 1603 1950 zodiaci

254 1976 457 2050 determinata,
479 1990 610 2038 consona
631 1974 751 2052 quidem
772 1990 832 2035 non
854 1982 933 2048 sunt,
956 1974 1008 2033 sed
1023 1972 1119 2035 solum
1142 1977 1294 2053 inponere
1310 1981 1517 2039 condnnorum
1532 1992 1604 2037 con·

253 2060 431 2145 autentim
453 2071 484 2122 at
506 2078 583 2138 quae
604 2079 656 2141 per
677 2063 810 2139 quinque
831 2060 1020 2122 duodecimae
1042 2060 1157 2123 zodiaci
1179 2063 1371 2125 determinata
1392 2072 1470 2142 sunt,
1492 2082 1509 2125 e
1530 2080 1603 2125 cou-

252 2154 341 2214 uario
363 2159 431 2213 suut
452 2152 527 2209 iuter
548 2150 701 2222 concinna,
725 2153 793 2209 cum
813 2151 875 2210 sint
896 2150 997 2225 utique
1020 2157 1050 2209 et
1062 2148 1196 2211 dicantur
1210 2155 1383 2226 inconnexa,
1406 2151 1495 2231 idque
1509 2168 1602 2231 prop·

253 2249 348 2315 terea,
371 2240 442 2317 quia
463 2235 648 2298 mantunae
671 2236 745 2297 duos
769 2254 853 2296 mens
876 2253 895 2295 a
917 2243 996 2296 reeta
1019 2239 1212 2313 nonantutoe,
1242 2255 1319 2317 quae
1341 2242 1458 2301 uncum
1479 2240 1603 2301 subten-

254 2327 312 2402 dit,
343 2326 414 2389 iacit
435 2326 638 2406 proportiones
662 2327 773 2385 numeri
799 2319 971 2384 duodenarii
995 2322 1034 2383 ad
1061 2327 1072 2381 l
1101 2324 1199 2404 adque
1224 2330 1282 2400 11,
1313 2344 1390 2404 quae
1417 2328 1514 2388 adana
1535 2337 1605 2387 surrt

253 2432 272 2477 a
294 2415 438 2488 consonis,
462 2421 493 2473 at
515 2429 574 2472 non
596 2414 686 2472 etiam
708 2430 727 2471 a
750 2412 899 2471 concinnis
922 2409 1055 2485 exulant3
1078 2411 1117 2471 ad
1140 2413 1215 2474 duos
1239 2431 1309 2475 vero
1331 2432 1401 2476 suos
1423 2432 1509 2475 mous
1531 2431 1604 2476 con·

252 2505 372 2564 stitutos
395 2520 415 2562 a
436 2509 524 2573 recta,
548 2516 626 2576 quae
650 2501 668 2559 5
692 2502 794 2558 unciae
816 2496 976 2574 subtendit,
999 2501 1202 2575 proportiones
1227 2502 1297 2564 iacit
1319 2506 1432 2563 numeri
1458 2506 1496 2562 lii
1519 2501 1559 2562 ad
1585 2504 1603 2561 t

254 2600 284 2651 et
308 2594 337 2665 i,
360 2606 437 2667 qnae
460 2595 490 2647 ot
511 2605 530 2644 a
552 2589 689 2647 consonis
718 2595 747 2646 et
769 2606 788 2645 a
809 2587 960 2645 concinnis
982 2568 1119 2659 exulan't3
1149 2590 1348 2667 quippenam
1375 2598 1479 2652 neuim
1506 2606 1604 2667 neque

253 2677 407 2756 multiplex
429 2691 525 2751 neque
546 2673 818 2752 superparticularis
840 2676 894 2746 sit,
917 2690 1014 2750 neque
1036 2678 1200 2752 composita
1222 2693 1258 2737 ex
1280 2676 1430 2754 aliquibus
1452 2675 1604 2738 elementis

253 2765 293 2826 ad
315 2763 521 2827 consonantiae
542 2756 828 2839 pertinentibusifl).
874 2759 1010 2839 Amplius
1032 2768 1062 2821 et
1083 2771 1198 2840 praeter
1212 2764 1354 2827 hacoenus
1378 2766 1513 2844 uinisque
1531 2781 1605 2827 con·

254 2853 374 2915 cordata
395 2852 486 2913 eiiam
508 2848 565 2909 hoc
585 2848 725 2924 succedit,
747 2847 827 2926 quod
851 2867 870 2907 a
891 2850 984 2926 signis
1005 2848 1118 2910 zodiaci
1142 2861 1200 2912 tres
1222 2851 1318 2913 solnm
1334 2852 1604 2932 quadrangularem

253 2944 367 3019 species
389 2941 465 2998 sumi
486 2944 626 3013 possunt,
656 2934 775 3012 aequali
798 2951 918 2996 numero
947 2952 1014 2996 cnm
1036 2939 1191 3013 speciebus
1222 2943 1433 3002 consonantiae
1455 2941 1604 3003 diatessa-

254 3044 315 3103 ron,
338 3024 549 3104 triangulorum
572 3041 642 3084 vero
666 3032 793 3100 quatuor
814 3022 1011 3097 solummodo,
1033 3024 1150 3101 aequali
1172 3043 1285 3088 rursum
1308 3045 1429 3090 numero
1452 3046 1518 3089 cnm
1534 3046 1606 3107 spe·

254 3115 355 3176 clebus
377 3115 585 3175 consonantiae
609 3110 762 3188 diapente,
786 3127 822 3171 eo
845 3111 924 3187 quod
946 3109 1020 3170 solis
1042 3111 1088 3171 lrie
1111 3118 1311 3176 consonantiis
1333 3112 1464 3191 accidat,
1492 3124 1525 3175 ut
1547 3119 1607 3178 sint

253 3204 463 3283 incompositae
472 3195 552 3273 Vm).

340 3288 425 3367 Quae
447 3288 536 3366 igitur
565 3289 642 3347 eirca
665 3289 761 3365 ipsum
785 3293 898 3347 motum
922 3285 1091 3346 annularem
1123 3286 1161 3346 ad
1184 3295 1338 3366 utramque
1365 3288 1507 3351 Quium
1535 3291 1607 3352 har·
1704 3306 1708 3309 ·

254 3380 419 3440 monianum
449 3373 575 3453 expendi
603 3382 746 3452 possunt,
779 3382 908 3450 atquae
931 3372 1089 3450 flgtirmm
1119 3391 1266 3438 consonae
1294 3384 1324 3438 et
1351 3376 1489 3440 elnonae
1522 3396 1607 3440 com·

252 3469 335 3529 meni
357 3483 425 3527 cum
445 3462 622 3523 harmonicis
646 3460 792 3523 vocabulo
823 3460 967 3533 dicuntur,
990 3460 1132 3521 hwtenus
1154 3462 1324 3524 definivisse
1339 3464 1474 3526 sufficiat.
1512 3465 1607 3527 Dein·

255 3571 323 3632 ceps
346 3551 507 3631 deprimis
530 3550 700 3610 diserentiis
724 3556 856 3610 motuum
879 3545 1051 3607 coelestium
1073 3549 1158 3609 nobis
1181 3552 1235 3610 erit
1258 3550 1480 3629 dispiciendum.

340 3672 414 3727 Nota
431 3669 452 3723 Ι.
490 3666 725 3737 Comparationem
742 3665 789 3721 irio
806 3662 963 3734 aggreditur
980 3664 1216 3720 consonantiarum
1234 3654 1295 3723 cufi,
1312 3668 1469 3737 „pedibus
1486 3670 1606 3727 ‘idm

253 3748 281 3804 ia
305 3748 431 3805 seduco:
455 3761 513 3802 rem
538 3760 588 3814 per
611 3759 641 3799 se
664 3742 794 3814 ponderis
818 3740 927 3797 maximi
952 3746 980 3796 et
1003 3742 1265 3811 praestantissimam
1289 3744 1479 3817 pffllmpffi„
1499 3754 1606 3816 pm

253 3826 316 3895 (mi
332 3825 360 3880 in
378 3823 495 3880 mudum
513 3830 556 3877 est
572 3822 697 3893 ”edm
714 3839 731 3875 Β
749 3819 830 3890 '⁰¹⁸⁰
848 3819 1122 3891 Phfl⁰⁸⁰1¹¹¹⁸¹¹fi¹¹mls
1148 3823 1198 3878 Μ
1216 3840 1286 3894 (luae
1308 3825 1389 3893 longe
1407 3824 1486 3881 aliter
1503 3835 1547 3883 eat
1564 3828 1603 3883 in-

253 3904 398 3973 menda,
416 3918 498 3973 quam
506 3918 532 3956 ‘a
550 3900 707 3956 Ptolemaeo
725 3899 770 3954 iric
781 3897 892 3954 lactum.
931 3895 1036 3953 Tertor
1045 3915 1095 3969 per
1106 3914 1136 3955 aa
1148 3900 1238 3957 clarus
1250 3910 1301 3973 eat,
1319 3918 1371 3957 nec
1387 3902 1479 3960 multis
1490 3905 1603 3976 inpiger,

340 4000 413 4055 Nota
430 3996 465 4053 11.
502 3995 555 4051 ilat
571 4010 636 4064 pare
655 3991 818 4063 astrologiae
842 3990 877 4047 de
895 3992 979 4062 signis
998 3997 1125 4052 consonis
1146 4008 1174 4053 et
1194 3996 1323 4069 daronis,
1345 3998 1498 4069 conjunctis
1516 4012 1546 4058 et
1562 4003 1604 4058 in·

254 4078 412 4225 lpeppp'pncctpp)
429 4074 604 4208 iamim·
649 4072 717 4127 Vide
745 4069 847 4141 Mapiui
875 4069 947 4140 aph.
976 4087 1034 4142 cap.
1063 4078 1105 4131 15.
1136 4083 1164 4132 et
1191 4077 1426 4149 Quadripertitnm
1453 4078 1603 4136 Ptolemaei

340 4254 414 4310 Nota
430 4251 480 4306 111.
515 4249 625 4305 initium
643 4248 696 4303 hoc
714 4247 804 4303 statim
824 4245 907 4316 iubat,
926 4247 1099 4317 nequeenim
1112 4248 1184 4305 inus
1195 4250 1438 4321 quadrinectionem
1452 4253 1605 4312 consistunt

253 4332 455 4398 consonantiae,
472 4342 561 4400 nsque
579 4327 645 4383 solis
664 4325 748 4381 ternis
766 4324 869 4381 zodiaci
888 4324 1078 4397 divisioninun,
1104 4335 1172 4399 puta
1188 4330 1216 4384 in
1235 4331 1302 4401 duo,
1328 4332 1355 4386 in
1374 4333 1427 4387 tria
1447 4338 1475 4387 et
1492 4332 1520 4388 in
1539 4350 1603 4404 qna·
1655 4342 1662 4364 ³

252 4426 326 4483 tuor,
344 4411 524 4469 absolvuntur
541 4415 681 4478 aspectus;
701 4420 799 4474 neque,
818 4406 840 4459 si
859 4413 1007 4472 utrumque
1024 4414 1112 4475 esset,
1131 4413 1195 4477 apte
1215 4409 1283 4465 irnec
1300 4407 1355 4465 iliis
1373 4420 1602 4479 compararentur.

256 4489 451 4547 &monantias
475 4504 529 4545 non
552 4492 668 4557 uatum,
699 4482 749 4540 red
766 4498 818 4540 unu
836 4482 923 4540 solnm
942 4490 971 4538 et
988 4484 1143 4552 spumantis
1165 4486 1279 4555 perfecti
1303 4487 1509 4545 condonante
1533 4490 1606 4546 iutra

255 4567 430 4639 disdiapason
448 4566 557 4637 includi,
575 4566 693 4636 probant
710 4563 775 4618 iata:
795 4564 823 4626 1)
842 4559 915 4631 quod
933 4567 998 4616 ante
1015 4561 1202 4621 Ptolemaeum
1215 4566 1404 4637 Pythagoraei,
1422 4566 1545 4635 pumen
1563 4567 1602 4624 uri

255 4647 395 4719 privilepio
413 4653 441 4702 et
458 4649 531 4704 nocis
549 4646 683 4701 numam
701 4641 879 4713 amplitudine
896 4640 1082 4711 considerata,
1105 4651 1278 4701 marctmunt
1302 4645 1497 4703 musonantias
1520 4661 1601 4716 anpu-

255 4728 325 4784 stins
341 4728 414 4782 intra
431 4723 763 4795 diapason-epidiapent05
787 4722 817 4791 2)
835 4720 909 4791 quod
928 4734 1032 4791 organa
1050 4729 1145 4779 nostra
1168 4737 1257 4793 usquc
1280 4724 1316 4778 ad
1339 4724 1454 4781 tetrukis
1472 4726 1601 4796 diapason

254 4812 283 4862 et
299 4804 411 4861 uterina
429 4802 652 4877 progrediuntur,
681 4801 710 4866 3)
729 4799 803 4869 qnod
820 4798 993 4856 Ptolemaeus
1010 4801 1071 4871 lpse
1089 4808 1211 4873 systema
1226 4802 1394 4872 perlectum,
1411 4806 1467 4860 tion
1486 4804 1601 4861 omnium

252 4881 424 4956 maulim
440 4883 678 4943 consonantiarum
694 4877 849 4951 conplexu,
867 4879 917 4936 sed
935 4877 994 4937 sola
1011 4880 1264 4951 repraesentatione
1282 4880 1401 4939 omnium
1419 4887 1526 4954 septem
1542 4897 1600 4954 spa
