3567 5625
1290 474 1781 533 Demonstratioue.
1851 474 2016 533 Liber
2049 477 2093 533 Ι.
2392 549 2399 558 Δ
2961 485 3042 546 96

503 648 784 711 XXXV.
831 650 924 711 Pr
944 669 1030 731 op
1048 648 1303 718 esitio.
1396 656 1717 735 Tetragoni
1776 656 1935 718 latus
1991 657 2174 719 habet
2231 660 2647 735 geometricam
2692 658 3038 737 descriptio·
3096 686 3099 692 ·

328 755 468 798 nem
514 757 587 799 ex
629 739 865 817 angulis
912 748 1076 802 extra
1121 742 1430 819 circulum,
1498 752 1558 806 et
1603 747 1654 805 si
1699 746 2052 806 inscribatur
2096 745 2346 820 circulo,
2408 747 2540 822 ipsa
2593 755 2684 808 est
2740 748 2802 805 in
2858 748 3043 825 gradu

329 828 619 887 scientiae
664 828 858 902 tertio,
907 828 1255 906 quadratum
1301 833 1429 911 eJ'us
1474 835 1533 891 in
1578 831 1873 909 secundo,
1919 841 1987 894 ut
2030 839 2090 895 et
2132 851 2272 895 area
2312 832 2554 910 figurae.
2896 851 2911 871 ¹

504 926 850 997 Tetragonus
899 934 1018 983 esto
1052 929 1269 999 0QPR,
1313 931 1435 999 ejus
1472 931 1730 1002 angulus,
1780 948 1881 1002 per
1919 931 2003 987 33.
2049 931 2238 1002 hujus,
2276 938 2363 987 est
2598 930 2684 985 fia
2711 936 2750 978 9·

329 1011 541 1073 rectus,
588 1021 756 1073 quare
793 1005 969 1073 (Eucl.
1006 1005 1050 1060 1.
1085 1007 1200 1075 46.)
1261 1008 1423 1065 facile
1474 1009 1602 1067 dato
1636 1010 1808 1068 latere
1844 1011 2164 1069 describitur
2195 1017 2361 1067 tetra-
2431 1031 2472 1101 ρ

330 1097 525 1149 gonus.
599 1084 843 1153 Cumque
889 1084 1115 1154 angulos
1148 1086 1350 1142 babeat
1384 1095 1618 1159 quatuor
1648 1091 1930 1162 lateraque
1962 1089 2214 1161 totidem,
2252 1090 2360 1145 duo

331 1176 461 1232 ergo
496 1161 673 1218 latera
715 1166 970 1220 coeuntia
1012 1164 1149 1222 duas
1199 1166 1386 1222 circuli
1432 1177 1654 1236 quartas
1697 1171 2074 1242 intercipiunt,
2129 1171 2235 1224 hoc
2277 1175 2364 1224 est

332 1240 616 1295 semissem
662 1244 866 1300 circuli.
940 1245 1119 1315 Quare
1164 1261 1265 1315 per
1308 1246 1392 1303 34.
1436 1246 1602 1317 hujus
1648 1258 1891 1308 extrema
1946 1249 2176 1305 laterum
2235 1263 2360 1304 cou-

330 1319 607 1388 tiguorum
652 1325 926 1380 connectit
969 1326 1226 1381 diameter
1256 1325 1469 1397 circuli,
1514 1334 1577 1383 ut
1611 1327 1705 1397 Qo
1723 1370 1738 1399 ,
1793 1327 1885 1397 QP
1933 1327 2190 1397 angulum
2223 1324 2362 1394 OQP

330 1406 540 1455 rectum
586 1401 645 1457 in
688 1402 1025 1459 semicirculo
1072 1404 1211 1474 OQP
1264 1405 1577 1479 formantia,
1627 1408 1883 1464 extremis
1920 1409 1996 1477 Ο,
2040 1396 2084 1462 P
2120 1420 2366 1463 connexa

333 1487 464 1537 sunt
520 1495 622 1550 per
674 1481 990 1537 diametrum
1054 1483 1239 1538 circuli
1294 1484 1452 1542 OLP.
1539 1486 1719 1555 Quare
1776 1486 1951 1556 (Eucl.
2005 1487 2049 1542 L
2101 1486 2190 1554 47)
2236 1501 2365 1553 qua·
2446 1478 2485 1529 0

330 1559 487 1615 drata
539 1560 772 1616 duorum
822 1561 1053 1618 laterum
1100 1563 1221 1633 OQ,
1287 1563 1379 1631 QP
1438 1573 1676 1635 aequant
1723 1567 2047 1635 quadratum
2102 1563 2367 1619 diametri.

331 1639 407 1693 Et
443 1640 494 1694 si
531 1639 751 1694 dimidia
795 1656 922 1709 pare
968 1640 1037 1697 de
1071 1641 1335 1710 quadrato
1380 1641 1627 1700 diametri
1660 1644 1938 1714 redigatur
1981 1644 2039 1699 in
2081 1642 2309 1698 formam
2353 1639 2697 1710 quadratam,
2746 1637 2885 1694 latus
2922 1638 3041 1707 ejus

334 1719 437 1774 erit
471 1716 622 1774 latua
654 1721 1047 1788 tetragonicum
1082 1719 1259 1790 (Eucl.
1296 1721 1366 1775 11.
1404 1723 1512 1793 14).
1582 1724 1670 1778 Ita
1706 1723 2029 1793 quadratum
2065 1719 2251 1776 lateris
2286 1728 2371 1776 est
2406 1717 2637 1777 effabile.

510 1797 587 1853 Et
624 1800 750 1868 quia
783 1800 1106 1869 quadratum
1143 1800 1233 1856 ΟΡ
1270 1806 1355 1856 est
1389 1801 1462 1857 ad
1497 1803 1824 1871 quadratum
1859 1801 1982 1871 OQ,
2019 1810 2080 1858 ut
2114 1801 2150 1856 2
2185 1800 2258 1856 ad
2298 1803 2343 1870 1,
2380 1815 2493 1856 non
2525 1814 2652 1856 vero
2691 1805 2753 1853 ut
2787 1813 3041 1855 numerus

338 1877 639 1944 quadratus
675 1879 744 1933 ad
779 1895 1063 1934 numerum
1098 1881 1449 1952 quadratum,
1507 1882 1598 1938 ΟΡ
1633 1898 1759 1939 vero
1797 1888 1884 1938 est
1917 1879 2149 1937 effabilis
2184 1879 2547 1951 longitudine:
2603 1894 2732 1949 ergo
2768 1878 2912 1933 latus
2945 1875 3041 1945 OQ

334 1964 418 2011 est
454 1956 675 2013 effabile
719 1958 838 2013 sola
871 1959 1117 2027 potentia
1152 1958 1337 2030 (Eucl.
1374 1960 1442 2016 X.
1482 1961 1551 2029 9).
1621 1964 1767 2017 Area
1802 1975 1929 2016 vero
1966 1960 2238 2030 tetragoni
2271 1967 2359 2017 est
2391 1959 2581 2016 eadem
2615 1959 2673 2013 iu
2706 1956 2812 2014 hac
2845 1957 3046 2027 figura,

337 2051 481 2103 quae
517 2037 840 2105 quadratum
874 2035 1079 2108 lateris,
1117 2053 1244 2108 ergo
1281 2046 1338 2095 et
1371 2055 1500 2095 area
1532 2040 1739 2109 figurae
1774 2046 1862 2097 est
1896 2037 2141 2100 effabilis.
2987 2070 2993 2081 ·

513 2128 821 2189 XXXVI.
868 2130 1012 2190 Pro
1030 2149 1068 2209 p
1091 2148 1172 2191 os
1190 2134 1212 2190 i
1233 2134 1361 2192 tio.
1452 2131 1744 2211 Octogoul
1800 2133 1959 2193 latus
2017 2130 2198 2192 habet
2240 2131 2656 2209 geometricam
2698 2130 3042 2210 descriptio-

340 2232 474 2276 nem
521 2235 597 2278 ex
639 2217 892 2294 angulis,
937 2236 1046 2278 nec
1090 2221 1282 2279 minus
1327 2222 1505 2281 etiam
1550 2219 1932 2298 octogonicae
1978 2218 2212 2282 stellae.
2236 2217 2412 2295 latus,
2459 2236 2561 2279 seu
2608 2219 2893 2279 subtenaa
2934 2221 3041 2278 tri-

339 2303 450 2363 bus
497 2308 724 2365 octavis
769 2306 1034 2382 partibus
1080 2306 1297 2382 circuli,
1343 2316 1595 2385 suntque
1640 2310 1699 2367 in
1743 2305 1933 2386 gradu
1975 2308 2258 2367 scientiae
2322 2315 2534 2367 octavo
2591 2304 2853 2383 singula,
2898 2304 3045 2365 illud

340 2389 579 2465 quidem
625 2391 883 2467 elasson,
932 2392 1046 2454 hoc
1091 2411 1230 2454 vero
1275 2398 1495 2472 mizon;
1552 2396 1762 2471 juncta
1811 2409 1948 2455 vero
1996 2396 2055 2451 in
2101 2392 2287 2471 gradu
2331 2402 2497 2455 sexto
2543 2400 2603 2453 et
2647 2396 3042 2472 proportionis

341 2478 651 2554 cujusdam
695 2480 1021 2556 singularis.
1112 2480 1272 2543 Area
1316 2482 1568 2560 denique
1613 2480 1925 2543 ineffabilis
1974 2489 2080 2555 est,
2129 2484 2345 2560 quippe
2387 2498 2610 2543 meson.

514 2578 600 2633 Sit
634 2586 932 2649 octogonus
968 2579 1375 2654 VQTOXR8P‚
1424 2581 1586 2639 stella
1619 2598 1747 2637 vero
1782 2580 2244 2651 VOSQXPTRV:
2301 2598 2422 2637 cum
2456 2581 2622 2651 igitur
2655 2582 2832 2638 lineae
2867 2582 3042 2651 binae,

339 2656 491 2712 verbi
527 2672 695 2712 causa
730 2657 854 2728 ΩΤ,
895 2657 1014 2724 ΤΟ,
1062 2660 1579 2730 comprehendentes
1615 2661 1875 2733 angulum
1910 2666 2058 2716 octo·
2447 2679 2545 2732 rig.
2577 2680 2640 2723 10.

345 2734 600 2807 gonicum
637 2733 796 2803 QTO,
834 2740 1221 2794 connectantur
1256 2740 1512 2796 extremis
1548 2738 1612 2811 Q,
1650 2740 1715 2812 Ο,
1755 2739 1901 2798 linea
1937 2755 2063 2795 con-

342 2823 567 2873 nectens
614 2823 699 2871 est
743 2816 890 2873 latus
936 2819 1231 2889 tetragoni,
1290 2820 1417 2889 quia
1471 2819 1539 2876 de
1587 2827 1711 2876 octo
1771 2820 1932 2876 semis
1984 2825 2069 2875 est
2359 2775 2812 2891 ,,..κ;;;,.ῑ.““·’ξ“““πἮ

341 2903 594 2965 quatuor.
677 2897 825 2966 Ergo
881 2896 1155 2969 descripto
1210 2905 1496 2969 tetragono
1546 2903 1627 2970 (ut
1680 2898 1817 2955 alios
1867 2897 2066 2953 descri-
2267 2879 2427 2979 ²⁵²5ssssss
2471 2915 2596 2943 --J-
2628 2895 2703 2947 ²
2758 2895 2928 2991 ''Q-⁵2²³?

340 2975 507 3030 bendi
558 2976 810 3045 octogoni
856 2976 1043 3032 modos
1080 2977 1352 3046 omittam)
1386 2978 1443 3032 in
1478 2976 1698 3047 circulo,
1741 2975 1970 3032 ducatur
2003 2975 2061 3030 in
2231 3019 2234 3022 1
2267 2963 2463 3039 siffis&
2487 2979 2559 3047 ,ςςῇ
2592 3007 2616 3043 2
2640 2963 2876 3047 fflT---fsf'

334 3052 480 3109 latus
518 3053 638 3123 ejus
673 3054 767 3122 OQ
807 3070 875 3109 ex
911 3063 1096 3111 centro
1141 3057 1188 3110 L
1223 3056 1707 3126 perpendicularis,
1756 3070 1949 3111 secans
1985 3053 2061 3109 la·
2251 3027 2267 3063 ”
2299 3026 2307 3136 :²
2351 3043 2499 3135 ²³3.ss
2583 3047 2724 3139 “5222
2920 3043 2964 3075 ²

336 3138 425 3188 tus
473 3132 533 3187 in
568 3133 653 3203 M,
703 3147 887 3188 arcum
918 3134 976 3188 in
1016 3134 1065 3189 Τ
1098 3134 1285 3204 (Eucl.
1321 3135 1366 3190 1.
1398 3135 1506 3205 12),
1554 3150 1661 3204 quo
1706 3133 1854 3190 facto
1904 3139 2065 3189 erunt
2135 3191 2140 3194 Α
2175 3103 2403 3211 .³.·{„..{3f²2.
2432 3127 2463 3191 :²²
2559 3203 2563 3207 ¹
2716 3123 2812 3167 ’Ἢ
2872 3159 2916 3211 μ
2956 3131 2992 3212 ῑξ.

339 3219 569 3282 quartae
612 3213 783 3281 partis
831 3213 1018 3268 circuli
1052 3212 1148 3281 OQ
1193 3214 1334 3269 duae
1374 3221 1587 3284 partes,
1635 3229 1710 3270 sc.
1754 3228 1915 3270 arcus
1950 3212 2062 3282 OT,
2127 3195 2343 3294 ΤΓ-ἶῑζ
2399 3215 2486 3264 .*.-
2567 3215 2700 3280 *ff-
2729 3211 2784 3280 {ts
2800 3191 3032 3288 -'H÷‚,-†:“7'ls

339 3291 433 3359 TQ
468 3291 727 3361 aequales
763 3292 940 3360 (Eucl.
966 3293 1066 3348 111.
1108 3295 1213 3361 30).
1288 3293 1559 3349 Gonnexis
1593 3308 1723 3362 ergo
1758 3290 1978 3362 puucth
2015 3289 2060 3343 Ο
2117 3300 2123 3308 ”
2231 3360 2235 3368 .
2287 3292 2295 3366 ,¹
2339 3292 2423 3368 3²²²*
2435 3307 2499 3372 ³2...
2672 3368 2675 3372 .
2708 3268 2884 3369 ’ἐμὲ

340 3378 397 3425 et
430 3370 506 3438 T,
555 3370 661 3426 erit
693 3370 786 3427 OT
821 3378 973 3426 recta
993 3370 1149 3427 ‘latus
1186 3373 1462 3443 octogoni,
1500 3381 1556 3428 et
1588 3371 1850 3430 connexis
1885 3371 1932 3427 O
1946 3412 1964 3441 ,
2018 3370 2058 3427 8
2227 3376 2255 3448 ,Ji
2287 3368 2351 3440 'f'
2451 3340 2728 3452 fjgss'ss'ssrr'gjp
2788 3340 2828 3444 ’Ἃ
2864 3380 2868 3444 Ι
2912 3368 2972 3452 ἦρί

342 3451 444 3506 erit
480 3449 568 3506 os
605 3449 750 3506 lama
785 3449 994 3506 stellae.
2235 3432 2458 3524 *eff-‘²‘
2632 3476 2848 3516 Ἣ
2872 3452 2904 3512 ‚f
2920 3452 2932 3472 2⁶

516 3530 775 3584 Connexo
813 3533 995 3583 centro
1032 3530 1078 3584 L
1115 3546 1235 3585 cum
1271 3529 1338 3599 Q,
1384 3532 1513 3601 quia
1550 3530 1706 3600 QML
1741 3537 1830 3587 est
1863 3536 2063 3597 rectus,
2247 3516 2279 3556 ὓ
2303 3524 2495 3612 ’ἐζ-..Ἢ
2531 3556 2551 3608 ’.κ
2709 3516 2904 3603 ”Ϊ,,.4-;“ῑ;τ”““Ἐ

342 3623 469 3676 ergo
490 3605 605 3676 QL,
643 3603 870 3661 effabilis
904 3605 1255 3676 longitudine,
1289 3616 1472 3680 potest
1497 3609 1604 3679 QM
1642 3617 1695 3664 et
1720 3608 1844 3677 ML,
1881 3612 2065 3676 potest
2387 3584 2748 3652 “rammi-4:533

342 3695 522 3742 autem
561 3685 657 3753 QL
692 3685 1086 3746 semidiameter
1120 3685 1345 3757 duplum
1382 3688 1553 3757 ipsine
1590 3687 1698 3755 QM
1734 3684 2051 3741 semilateris

341 3756 676 3826 tetragonici.
748 3757 895 3826 Ergo
933 3757 1041 3824 QM
1079 3764 1134 3811 et
1168 3758 1276 3812 ML
1312 3766 1438 3813 sunt
1475 3757 1730 3827 aequales
1768 3761 1824 3810 et
1859 3762 2092 3824 utraque
2126 3754 2354 3811 effabilis
2397 3755 2514 3811 sola
2548 3755 2793 3826 potentia
2825 3765 2925 3821 per
2961 3751 3044 3808 35.

342 3836 524 3906 hujus.
600 3834 730 3889 Plus
765 3835 930 3902 igitur
965 3842 1148 3906 potest
1180 3837 1278 3907 LQ
1316 3852 1476 3906 quam
1508 3837 1617 3892 LM
1652 3834 1899 3906 potentia
1931 3833 2102 3903 ipsius
2137 3833 2270 3902 Mo,
2304 3850 2443 3903 quae
2479 3834 2814 3904 longitudine
2847 3838 2934 3888 est
2966 3831 3046 3886 in-

345 3914 843 3972 commensurabilis
877 3915 985 3984 ipsi
1016 3914 1128 3984 LQ.
1204 3917 1313 3972 Sed
1348 3924 1478 3973 sunt
1514 3914 1771 3986 aequales
1807 3913 1905 3982 LQ
1943 3921 2000 3968 et
2032 3914 2120 3972 LS
2155 3920 2212 3970 et
2244 3914 2357 3969 LT.
2428 3915 2575 3983 Ergo
2613 3912 2914 3983 composita
2949 3910 3049 3966 SM
3154 3972 3165 3983 ,

346 3996 448 4051 erit
481 3993 771 4050 binominis
807 4001 1015 4063 quarta,
1053 3994 1207 4063 cujus
1244 3996 1463 4050 nomina
1497 4001 1624 4050 sunt
1660 3995 1745 4049 SL
1785 4002 1841 4049 et
1875 3993 1997 4061 LM,
2035 4007 2134 4062 per
2170 3991 2376 4048 definit.
2413 4000 2539 4047 ante
2574 3993 2639 4046 X.
2676 3993 2746 4048 48
2782 3990 3046 4055 Euclidis,

346 4075 591 4130 Beeidua
636 4089 761 4129 vero
804 4074 912 4128 MT
957 4074 1059 4129 erit
1106 4080 1359 4142 apotome
1404 4082 1627 4143 quarta,
1676 4074 1836 4142 cujus
1882 4072 2102 4128 nomina
2148 4073 2243 4127 TL
2288 4081 2343 4126 et
2386 4072 2492 4126 LM
2538 4088 2638 4143 per
2679 4070 3046 4127 definitionem

348 4163 471 4210 ante
505 4156 573 4209 X.
612 4154 680 4209 85
715 4153 978 4209 Euclidis.
1048 4154 1125 4209 Et
1161 4154 1290 4222 quia
1321 4154 1423 4208 MS
1457 4151 1744 4209 binominis
1779 4157 1978 4221 quarta
2010 4159 2068 4205 et
2102 4150 2189 4205 ST
2222 4148 2480 4219 effabilis,
2527 4165 2694 4218 quare
2741 4165 2841 4218 per
2874 4149 2938 4202 X.
2977 4149 3045 4203 57

350 4232 505 4288 Eucl.
543 4232 691 4287 linea
726 4233 830 4302 QS,
866 4248 1005 4301 quae
1040 4239 1223 4301 potest
1256 4231 1632 4302 rectangulum
1666 4232 1769 4287 sub
1805 4230 1956 4301 ipsis,
1992 4237 2078 4285 est
2112 4230 2320 4283 mizon:
2375 4228 2454 4284 sic
2490 4229 2618 4297 quia
2652 4228 2759 4283 ΤΜ
2796 4235 2881 4284 est
2914 4242 3042 4295 apo·

350 4318 493 4365 tome
541 4318 735 4380 quarta
781 4317 837 4367 et
874 4310 959 4366 TS
995 4309 1249 4374 effabilis,
1295 4326 1426 4381 ergo
1465 4309 1561 4379 TQ
1594 4309 1740 4367 latus
1777 4308 2081 4378 octauguli,
2125 4314 2321 4378 potens
2373 4305 2747 4375 rectangulum
2780 4304 2881 4360 sub
2918 4302 3043 4371 MT,

352 4390 454 4459 ΤΒ,
489 4398 579 4446 est
613 4389 832 4445 elasson
867 4389 1041 4458 (Eucl.
1078 4391 1146 4445 X.
1185 4389 1287 4457 94).

522 4469 810 4524 Elementa
841 4469 1055 4525 illarum
1091 4477 1220 4525 sunt
1252 4469 1310 4524 in
1360 4469 1465 4525 hac
1517 4467 1908 4536 delineatione,
1956 4465 2052 4522 ΡΑ
2089 4463 2263 4533 majus
2299 4468 2356 4518 et
2387 4462 2484 4517 AT
2527 4460 2720 4516 minus.
2791 4460 2930 4516 Nam
2973 4455 3045 4513 ad

353 4546 445 4602 PA
478 4547 670 4603 addita
699 4548 817 4617 AT,
854 4547 984 4603 facit
1017 4547 1110 4602 ΡΤ
1143 4548 1287 4603 latus
1322 4547 1535 4604 stellae:
1572 4562 1790 4604 rursum
1825 4561 1860 4600 a
1892 4545 1987 4600 PA
2022 4543 2107 4597 vel
2142 4543 2238 4596 YT
2274 4541 2458 4599 ablata
2492 4541 2601 4611 TA,
2638 4539 2896 4609 relinquit
2928 4538 3043 4608 AY,

354 4627 407 4682 id
440 4635 527 4684 est
564 4625 660 4693 Qv
696 4627 841 4683 latus
890 4627 1157 4696 octogoni.
1233 4627 1451 4683 Scilicet
1497 4626 1711 4682 elasson
1755 4624 1854 4693 ΤΟ
1900 4627 2085 4693 potest
2129 4620 2352 4690 duplum
2402 4620 2882 4690 prosharmozusae
2918 4617 3042 4684 TA3

356 4717 410 4762 et
452 4707 598 4763 latus
646 4707 917 4775 tetragoni
968 4707 1060 4775 QP
1104 4712 1288 4775 potest
1321 4714 1614 4775 utrumque
1650 4705 1976 4761 elementum
2012 4700 2106 4758 ΡΑ
2143 4710 2200 4757 et
2231 4702 2346 4771 AQ,
2396 4700 2454 4755 id
2489 4706 2574 4756 est
2605 4699 2720 4755 AT.
2792 4698 2868 4753 Et
2904 4698 3047 4754 sicut

356 4787 451 4842 PX
483 4787 664 4842 mizon
700 4787 769 4841 ad
806 4786 980 4854 majus
1016 4785 1341 4842 elementum
1373 4785 1494 4849 ΡΑ,
1531 4786 1610 4841 sic
1647 4785 1741 4852 TQ
1778 4785 1994 4840 elasson
2029 4783 2098 4838 ad
2133 4783 2308 4837 minus
2346 4780 2667 4835 elementum
2703 4778 2798 4833 TA
2813 4821 2826 4848 ,
2879 4783 2935 4832 et
2969 4775 3044 4830 vi-

358 4867 564 4934 cissim,
615 4874 676 4920 ut
710 4867 888 4934 majus
925 4866 1248 4921 elementum
1280 4864 1375 4918 PA
1412 4863 1484 4918 ad
1516 4864 1693 4919 minus
1728 4861 1852 4932 AT,
1889 4862 1968 4918 sic
2002 4862 2179 4919 mizon
2214 4861 2308 4916 PX
2343 4860 2414 4915 ad
2450 4860 2749 4914 classonem
2785 4855 2897 4925 TQ.
2969 4855 3043 4911 Ut

359 4960 485 5013 pars
518 4947 692 5015 major
726 4944 800 5000 ad
833 4945 1110 5013 minorem,
1146 4942 1229 4999 sic
1260 4949 1438 4998 totum
1470 4942 1543 4998 ad
1576 4941 1953 5001 differentiam.
