3567 5625
670 420 752 485 nnsl
768 430 817 485 rvr
833 430 923 500 capus
939 429 999 486 vu
1147 458 1148 461 a
1444 420 1510 483 aaa

164 606 306 680 animum,
340 610 430 680 atque
451 601 490 662 ad
511 620 548 664 ea
570 615 767 685 consequatur
793 610 894 686 aliqua
921 609 1065 686 generalis
1094 609 1155 666 nati
1182 604 1355 676 infelicitas,
1387 608 1419 660 ut
1440 599 1509 659 hinc

164 702 260 752 uatum
283 696 323 751 sit
345 692 547 768 proverbinmz
569 695 660 754 nuda
681 698 840 757 calamites
860 699 942 772 sola;
965 699 1047 758 Deus
1070 711 1139 755 vero
1162 694 1240 754 hunc
1261 699 1383 752 naturae
1405 688 1510 747 inrisi-

165 780 263 839 biliam
287 796 404 839 cursum
426 795 485 839 uon
506 779 674 857 frequenter
696 784 854 863 impediat,
885 788 957 862 quia
977 786 1149 864 pierumque
1172 783 1260 843 etiam
1282 796 1318 839 ex
1341 776 1392 836 illo
1415 779 1510 852 impe·

164 868 289 926 dimento
312 867 424 926 tutelae
453 869 522 926 honi
545 870 658 947 aliquid
680 888 834 948 procurare
856 875 956 945 novit,
987 873 1066 949 quod
1087 869 1278 950 periclitanti,
1308 869 1332 925 si
1356 868 1381 923 is
1403 864 1516 942 placet,

164 957 239 1013 bono
262 953 365 1026 cedat,
387 957 432 1012 sin
456 953 606 1035 displicet,
635 959 735 1034 justae
759 960 908 1020 vindictae
931 961 1049 1020 modum
1072 959 1203 1036 impleat.
1248 955 1325 1016 Sane
1354 954 1378 1011 ai
1401 953 1511 1011 malurn
1554 988 1562 1001 ,

163 1045 316 1101 imminens
338 1058 399 1099 non
421 1052 520 1118 potest
542 1046 681 1121 impedire
704 1048 827 1125 augelus
850 1056 966 1121 custos,
997 1049 1097 1108 moitet
1124 1045 1226 1105 saltem
1258 1042 1379 1101 occultis
1406 1038 1511 1111 modis,

164 1141 194 1189 at
216 1134 394 1206 imparatum
415 1132 508 1207 perire
524 1148 583 1191 non
595 1136 676 1191 sirrat
690 1135 834 1195 clientem.
880 1135 988 1212 Qualia
1003 1138 1156 1214 praesagia
1175 1134 1409 1203 monitionesque
1423 1129 1512 1186 etiam

164 1220 277 1276 rniuam
299 1218 382 1276 illam
405 1220 513 1276 montis
535 1235 676 1296 nuperam
699 1224 727 1278 in
751 1221 854 1283 Rhetis
877 1231 1106 1301 praecesserunt.
1137 1227 1236 1291 (comp.
1256 1225 1275 1275 1.
1298 1220 1373 1287 tto.)

248 1305 294 1365 Sit
317 1307 406 1380 igitur
427 1305 484 1363 hoc
505 1310 622 1365 tertium
644 1310 778 1368 fortunae
801 1310 927 1370 hominis
949 1311 1169 1370 fundamentum
1188 1302 1294 1364 saltem
1307 1300 1511 1380 conjecturale,

116 1432 118 1443 .
165 1392 235 1450 nihil
257 1392 337 1451 enim
358 1392 479 1450 affirmo.
524 1393 718 1455 Redeuudum
740 1413 817 1456 nuuc
840 1400 925 1458 nobis
948 1406 993 1458 est
1020 1397 1058 1458 ad
1081 1394 1343 1457 considerationem
1366 1391 1512 1452 essentiae

165 1479 311 1539 facultatis
334 1482 450 1539 animae
474 1482 581 1543 vitalis.
628 1481 736 1558 Quaeri
758 1502 786 1543 n.
810 1494 920 1563 potest,
946 1482 976 1545 'si
999 1486 1149 1545 character
1170 1481 1244 1542 coeli
1275 1483 1303 1537 in
1327 1485 1436 1555 puncto
1460 1474 1513 1534 de-

165 1585 242 1626 mam
271 1569 437 1626 naucitatis
465 1566 578 1641 influit,
609 1587 646 1628 an
674 1574 762 1647 igitur
790 1573 886 1632 foetus
917 1576 946 1631 iu
968 1582 1054 1649 partu
1085 1572 1201 1630 demum
1224 1570 1370 1643 concipiat
1397 1566 1514 1624 animae

167 1657 284 1714 sitalem
314 1654 484 1714 facultatem
513 1666 542 1715 et
571 1670 667 1716 utrum
698 1676 764 1718 eum
796 1668 863 1720 ante
892 1669 1007 1737 partum
1035 1661 1191 1718 inanimem
1220 1654 1337 1715 dicam?
1367 1650 1515 1715 'Omnino

165 1745 310 1819 propriam
338 1743 459 1803 vitalem
486 1746 681 1822 energeticam
710 1746 878 1807 facultatem
906 1759 974 1807 tuuc
997 1748 1113 1807 dantum
1137 1754 1204 1805 actu
1237 1743 1377 1819 concipit,
1407 1757 1514 1799 cuma

166 1840 255 1889 matre
283 1844 452 1905 separatum
485 1840 574 1891 antea
603 1844 752 1894 matemae
785 1833 952 1896 flammulae
983 1836 1083 1895 vitalis
1112 1820 1203 1893 radiis
1233 1830 1433 1889 illustrabatur
1462 1844 1515 1907 per

167 1935 270 1977 renam
293 1928 323 1977 et
344 1921 481 1977 arteriam
503 1919 702 1995 umbilicales,
732 1938 809 1997 quae
833 1926 939 1982 arteria
961 1925 989 1980 iu
1014 1939 1063 1983 cor
1085 1923 1181 1982 foetus
1202 1921 1353 1988 inseritur,
1377 1922 1514 1991 separato

166 2016 263 2065 meatu
285 2006 324 2064 ab
348 2009 383 2062 iis
405 2004 531 2080 duobus,
555 2010 663 2083 quibus
686 2020 791 2085 postea
811 2013 957 2088 propriam
981 2014 1060 2070 vitae
1075 2011 1222 2070 mmmam
1238 2005 1321 2065 aleus
1346 2007 1425 2062 intus
1448 2001 1517 2060 hinc

165 2096 336 2168 sanguinem
366 2092 433 2151 iude
462 2097 559 2153 alirem
590 2113 627 2154 ex
656 2098 845 2174 pulmonibus
877 2099 992 2170 haurit,
1024 2100 1074 2174 qui
1103 2100 1256 2173 separatus
1285 2090 1380 2153 cordis
1402 2096 1516 2149 meatus

167 2198 230 2241 cum
253 2179 347 2273 primo
372 2183 451 2239 vitae
474 2180 522 2241 dia
545 2183 681 2243 concidat
702 2188 878 2262 penitusque
903 2193 1070 2259 evanescat,
1094 2192 1127 2242 ut
1141 2182 1213 2241 mihi
1227 2180 1342 2256 Progne
1364 2182 1394 2236 iu
1415 2174 1518 2238 sucula

167 2285 265 2328 recens
289 2268 370 2326 edita
393 2272 567 2346 monstravit
589 2268 735 2348 Georgius
757 2271 913 2344 Horatius,
937 2271 1065 2333 Hassiae
1089 2270 1267 2347 [landgravii
1290 2264 1439 2336 medicus,
1462 2280 1518 2322 na·

170 2370 251 2415 turae
266 2358 357 2414 totius
374 2355 620 2433 consultissimum
632 2353 669 2438 ¹⁸)
691 2359 759 2418 hinc
774 2363 862 2435 igitur
877 2369 1049 2437 argumenta
1064 2359 1148 2433 duco,
1172 2374 1222 2416 cor
1244 2356 1355 2425 foetus,
1383 2351 1451 2410 dum
1474 2357 1520 2410 est

170 2446 198 2500 in
222 2454 316 2516 utero,
340 2458 398 2501 non
418 2445 516 2502 minus
540 2445 590 2505 illo
613 2456 695 2505 motu
717 2447 843 2525 systolen
866 2456 896 2505 et
919 2447 1074 2520 diastolas,
1098 2463 1185 2523 quam
1208 2443 1398 2520 respiratione
1422 2452 1520 2497 carcre

172 2547 265 2605 eoque
289 2532 369 2589 vitae
392 2534 527 2607 propriae
550 2532 748 2593 flammamin
772 2550 808 2594 eo
830 2534 961 2593 nondum
983 2538 1131 2595 iucensam
1154 2548 1227 2593 esse.
1274 2530 1312 2588 Et
1333 2538 1366 2586 nt
1387 2527 1520 2584 insistam

34 2638 35 2643 ¹
120 2656 124 2661 ·
173 2617 328 2694 analogiae
350 2616 510 2679 fidissimae
531 2620 651 2690 firmina,
674 2623 716 2679 nti
738 2638 771 2680 se
793 2621 884 2682 habet
898 2623 995 2681 fumus
1011 2623 1080 2682 tecti
1094 2622 1195 2695 lignei,
1220 2626 1338 2696 propter
1355 2611 1520 2674 incendium

170 2707 248 2778 tosti,
271 2703 311 2763 ad
335 2705 490 2779 flammam,
514 2723 590 2783 quae
614 2707 686 2766 illud
708 2711 806 2768 subito
830 2711 955 2786 corripit,
979 2711 1021 2769 ita
1036 2727 1068 2770 se
1084 2698 1173 2768 habet
1193 2715 1222 2766 et
1237 2704 1277 2778 id,
1301 2702 1380 2780 qnod
1397 2705 1425 2759 in
1440 2698 1521 2761 foetu

170 2791 328 2871 praeeedit,
354 2792 392 2852 ad
409 2793 527 2853 vitalem
551 2795 729 2868 facultatem,
753 2797 790 2855 ab
813 2799 877 2876 ipso
899 2806 984 2874 parto
1007 2805 1058 2856 urit
1079 2795 1169 2874 paolo
1192 2802 1279 2854 antea
1301 2794 1457 2851 incensam.

258 2880 291 2937 ln
323 2881 380 2938 hac
409 2884 497 2957 igitur
522 2885 663 2943 facultate
692 2884 818 2943 hominis
842 2886 942 2959 rituli,
972 2888 1014 2946 eie
1038 2889 1156 2945 incensa
1185 2885 1215 2939 in
1238 2887 1337 2960 partu,
1365 2878 1522 2956 praecipue

173 2968 283 3028 relucet
309 2967 382 3026 illud
410 2972 502 3030 instar
531 2974 707 3044 memoriae,
738 2972 817 3048 quod
848 2990 938 3050 supra
962 2977 1051 3032 etiarn
1080 2975 1110 3030 iu
1134 2974 1233 3032 anima
1254 2968 1361 3027 Terrae
1393 2963 1522 3038 ostendi3

172 3073 237 3115 cum
260 3068 344 3115 tanta
367 3057 405 3114 sit
427 3059 593 3117 constantia
615 3060 790 3124 characteris
813 3061 949 3120 coelestis
977 3061 1165 3135 omniumque
1187 3058 1325 3116 thematis
1347 3052 1522 3130 genethliaci

138 3157 140 3162 ’
171 3147 307 3220 partium,
339 3151 421 3203 tanta
444 3144 618 3206 durabilitas
641 3148 705 3222 ejus
728 3149 756 3203 in
780 3150 887 3214 anima,
911 3156 943 3206 ut
966 3156 1034 3206 ante
1057 3149 1137 3206 vitae
1159 3145 1247 3204 finem
1269 3157 1327 3202 nou
1352 3140 1522 3218 deponatur,

172 3249 237 3290 eum
260 3232 300 3290 ad
323 3246 425 3290 omncs
455 3231 638 3307 planetarum
667 3237 806 3293 transitus
836 3252 888 3312 per
909 3234 976 3294 loca
1006 3234 1143 3293 thematis
1169 3232 1328 3310 praecipua
1354 3245 1419 3287 sese
1442 3242 1524 3286 com-

172 3329 290 3378 moveat
319 3319 393 3377 lraec
421 3319 564 3394 facultas,
587 3321 707 3399 perinde
738 3338 774 3380 ac
805 3324 829 3380 si
861 3322 927 3380 loca
960 3320 1011 3380 illa
1038 3339 1096 3380 uon
1126 3328 1224 3381 essent
1245 3317 1388 3386 imagines
1418 3312 1523 3383 nudae,
1630 3363 1637 3372 ,

172 3408 344 3482 superstites
367 3408 397 3462 in
421 3409 538 3476 anima,
569 3425 664 3467 rernm
687 3425 763 3484 quae
787 3407 897 3467 dudum
921 3410 1113 3482 transierunt,
1146 3407 1197 3466 scd
1220 3422 1291 3463 vera
1313 3400 1409 3460 sidera
1431 3410 1460 3459 ct
1482 3401 1526 3458 sic

172 3511 230 3552 noo
252 3510 346 3565 unns,
376 3493 428 3552 sed
451 3492 524 3567 duo,
557 3497 637 3554 verbi
661 3513 768 3567 causa,
796 3494 881 3555 Solea
905 3498 934 3553 in
957 3496 1041 3556 coelo
1064 3502 1163 3555 essent
1191 3496 1278 3569 inqua
1300 3506 1390 3547 nurum
1413 3489 1524 3547 cenent

175 3598 268 3658 eoque
293 3583 374 3639 coitu
396 3591 502 3640 natura
529 3581 677 3642 facultatis
710 3582 808 3642 vitalis
829 3582 919 3641 modo
949 3581 1117 3659 supradicto
1140 3575 1379 3641 commoreretur.
1425 3574 1525 3632 Tasti-

175 3673 307 3728 monium
330 3668 418 3742 hujus
442 3672 483 3727 rel
513 3668 705 3728 clarissimum
735 3674 873 3746 omnique
902 3673 1074 3747 exceptione
1096 3669 1193 3745 majus
1223 3674 1268 3726 est
1297 3667 1327 3721 in
1350 3663 1525 3736 cognatione

175 3772 339 3833 geneseon,
364 3760 420 3813 soh
445 3755 551 3831 quibus
574 3768 708 3834 parentes
739 3765 769 3817 et
791 3759 846 3816 sub
870 3760 978 3833 quibus
1000 3773 1100 3837 eornm
1123 3757 1206 3815 libari
1238 3757 1405 3811 nascuntur.
1452 3747 1525 3807 Com

175 3848 253 3903 euim
274 3845 373 3901 foetus
404 3854 448 3901 est
469 3851 616 3919 maturus,
640 3843 765 3904 facultas
795 3847 910 3904 animae
939 3845 1088 3904 formatrix
1118 3852 1147 3904 et
1169 3839 1350 3918 generationi
1381 3836 1527 3914 praefecta

176 3941 245 3990 tunc
268 3932 455 4007 potissimum
478 3948 510 3990 se
533 3935 660 4007 accingit
682 3931 721 3990 ad
743 3930 957 3992 extrudendum
979 3934 1089 3991 foetum
1113 3947 1207 4005 eaque
1231 3928 1398 3987 extrusione
1421 3939 1528 3982 aceen-

176 4018 304 4078 dendam
333 4033 442 4078 noram
473 4019 589 4078 animae
620 4018 742 4077 vitalem
764 4020 952 4090 facultatem,
985 4037 1051 4080 cum
1079 4018 1185 4092 sidera,
1219 4018 1249 4073 in
1272 4013 1356 4074 sedes
1378 4019 1527 4092 maternae

178 4117 358 4183 paternaeve
381 4120 523 4180 geneseos
545 4109 647 4165 autin
671 4105 916 4182 configurationes
933 4107 1051 4166 casdem
1070 4123 1196 4174 reversa,
1220 4103 1377 4164 admouent
1400 4100 1528 4158 animam

177 4196 225 4252 sui
254 4195 348 4269 ipsius
375 4194 480 4267 suique
503 4191 679 4253 characteris
712 4195 858 4254 coelestia.
908 4193 985 4253 Vide
1017 4195 1067 4253 lib.
1098 4193 1135 4253 de
1165 4192 1258 4252 Stella
1285 4189 1373 4249 Nova
1401 4185 1451 4246 fol.
1476 4186 1527 4244 tt.

177 4277 223 4345 tu·
242 4275 317 4342 us.)
439 4336 443 4346 .

264 4364 344 4442 Quid
367 4365 445 4442 quod
475 4384 533 4428 uon
556 4379 671 4430 tanturn
693 4386 779 4429 veros
810 4370 950 4427 transitus
975 4367 1157 4445 planetarum
1184 4379 1236 4442 per
1256 4363 1323 4420 loca
1348 4360 1441 4418 nativi
1463 4357 1530 4416 the·

178 4457 264 4513 matis
287 4454 362 4513 haee
384 4454 509 4514 facultas
532 4459 688 4531 observat,
721 4455 773 4515 sed
797 4459 886 4515 etiam
909 4456 1109 4514 successiones
1132 4454 1258 4529 partium
1281 4447 1370 4519 coeli,
1399 4462 1476 4522 quae
1500 4446 1529 4504 in

178 4544 278 4618 genesi
308 4540 443 4618 planetas
475 4542 640 4618 habebant,
672 4547 703 4602 in
724 4543 790 4602 loca
813 4545 972 4619 praecipua
1001 4542 1177 4604 thematum,
1208 4552 1284 4612 quae
1314 4536 1530 4593 constituuntur
1610 4573 1612 4578 ,

182 4632 292 4689 exactis
324 4647 343 4686 a
366 4641 452 4706 partu
474 4629 579 4692 diebus
609 4635 746 4707 integris,
779 4632 996 4706 proportionem
1025 4628 1185 4687 observans
1208 4624 1265 4683 diei
1297 4621 1334 4680 ad
1357 4637 1465 4679 anunm
1486 4617 1531 4697 (nt

182 4718 263 4792 eujus
287 4727 411 4791 utraque
433 4719 580 4779 revolutio
595 4720 703 4779 Terrae
726 4716 921 4795 acepernico
945 4711 1091 4791 tribuitur)
1114 4729 1209 4788 eaque
1231 4710 1419 4789 proportione
1442 4723 1531 4785 opera

182 4821 236 4863 sua
257 4822 307 4882 per
330 4813 423 4862 totam
447 4806 537 4866 vitam
553 4808 678 4866 hominis
695 4805 853 4882 dispenset,
878 4813 910 4861 nt
927 4813 1037 4881 quanto
1059 4801 1175 4877 longior
1190 4807 1235 4859 est
1256 4814 1350 4857 annus
1365 4794 1424 4872 dic,
1447 4801 1529 4854 tanto

185 4892 293 4951 tardius
314 4891 435 4951 effectus
457 4910 543 4954 snum
566 4898 594 4952 in
618 4893 777 4952 directione
799 4894 917 4967 signum
939 4899 1092 4967 sequatur,
1125 4904 1213 4966 quam
1235 4888 1351 4963 signum
1380 4884 1410 4940 in
1436 4881 1530 4942 dirac-
