3567 5625
729 357 737 368 ι
774 399 915 482 Apologia
1061 439 1066 452 ‚
1453 393 1518 454 Md

169 576 266 634 etsie
290 574 326 635 de
350 580 462 639 ceteris.
509 575 540 659 3)
563 576 674 655 Quodsi
698 595 783 656 urges
806 579 1025 639 similitudinem
1047 583 1137 649 mem,
1161 581 1194 633 ut
1210 570 1316 632 claudo
1338 571 1427 630 etiam
1442 568 1516 648 pede

168 673 313 739 properet,
337 663 383 724 dic
405 681 524 742 quaeso,
549 664 696 742 quodnam
720 685 756 726 ex
778 670 927 727 concinnis
943 659 1092 744 compared
1118 663 1308 723 cumunitate
1331 659 1517 735 causapuio-

168 750 288 808 sitatis?
333 753 417 812 Anne
440 770 497 811 non
528 771 616 812 unam
640 757 782 834 primum,
812 755 864 816 sed
888 758 986 813 omnia
1007 755 1063 812 trla
1085 749 1171 810 simul
1193 751 1321 812 existunt
1353 753 1421 805 ante
1444 762 1517 804 con-

168 837 344 897 sonantias?
388 840 425 898 itt
453 857 504 899 cur
530 858 588 900 non
615 841 715 918 plura,
749 859 807 902 non
830 843 994 920 pauciora?
1038 840 1075 898 Et
1098 853 1186 914 qnam
1209 837 1247 895 ob
1270 851 1389 895 causam
1419 833 1517 909 quod·

169 924 268 984 libet?
313 926 447 1004 Denique
471 945 547 1004 quae
570 945 659 987 causa
682 930 858 1007 triplicitatis
887 933 1004 1007 inipso
1028 926 1116 986 ortui
1158 923 1248 984 Hisce
1274 922 1419 998 angustiis
1441 920 1516 980 libe·

166 1020 247 1071 ratur
270 1015 304 1087 is,
328 1015 378 1090 qui
401 1017 545 1074 concinna
566 1016 683 1090 singula
707 1017 807 1077 domuit
823 1035 887 1078 esse
913 1018 1089 1077 differentias
1104 1013 1358 1073 consonantiarum
1375 1009 1516 1082 binarum,

167 1102 279 1179 priores
303 1108 434 1162 statuens
458 1107 681 1178 consonantias,
714 1117 776 1164 tum
799 1106 915 1166 demum
943 1108 1023 1182 ipsas
1047 1102 1159 1162 differre
1190 1098 1357 1173 intelligens
1381 1095 1517 1156 differen-

167 1190 299 1263 tiamque
327 1188 384 1247 hoc
410 1192 528 1250 nomine
555 1193 687 1250 concinni
721 1193 902 1270 indigetans,
934 1211 1000 1251 nam
1030 1206 1084 1269 pro
1113 1187 1282 1247 diversitate
1313 1185 1446 1260 bigarum
1469 1184 1518 1243 di-

167 1293 256 1335 versa
286 1274 328 1334 illi
351 1279 509 1352 gignuntur
532 1281 689 1354 concinna,
720 1282 845 1357 denique
869 1283 996 1340 omnium
1025 1278 1223 1356 quaesitorum
1248 1290 1353 1333 causas
1382 1273 1521 1349 expedint

168 1381 203 1422 ex
226 1363 285 1422 boc
308 1373 372 1423 ortu
396 1367 554 1442 assignato.
600 1365 658 1426 Hic
686 1376 718 1426 tu
740 1369 833 1429 multa
854 1369 1017 1440 interseris,
1047 1380 1124 1443 quae
1147 1363 1309 1439 dispeream
1341 1361 1366 1418 sl
1389 1359 1516 1438 rideam,

168 1449 319 1527 quomodo
342 1468 456 1511 mecum
477 1461 625 1529 pugnent3
648 1472 725 1531 qnae
749 1460 820 1538 qnia
841 1475 887 1517 me
909 1473 968 1515 non
991 1456 1123 1524 attinent,
1145 1467 1241 1528 neque
1264 1445 1517 1526 defendensque

168 1539 273 1597 refuto.
1321 1573 1325 1590 .

255 1626 434 1686 eduardum
455 1628 548 1706 sord,
580 1630 693 1705 inquis,
722 1637 841 1705 puncta
869 1629 1004 1689 miram
1036 1648 1056 1688 a
1078 1628 1172 1686 lincis.
1219 1624 1305 1684 Nora
1326 1623 1517 1685 similitudino

168 1730 284 1789 pugnas
308 1717 435 1782 omnium
460 1715 663 1776 dissimillima
709 1716 852 1776 Punctum
883 1724 912 1777 et
933 1717 1013 1776 linea
1043 1722 1107 1773 toto
1129 1728 1234 1791 genere
1263 1710 1412 1786 differunt,
1442 1712 1516 1771 illud

167 1809 257 1876 negat
279 1805 481 1876 quantitatem,
504 1803 561 1862 hoe
584 1806 634 1862 ait
680 1804 829 1864 Concinna
852 1813 881 1865 et
904 1821 1033 1863 consona
1056 1802 1110 1861 snb
1133 1800 1236 1860 eodem
1255 1801 1388 1877 proximo
1410 1816 1516 1875 genere

169 1891 388 1965 proportionum
412 1892 604 1950 continentur.
651 1892 806 1951 bitumen
831 1901 863 1951 ut
884 1892 945 1949 fieri
969 1890 1044 1951 solet
1065 1893 1094 1947 in
1117 1888 1223 1966 plano,
1252 1893 1285 1945 ut
1306 1893 1415 1963 puncta
1438 1894 1517 1948 certa

168 1976 396 2035 determinentur
424 1994 565 2037 concursu
596 1977 754 2053 linearum,
787 1981 837 2038 ubi
866 1978 961 2038 lineae
992 1980 1079 2037 binae
1101 1978 1213 2054 priores
1235 1981 1304 2034 sunt
1332 1981 1441 2050 puncto
1464 1975 1517 2035 illo

169 2080 261 2121 causa
284 2066 336 2121 sui
356 2064 536 2124 determinati
560 2068 643 2139 situs,
667 2070 709 2125 sic
733 2070 821 2126 etiam
844 2084 879 2125 ex
903 2066 1101 2125 consonantiis
1130 2064 1207 2122 binis
1230 2078 1320 2119 unum
1344 2065 1516 2122 concinnum

170 2150 388 2223 determinatur,
412 2152 441 2210 id
457 2152 536 2228 quod
553 2152 757 2213 declarationis
767 2155 863 2213 solum
879 2171 969 2214 causa
981 2152 1089 2212 dietum
1101 2150 1180 2223 volo,
1204 2164 1262 2207 non
1277 2146 1518 2230 probationis.⁸⁰)

258 2237 425 2314 Sequuntur
449 2240 622 2299 Cimmerias
652 2241 806 2316 tenebrae3
837 2243 956 2316 ignosce
979 2239 1106 2299 Roberte
1139 2237 1291 2297 obtusitati
1322 2244 1425 2314 captus
1448 2240 1516 2302 mei.

170 2325 206 2384 ln
228 2325 330 2400 figuris
353 2326 449 2402 planis
472 2328 638 2386 consideras
661 2331 805 2403 trigonus.
830 2337 864 2386 ut
886 2328 1062 2388 elementum
1085 2327 1241 2402 figurarum
1263 2322 1517 2400 simplicissimum,
1554 2323 1556 2344 '

169 2415 197 2470 in
223 2415 338 2484 trigono
361 2414 502 2473 observas
525 2415 626 2488 lineas,
650 2432 724 2490 quas
746 2425 843 2494 partes
865 2417 972 2492 trigoni
995 2414 1136 2493 appellas,
1159 2415 1189 2470 in
1204 2412 1290 2470 lineis
1309 2418 1426 2486 puncta,
1450 2416 1518 2487 qui-

169 2501 223 2560 bus
247 2499 317 2559 illae
341 2509 522 2560 concurrunt.
568 2500 637 2561 Jam
661 2505 867 2561 consonantias
889 2502 991 2579 figuris
1006 2517 1166 2579 comparas,
1190 2507 1291 2558 tonum
1314 2499 1419 2558 lineae.
1457 2501 1540 2559 lix-¹

171 2588 357 2664 spectabam,
390 2596 423 2647 ut
456 2590 532 2648 sicut
562 2607 580 2647 a
609 2592 731 2664 trigonis
761 2589 886 2666 ligures,
919 2593 961 2648 sie
995 2608 1014 2648 a
1042 2585 1353 2648 tonis·coneondntiae
1383 2589 1518 2664 componi

170 2691 332 2748 assererem
364 2675 421 2734 hoc
443 2678 519 2734 enim
543 2675 698 2736 videbatur
718 2682 863 2754 requirere
893 2679 1027 2737 instituta
1053 2677 1127 2735 ratio
1150 2672 1364 2747 similitudinis,
1397 2674 1520 2752 jamque

170 2762 315 2822 habebam
346 2764 375 2820 iu
399 2780 465 2835 ore,
498 2762 646 2842 quidhoc
669 2765 776 2824 dicenti
802 2782 981 2842 reponerem.
1028 2765 1067 2823 tt
1097 2772 1202 2837 tonus,
1230 2769 1263 2820 ut
1284 2761 1392 2835 rideo,
1423 2763 1518 2823 lineae

172 2846 371 2926 eomparatur,
401 2859 434 2909 ut
456 2854 532 2910 sieut
553 2854 583 2909 in
605 2852 706 2928 liguris
727 2852 959 2930 multiplicantur
980 2854 1089 2924 latera,
1120 2854 1162 2911 sic
1184 2853 1212 2908 in
1236 2853 1434 2910 consonantiis
1457 2854 1518 2910 toni

171 2936 371 3014 intelligantur
386 2942 525 2997 acerrari.
572 2938 612 2997 tlt
627 2940 697 3014 qnid
712 2956 786 3016 opus
801 2948 854 3012 est,
877 2941 1014 3013 Robertc,
1039 2948 1133 2999 ortum
1149 2938 1403 2998 consonantiarum
1418 2956 1519 3000 eruere

170 3025 204 3085 de
226 3040 307 3084 novo
330 3041 365 3083 ex
387 3026 530 3085 similibus
552 3025 801 3097 claudicantibus,
832 3045 897 3088 cum
920 3031 959 3086 sit
982 3030 1010 3084 in
1033 3035 1148 3104 promtu
1177 3027 1321 3103 genuinus
1343 3033 1374 3086 et
1395 3016 1518 3086 uerissi-
1552 3042 1557 3051 ⁸

171 3130 236 3171 mne
260 3128 361 3170 earum
385 3123 464 3171 ortus
488 3131 523 3172 ex
547 3117 675 3173 sectione
700 3113 826 3174 chordae
849 3114 1010 3185 circularis,
1040 3132 1115 3191 quae
1138 3113 1170 3172 lit
1193 3130 1244 3190 per
1265 3112 1397 3188 ligures?
1441 3112 1519 3190 Quid

171 3217 245 3276 opus
267 3199 451 3276 transtirgere
474 3199 511 3259 ad
535 3200 751 3260 multitudinem
772 3201 896 3261 laterum
918 3202 1038 3277 figurae,
1061 3205 1084 3258 si
1100 3200 1182 3260 locus
1198 3207 1243 3259 est
1261 3202 1336 3258 ortui
1353 3210 1531 3261 consonau·‘

170 3290 275 3346 tiarum
298 3289 328 3343 in
351 3290 538 3364 proportione
569 3292 790 3347 constitutarum
815 3291 940 3366 partium
970 3287 1092 3347 circuli?
1135 3287 1199 3347 Nou
1223 3287 1347 3361 habeut,
1379 3289 1517 3363 Roberte,

171 3377 380 3434 consonantiae
402 3393 457 3434 sua
479 3375 673 3433 multitudinis
689 3378 807 3434 nomina
824 3392 974 3434 enumero
990 3375 1113 3433 laterum
1132 3375 1252 3449 figurae,
1280 3391 1355 3450 quae
1371 3392 1518 3451 quamque

171 3463 275 3537 giguit
320 3462 358 3520 Et
381 3461 508 3538 quiade
531 3462 635 3522 iisdem
657 3463 757 3538 liguris
779 3472 811 3529 tu
834 3462 973 3535 balbutie,
997 3478 1072 3537 quas
1094 3470 1124 3520 et
1146 3478 1200 3538 ego
1225 3461 1343 3520 adhibui
1367 3462 1404 3521 ad
1428 3479 1518 3537 geue·

170 3552 315 3608 rationem
338 3552 607 3623 consonantiarum,
638 3568 708 3625 age,
739 3549 890 3609 discrimen
914 3549 1067 3609 ostendam
1090 3550 1165 3607 inter
1186 3547 1230 3621 id,
1263 3548 1341 3624 quod
1365 3566 1466 3608 rerum
1489 3558 1519 3608 et
1614 3575 1618 3583 ⁴

171 3636 291 3707 clarum,
314 3645 342 3694 et
364 3636 404 3708 id,
429 3638 506 3711 quod
531 3644 561 3695 tu
585 3640 723 3700 somnias.
769 3637 814 3696 Sit
836 3637 1030 3695 verbicausa
1060 3643 1258 3713 pentagonus,
1286 3636 1365 3694 bunc
1393 3645 1425 3695 tu
1446 3653 1519 3714 pro·

172 3723 218 3782 cul
242 3724 332 3782 dubio
356 3741 538 3801 comparares
561 3733 676 3798 sextae,
706 3727 776 3799 quia
803 3730 836 3782 ut
856 3732 1040 3801 pentagonus
1069 3723 1159 3783 habet
1189 3720 1317 3799 quinque
1340 3722 1447 3799 latera,
1476 3726 1520 3784 sic

173 3816 257 3870 sexta
281 3813 408 3887 quinque
432 3812 522 3870 habet
545 3818 630 3870 tonos
652 3813 841 3889 promiscuos.
890 3812 930 3870 Αι
957 3813 1038 3870 irrita
1068 3818 1112 3870 est
1135 3813 1331 3889 comparatio,
1360 3822 1418 3870 nori
1442 3814 1520 3870 enlm

173 3896 328 3959 discrimen
351 3899 442 3958 ullum
466 3899 575 3957 iudicat
596 3902 671 3958 inter
693 3906 800 3967 sextas,
823 3898 964 3975 majorem
988 3901 1180 3959 etminorem.
1227 3897 1320 3958 Aliter
1341 3916 1406 3976 ego.
1443 3899 1519 3958 Nam
1625 3926 1629 3933 ¹

172 3986 405 4057 consonantiam,
440 4003 515 4062 quae
544 3989 630 4045 tertia
651 3986 746 4061 major
768 3984 886 4055 dicitur,
919 3987 1004 4047 elicto
1027 4003 1064 4044 cx
1085 3994 1269 4062 pentagono,
1300 3988 1349 4062 qni
1381 3987 1519 4046 circulum

173 4073 325 4149 distinguit
348 4076 377 4129 in
402 4091 485 4132 arcus
508 4073 647 4147 aequales
671 4076 811 4149 quinque.
855 4073 926 4133 Sive
957 4075 1045 4149 igitur
1072 4080 1165 4146 totum
1190 4071 1326 4133 circulum
1355 4090 1519 4151 comparem

173 4179 238 4220 cum
263 4170 389 4236 quatuor
410 4162 471 4219 suls
494 4162 611 4235 quintis,
637 4163 701 4220 sire
724 4162 1026 4237 quinquepentagoni
1051 4161 1143 4220 latera
1164 4162 1193 4218 in
1211 4177 1298 4219 unam
1313 4169 1421 4220 rectum
1438 4178 1520 4222 com·

171 4249 269 4325 posita
297 4264 362 4306 cum
385 4247 524 4307 lateribus
553 4247 616 4321 ejus
646 4258 786 4324 quatuor,
817 4251 953 4323 utrinque
976 4248 1047 4307 mibi
1075 4250 1203 4324 gignitur
1230 4249 1379 4325 proportio
1403 4244 1460 4332 *βω
1491 4255 1520 4308 et

173 4337 326 4395 inueniunt
348 4352 446 4409 aures,
480 4350 639 4394 consonare
662 4334 785 4394 chordas
815 4335 948 4411 ejusdem
971 4337 1111 4395 tensionis
1140 4336 1183 4395 sic
1205 4342 1398 4412 comparatas.
1443 4336 1518 4395 Mihi

173 4424 260 4499 igitur
286 4424 415 4498 gignitur
442 4423 542 4499 aliqua
573 4426 763 4482 consonantia
791 4434 1013 4499 apentagono,
1043 4432 1074 4482 at
1099 4440 1158 4481 non
1180 4424 1287 4498 accipit
1307 4438 1429 4496 nomen,
1461 4440 1519 4483 nou

172 4526 322 4569 numerum
352 4516 488 4569 tonorum
518 4526 535 4567 a
557 4518 736 4583 pentagono.
783 4510 820 4569 in
842 4512 865 4567 si
897 4509 978 4567 nulla
1001 4508 1059 4567 alla
1082 4518 1161 4568 esset
1183 4513 1373 4569 consonantia
1403 4519 1520 4587 praeter

174 4598 256 4669 hauc,
280 4605 386 4655 natura
408 4596 485 4656 hanc
507 4599 622 4654 unicam
646 4613 704 4654 non
728 4597 845 4656 doceret
876 4600 903 4653 in
927 4606 1012 4655 tonos
1037 4596 1184 4670 dividere,
1217 4596 1268 4656 sed
1293 4594 1326 4654 ht
1350 4597 1412 4672 jam
1436 4615 1518 4657 com-

173 4672 323 4760 paratione
347 4685 473 4759 plurium
496 4685 752 4743 consonantiarum
776 4688 939 4759 quantitate
956 4684 1161 4760 inaequalium,
1184 4691 1217 4743 ιιι
1237 4682 1396 4743 secundum
1420 4702 1519 4744 eurum

175 4790 309 4832 excessus
340 4774 488 4846 minimos,
521 4787 595 4847 quos
624 4772 767 4830 concinna
797 4771 995 4846 dicimus,'et
1017 4772 1091 4835 baec
1121 4780 1151 4831 et
1180 4773 1256 4831 aliae
1279 4787 1379 4832 omnes
1412 4775 1441 4831 in
1465 4790 1520 4834 sua
