3567 5625
759 436 903 508 Apologia.
1440 446 1503 506 aar

454 521 460 548 i

153 614 259 690 ipsum
273 616 311 675 ab
335 616 592 675 observationibus
621 614 728 676 habere
752 617 960 677 testimonium.
1005 617 1131 678 Rursum
1159 627 1285 678 nonest
1314 619 1504 695 superfluum,

153 701 291 776 Roberte,
316 706 412 763 causis
436 705 576 774 inventis,
600 703 707 779 quibus
731 706 817 761 ceteri
841 711 977 780 aspectus
999 704 1100 764 fierent
1123 705 1272 779 efficaces,
1297 705 1411 778 videre,
1434 725 1504 766 num

153 788 275 848 eaedem
307 808 412 851 causae
443 793 604 868 reciperent
632 794 720 850 etiam
750 790 826 849 alios
849 792 977 850 nondum
1010 794 1216 852 observatione
1239 795 1445 871 comprobatos
1475 804 1505 854 et

154 894 213 953 quo
227 895 375 954 quemque
390 878 493 952 gradu,
517 877 679 954 eademque
695 897 831 937 mensura
847 883 935 939 etiam
952 880 1154 940 efficacitatem
1174 881 1232 939 iilis
1248 881 1391 954 admetiri,
1415 884 1503 940 etiam

152 966 224 1023 citra
247 963 493 1027 observationem.
539 962 578 1024 Ut
601 968 670 1041 quia
701 983 808 1025 causae
832 977 1004 1045 aspectuum
1027 985 1084 1026 non
1109 967 1268 1028 excludunt
1291 968 1426 1041 docilem,
1443 957 1503 1027 ¹tri·

153 1051 295 1126 deciienr,
326 1053 517 1129 sequadrum‚
551 1051 756 1129 sesquadrum,
790 1072 886 1142 neque
921 1041 1017 1114 tamen
1047 1055 1204 1114 admittunt
1237 1055 1304 1114 iilos
1326 1058 1383 1114 uisi
1407 1073 1503 1115 remo·

155 1143 268 1198 tissime
291 1140 383 1216 gradu
406 1150 472 1216 post
495 1139 570 1199 alios
593 1150 695 1214 notos,
720 1144 845 1218 pertinet
867 1143 956 1217 igitur
978 1141 1016 1202 ad
1039 1159 1192 1201 causarum
1214 1145 1334 1201 istarum
1357 1146 1503 1219 coguitio-

153 1244 227 1298 nem,
252 1245 289 1288 ne
312 1228 366 1286 bos
388 1227 506 1304 quidem
529 1228 781 1287 commemorando
805 1231 970 1306 praeterire,
993 1231 1128 1304 quamvis
1151 1229 1188 1287 ad
1212 1229 1278 1288 iilos
1301 1229 1502 1290 observandos

152 1331 210 1372 non
243 1332 350 1392 magna
380 1332 533 1374 cunsamrn
564 1314 752 1375 dicendarum
774 1320 949 1376 necessitate
977 1317 1193 1392 adstringimur.
1239 1316 1368 1376 Possunt
1391 1321 1503 1393 exigua

153 1410 180 1460 et
200 1402 330 1461 obseura
353 1404 381 1459 in
405 1404 607 1480 experimentis
631 1403 780 1478 capiendis
803 1405 1013 1483 praetermitti,
1042 1422 1118 1480 quae
1143 1406 1170 1461 in
1194 1407 1291 1463 causis
1320 1403 1502 1464 elucidandis

154 1506 210 1549 non
239 1499 371 1565 possunt
416 1489 463 1549 ita
492 1490 741 1567 praetervehimur
772 1490 818 1550 hic
847 1490 921 1551 alter
952 1491 1074 1550 alterum
1107 1492 1168 1551 sine
1203 1494 1271 1549 ictn.
1328 1490 1504 1551 Fractioaes

156 1587 251 1635 tamen
284 1583 313 1636 et
336 1580 485 1636 minutiae
508 1577 622 1636 dicendi
652 1595 710 1634 non
734 1589 802 1636 suut
830 1588 967 1656 aspectus
991 1578 1048 1652 ilii,
1080 1595 1153 1657 quos
1177 1576 1394 1650 decatemoriis,
1427 1596 1503 1655 quos

155 1663 416 1738 dodecatemoriis,
441 1682 515 1741 quos
539 1665 733 1742 ogdo'e'moriis
755 1664 868 1724 zodiaci
891 1668 1035 1726 metimur.

242 1751 276 1810 Iu
300 1750 398 1810 Terris
422 1750 551 1811 dixeram
575 1755 652 1811 coire
675 1751 772 1810 radios
794 1753 988 1828 pinnatarum,
1012 1755 1061 1829 qui
1085 1755 1181 1811 coitus
1203 1752 1226 1809 si
1250 1753 1289 1810 sit
1305 1751 1501 1826 harmonicus,

154 1848 222 1897 tuuc
237 1839 353 1916 pluvias
369 1838 512 1899 decidere.
558 1839 604 1898 Tu
621 1843 763 1900 occurris:
788 1843 911 1916 primum
928 1839 955 1897 in
977 1844 1044 1899 ae're
1060 1856 1237 1899 concurrere.
1278 1839 1342 1897 Non
1360 1851 1414 1912 est,
1438 1840 1501 1898 Ro·

154 1926 252 1997 berte‚
287 1925 436 1985 distinctio
459 1928 562 2004 prioris
585 1936 614 1986 et
635 1929 820 2003 posterioris,
850 1928 901 1985 ubi
924 1927 1048 1986 effluxus
1069 1927 1187 1985 luminis
1218 1926 1250 1984 fit
1271 1928 1333 1984 sine
1356 1934 1502 2004 tempore3

154 2024 205 2071 aut
234 2012 282 2072 dic
303 2016 406 2088 prius,
440 2013 469 2072 id
500 2025 545 2073 est
575 2017 707 2090 superins
739 2022 845 2072 centro.
891 2013 1010 2090 Pergis,
1044 2016 1198 2072 mixtiones
1221 2031 1289 2072 suas
1319 2016 1449 2089 accipere
1474 2017 1503 2072 in

154 2105 230 2172 aere,
255 2117 312 2159 non
337 2103 365 2158 in
388 2100 488 2160 Terra
534 2100 611 2176 Quid
635 2103 779 2178 accipiant
803 2100 875 2158 radii
902 2102 947 2160 rei
972 2102 1020 2159 hic
1042 2100 1088 2159 vei
1113 2100 1182 2172 iilic,
1208 2117 1267 2157 non
1289 2104 1385 2178 capio.
1423 2101 1503 2160 Mix-

154 2191 259 2260 tionea,
283 2189 395 2262 inquis;
417 2196 447 2247 at
472 2189 533 2265 ipse
550 2192 644 2247 coitus
667 2200 710 2247 est
733 2189 834 2246 mixtio
857 2187 917 2261 iila,
942 2205 1030 2264 quam
1045 2205 1100 2264 ego
1124 2187 1283 2246 concedere
1307 2189 1359 2246 tibi
1381 2192 1502 2264 possim.

155 2275 295 2334 Dixeram
320 2292 404 2347 vero,
435 2293 548 2352 semper
573 2276 638 2334 illos
661 2278 690 2333 in
713 2275 768 2335 hac
798 2276 1003 2352 conpunctione
1036 2284 1196 2351 mutuaque
1224 2278 1353 2334 sectione
1376 2279 1503 2350 versari3
1604 2307 1617 2314 ·

152 2363 223 2438 quid
248 2365 336 2438 igitur
358 2364 413 2421 sibi
439 2363 501 2421 vuit
523 2362 574 2422 iila
596 2371 647 2421 tua
670 2366 773 2434 oratio,
797 2362 876 2438 quud
898 2366 1073 2422 mintionem
1091 2362 1206 2423 demum
1222 2366 1388 2436 accipiant,
1413 2380 1503 2439 quam

153 2468 277 2527 semper,
301 2454 326 2507 si
350 2453 390 2510 ita
412 2450 507 2521 iubet,
531 2450 648 2510 habent.
695 2451 740 2507 An
764 2450 792 2507 id
818 2450 884 2509 ilios
908 2454 1038 2527 accipere
1063 2453 1091 2507 in
1113 2455 1180 2509 abre
1204 2449 1292 2522 dicis,
1319 2449 1399 2525 quod
1423 2452 1502 2508 mix·

153 2542 225 2597 tioni
249 2538 318 2596 huic
341 2537 399 2608 dat,
423 2546 455 2595 ut
478 2537 529 2595 fiat
551 2537 708 2615 aspectus?
754 2539 845 2613 Atqui
867 2537 924 2596 boc
946 2547 976 2596 et
998 2540 1026 2594 in
1050 2542 1117 2596 a'e're
1141 2547 1170 2596 et
1193 2539 1220 2595 in
1241 2545 1317 2595 terra
1339 2537 1425 2595 simul
1442 2554 1502 2597 uno

154 2636 285 2703 tempore
308 2624 422 2684 accedit
444 2627 489 2683 tris
511 2626 711 2687 mixtionibus.
756 2622 941 2698 Unde„ais,
972 2626 1115 2685 nubesin
1139 2631 1385 2700 regenerantur,
1416 2633 1503 2683 aute·

150 2731 241 2789 quam
264 2711 355 2789 piuat
402 2710 466 2771 Hoc
488 2705 559 2771 saue
583 2730 684 2771 rarum
707 2721 769 2786 est,
802 2714 881 2788 prius
905 2729 969 2771 esse
994 2713 1116 2783 nubem,
1144 2721 1247 2788 postea
1269 2711 1415 2789 pluriam,
1449 2728 1503 2771 nec

152 2818 220 2861 cum
245 2816 301 2876 ego
325 2798 360 2857 de
384 2798 484 2875 pluria
507 2799 584 2874 dixi,
618 2800 725 2859 nubem
748 2800 869 2860 exclusi.
916 2801 955 2858 At
984 2798 1056 2858 iilud
1081 2808 1163 2860 tuum
1185 2799 1267 2858 eade
1298 2799 1322 2856 si
1346 2801 1502 2873 excutiam,

150 2888 292 2960 invenio,
316 2889 583 2963 regenerationem
607 2889 692 2945 uubis
715 2907 749 2947 ex
774 2890 838 2963 ipso
862 2891 929 2946 aiire
951 2889 1078 2947 tribuere
1102 2889 1284 2965 praesentiae
1312 2896 1448 2965 aspectus
1472 2891 1502 2943 iu

149 2981 229 3037 aere.
277 2975 369 3050 Atqui
392 2974 567 3033 cantilenam
591 2976 709 3044 ominis,
733 2975 884 3050 explosam
908 2992 926 3032 a
948 2993 992 3032 mc
1024 2975 1184 3033 rationibus
1208 2973 1346 3032 Harmou.
1370 2973 1420 3031 lib.
1445 2973 1501 3034 IV.

150 3063 203 3124 ilio
229 3065 294 3139 ipso
317 3061 367 3120 toi.
392 3065 469 3135 251,
493 3060 569 3120 unde
593 3072 624 3119 tu
649 3062 739 3120 verba
762 3062 809 3121 bie
832 3080 907 3134 mea,
931 3079 1006 3137 qnae
1029 3063 1184 3133 refutares,
1215 3061 1393 3136 decerpsisti.
1439 3059 1503 3121 Ra·

151 3153 251 3211 tiones
273 3149 401 3208 Roberte
423 3148 656 3227 meas-adorire,
680 3149 786 3225 quibus
809 3148 916 3223 dogma
938 3148 1072 3220 stabilio,
1104 3160 1132 3207 et
1154 3146 1503 3235 pror‘ritrorpostmodurn

149 3258 201 3299 ero
227 3240 256 3295 in
280 3236 462 3297 dimovendis
485 3237 639 3295 instantiis.

241 3322 349 3399 Quaeri
382 3326 459 3382 enim
491 3343 510 3383 a
540 3342 586 3384 me
615 3338 702 3399 posse
731 3321 847 3389 vidisti,
882 3322 989 3398 quibus
1012 3322 1210 3381 instrumentis
1241 3322 1332 3379 sectio
1355 3319 1503 3379 radiorum

149 3412 326 3473 harmonica
356 3410 490 3470 conficiat
520 3428 555 3469 ex
583 3415 649 3470 a'e're
679 3410 801 3480 nubem,
835 3411 894 3466 imo
923 3427 972 3467 cur
995 3427 1082 3467 unam
1110 3411 1207 3486 potius
1230 3410 1304 3466 ae'ris
1328 3408 1502 3483 particulam

149 3516 224 3578 prae
254 3499 314 3558 aiia
337 3508 472 3576 occupet,
504 3498 611 3556 nubem
639 3514 674 3555 ex
708 3515 743 3556 ea
767 3496 912 3565 efficiens,
947 3513 1012 3554 cum
1044 3495 1145 3554 endem
1169 3498 1259 3553 sectio
1289 3497 1318 3551 in
1349 3503 1410 3553 toto
1435 3499 1502 3554 ae're

151 3586 342 3647 circumcirca
364 3588 403 3644 sit
424 3587 583 3662 praesens?
631 3586 668 3642 At
691 3584 768 3659 quod
793 3584 884 3642 nubes
909 3600 965 3641 nou
989 3585 1018 3638 in
1042 3588 1108 3641 aiire
1132 3584 1254 3657 primurn
1279 3583 1421 3655 existant,
1449 3581 1501 3640 sed

149 3677 234 3753 prins
258 3682 398 3750 evaporet
419 3675 541 3731 materia
563 3672 684 3729 nubium
707 3689 742 3729 ex
766 3680 850 3741 terra,
874 3671 930 3728 boc
952 3670 1075 3747 probavi
1099 3668 1176 3728 dicto
1199 3668 1264 3726 ioco
1288 3669 1449 3727 rationibus
1473 3676 1502 3727 ct

150 3762 370 3838 experimentis.
415 3759 498 3818 Haec
527 3777 592 3818 cunr
621 3759 673 3817 tibi
707 3758 830 3817 inissent
856 3756 1058 3816 submovenda
1092 3766 1144 3815 aut
1176 3755 1393 3813 assentiendum
1412 3755 1501 3816 'bene

149 3849 375 3920 demonstratis,
406 3849 530 3907 tn‘satis
560 3846 597 3906 ad
621 3845 842 3905 obtrectandum
866 3861 930 3903 esse
953 3847 1077 3920 putasti,
1109 3847 1133 3902 si
1157 3860 1222 3900 eum
1244 3841 1320 3912 iilis,
1353 3860 1427 3919 quos
1450 3844 1501 3902 iiio

149 3941 218 4016 ipso
242 3935 308 3994 loeo
332 3937 447 4004 taxavi,
471 3934 638 4010 simpliciter
661 3949 797 4007 negares,
821 3934 909 3991 nubis
932 3950 1070 4008 vaporem
1094 3952 1110 3989 a
1135 3942 1211 3988 terra
1233 3932 1315 4003 oriri,
1343 3930 1372 3988 id
1396 3937 1440 3990 est
1463 3931 1501 3989 ab

148 4024 361 4086 extenuatione
384 4022 549 4091 humorum,
575 4024 623 4097 qui
648 4023 677 4077 iu
700 4021 860 4079 visceribus
883 4019 991 4079 'l'errae
1015 4017 1104 4077 latent
1127 4017 1227 4077 abditi.

242 4109 347 4181 Terra,
371 4111 482 4184 inquis,
515 4111 604 4184 quieti
628 4117 673 4165 est
695 4109 863 4186 aptissima,
896 4107 1040 4166 contraria
1069 4107 1147 4165 actui
1173 4107 1305 4175 animae,
1336 4104 1446 4163 scilieet
1470 4112 1502 4163 ut

148 4216 265 4275 neges,
289 4199 383 4256 inesse
407 4198 434 4252 in
459 4196 548 4254 Terra
571 4198 707 4254 animaru.
753 4196 843 4270 Atqui
867 4202 897 4252 et
918 4194 974 4253 hoc
996 4203 1105 4264 terrae,
1130 4191 1207 4267 quod
1232 4194 1307 4248 inest
1330 4194 1357 4248 in
1383 4208 1501 4267 corpore

145 4303 236 4358 meo,
261 4285 353 4360 quieti
378 4290 423 4344 est
445 4286 625 4361 aptissimum
649 4290 751 4357 estque
773 4284 948 4341 contrarium
970 4283 1048 4339 actui
1071 4283 1185 4339 animae
1207 4297 1306 4351 meae3
1333 4279 1409 4336 dum.
1424 4281 1500 4336 enim

145 4374 316 4449 agitatione
338 4374 443 4430 mentis
467 4374 522 4429 ista
543 4370 646 4439 scribo,
670 4372 827 4428 connivent
848 4369 936 4443 oculi,
960 4368 1062 4427 defluit
1085 4376 1180 4445 caput,
1205 4365 1330 4441 deniqne
1354 4367 1500 4425 obsecun-

146 4460 284 4521 dandum
308 4458 376 4518 huic
398 4470 510 4537 terrae,
533 4456 722 4515 dimittendus
745 4454 890 4527 calamus,
915 4473 1019 4533 corpus
1041 4456 1071 4513 in
1095 4465 1188 4513 torum
1212 4452 1426 4529 abjiciendum3'
1454 4457 1502 4509 iu·

146 4545 363 4609 tercedendum
385 4545 453 4603 huic
476 4545 627 4619 agitationi
651 4546 764 4615 mentis,
790 4552 820 4601 ut
843 4547 941 4618 quiete
964 4553 993 4601 et
1007 4560 1109 4601 somno
1125 4559 1228 4617 corpus
1243 4544 1360 4599 truatur.
1398 4540 1501 4616 Neque

145 4647 252 4697 tamen
277 4633 343 4693 inde
366 4634 511 4708 sequitur,
535 4648 592 4690 non
615 4632 710 4689 inesse
732 4632 761 4688 iu
785 4631 841 4690 hoc
864 4639 977 4690 terreno
1000 4646 1119 4705 corpore
1142 4631 1279 4687 animaru.

241 4720 327 4781 Ciere
356 4723 453 4778 a'e'rem
483 4719 520 4779 ad
550 4720 758 4796 praescriptum
788 4726 974 4794 aspectuum,
1008 4717 1063 4774 boe
1091 4733 1145 4789 ego
1169 4715 1228 4773 dixi
1259 4732 1363 4772 munus
1386 4718 1501 4775 animae

145 4813 262 4873 Terrae
287 4817 317 4867 et
340 4807 472 4884 probavi.
517 4805 561 4864 'l'u
586 4807 703 4862 intactis
726 4808 838 4876 causis,
867 4822 918 4863 cur
940 4805 995 4862 hoc
1018 4807 1131 4862 animae
1155 4802 1261 4861 Terrae
1285 4804 1500 4877 transscribam,
1544 4858 1556 4873 ,

143 4902 225 4963 satis
248 4894 358 4965 habes,
387 4893 475 4953 aliam
499 4893 540 4951 iili
563 4893 738 4953 substituere
761 4892 860 4953 mundi
884 4894 1012 4953 animam
1041 4890 1079 4950 ad
1101 4890 1237 4953 obeunda
1258 4889 1370 4953 isthaec
1392 4890 1500 4951 munia.
