3567 5625
681 399 766 459 Liber
781 398 827 457 lv.
847 399 938 470 ceput
954 398 1005 455 III.
1457 406 1520 466 att

165 580 266 641 insunt
293 579 403 655 eidem,
434 587 468 639 nt
497 580 577 656 operi
600 579 667 639 Dei.
712 578 796 655 Qnac
828 597 897 640 vero
919 581 1044 642 materia
1072 581 1262 658 participant,
1292 579 1344 641 illa
1373 579 1461 640 simul
1492 586 1522 643 et

165 685 287 729 numero
318 677 348 730 et
369 666 571 745 magnitudine
600 667 785 746 participant.
809 668 872 735 ‚At
901 667 1133 745 magnitudinem
1163 668 1295 745 seqnitur
1318 685 1416 728 earnm
1447 670 1522 729 situs

166 758 196 815 iu
217 756 301 833 lnc03
332 757 440 834 quibus
469 754 595 831 denique
625 753 732 814 accidit
763 763 860 815 motus
887 755 1000 819 localis.
1044 754 1188 815 Numerus
1218 757 1306 831 igitur
1335 764 1381 818 est
1410 756 1523 835 aliquid

166 851 272 904 natura
294 846 383 923 prius,
396 842 557 916 harmonia,
582 845 652 920 qnia
674 850 790 920 oportet
810 845 949 904 terminos
972 843 1142 903 barmoniae
1157 843 1300 919 cujusque
1315 860 1381 905 esse
1402 861 1523 905 numero

166 932 266 1012 plures
291 949 361 991 uno.
406 930 507 992 Habet
534 939 632 991 tamen
660 937 690 990 ct
721 946 858 990 uumerus
886 933 1045 1009 primorum
1076 929 1176 1007 mundi
1207 946 1359 1008 corporum
1386 951 1456 992 suas
1480 950 1524 992 ex

167 1021 329 1096 geometria
351 1036 472 1095 musas,
496 1036 572 1094 ques
594 1017 669 1077 inira
690 1016 740 1076 lih.
763 1017 802 1076 V.
825 1036 862 1078 ex
884 1019 1027 1096 Mysterio
1051 1037 1116 1079 meo
1140 1017 1388 1097 Cosmographico
1413 1027 1524 1099 repeto.

169 1106 371 1183 Quantitatem
392 1109 525 1183 sequitur
546 1106 650 1182 figura,
674 1104 828 1165 individua
849 1105 914 1182 ejus
936 1109 1110 1185 proprietas,
1133 1123 1209 1184 quae
1233 1123 1284 1166 cur
1297 1107 1423 1183 globosa
1444 1107 1525 1167 side-

168 1196 250 1255 ribus
273 1196 389 1273 ipsique
411 1194 486 1255 adeo
509 1194 618 1253 mundo
642 1193 804 1267 deberetur,
828 1210 869 1253 sc
894 1212 930 1254 ex
953 1195 1098 1271 sphaerici
1119 1195 1290 1272 archetypo,
1314 1193 1343 1254 id
1359 1195 1431 1255 alibi
1453 1213 1525 1273 pas-

168 1285 222 1342 sim
245 1282 323 1342 solet
346 1281 494 1360 explicari.
538 1282 663 1358 Figurae
686 1298 840 1359 corporum
863 1280 1046 1343 diversorum
1073 1285 1173 1343 statim
1196 1285 1331 1359 sequitur
1353 1291 1432 1343 certa
1455 1300 1540 1362 pro--

170 1372 265 1450 portio
289 1387 384 1447 eaque
406 1370 524 1447 triplex:
549 1387 609 1429 uua
630 1369 852 1448 diametrorum,
875 1369 971 1429 altera
992 1370 1226 1450 superficierum,
1253 1372 1341 1431 tertia
1363 1372 1526 1453 spatiiscn

171 1474 335 1537 corporum
380 1457 475 1534 Igitur
496 1460 521 1517 si
544 1475 653 1517 causae
676 1457 779 1516 harum
801 1460 1024 1534 proportionum
1047 1459 1124 1519 aliae
1147 1476 1206 1520 non
1230 1465 1434 1537 suppeterent,
1456 1475 1527 1538 pro·

136 1606 140 1616 ,
171 1545 309 1605 habiliter
331 1563 484 1625 possemus
507 1544 659 1617 affirmare,
683 1563 719 1604 ex
741 1545 901 1605 harmoniis
922 1563 987 1606 esse
1003 1545 1163 1607 desumtas.
1209 1544 1409 1622 Quaecunque
1428 1553 1526 1605 tamen

173 1651 224 1694 eae
248 1640 327 1707 snut,
350 1633 417 1693 illas
439 1631 521 1710 globi
544 1633 689 1692 coelestes
711 1635 774 1691 sine
789 1633 853 1692 ulla
867 1636 1030 1695 mutatione
1054 1633 1231 1707 custodiunt,
1255 1635 1364 1711 quippe
1380 1636 1430 1711 qni
1446 1632 1527 1693 nulle

172 1728 253 1780 motu
278 1723 454 1800 temporisne
485 1720 608 1780 decursu
640 1719 766 1796 maJores
788 1722 954 1782 minoresve
976 1721 1059 1781 finnt.
1105 1720 1197 1782 Serus
1226 1730 1272 1781 est
1301 1739 1367 1781 cum
1389 1724 1427 1781 iis
1457 1738 1528 1799 pro-

174 1809 373 1888 portionibus,
405 1825 482 1884 quae
504 1811 601 1869 insunt
624 1808 795 1886 corporibus
824 1824 915 1868 causa
937 1811 1011 1869 situs
1040 1819 1070 1869 et
1099 1826 1189 1869 eausa
1216 1816 1350 1869 motuum
1371 1809 1527 1882 localium3

176 1896 243 1961 illae
266 1898 345 1955 enim
367 1898 494 1956 retinent
516 1898 665 1972 ingenium
688 1904 785 1955 motus
808 1897 911 1974 ipsius,
935 1899 985 1974 qui
1008 1906 1042 1956 ut
1063 1899 1092 1955 iu
1116 1899 1254 1957 continuo
1275 1896 1355 1973 fleri,
1379 1915 1530 1974 nunquam

174 1985 202 2041 in
231 2000 291 2043 eree
314 1991 465 2063 versatur,
495 1984 538 2042 sic
568 1985 658 2043 etiam
686 1985 889 2062 proportiones
918 1992 1051 2044 motuum
1082 1987 1282 2045 inconstantes
1312 1993 1382 2045 sunt
1404 1984 1530 2062 aliisque

174 2073 356 2150 temporibus
386 2069 475 2131 aliae.
524 2069 635 2130 Verum
664 2070 782 2146 quidem
811 2080 872 2147 est,
905 2076 931 2132 sl
958 2080 1056 2133 motus
1086 2089 1240 2149 corporum
1270 2073 1441 2133 coelestium
1472 2090 1530 2132 uon

175 2162 302 2219 nannet
325 2175 426 2220 eorum
448 2158 603 2218 intervalla
631 2160 818 2218 acommuni
840 2168 920 2219 meta
946 2175 1000 2219 seu
1027 2161 1092 2219 basi
1122 2159 1238 2233 mnndi,
1269 2160 1297 2219 h.
1321 2178 1346 2221 e.
1375 2163 1400 2220 si
1432 2160 1531 2220 nullus

176 2255 251 2308 esset
275 2264 376 2307 eorum
398 2253 495 2306 motus
518 2249 546 2305 in
571 2246 663 2306 altum
686 2255 716 2306 et
737 2246 923 2324 profundum,
947 2247 999 2307 sed
1014 2251 1108 2306 omnis
1132 2251 1161 2305 in
1175 2264 1287 2308 merum
1304 2248 1444 2309 circulum
1459 2265 1531 2308 cou-

176 2336 343 2409 centricum,
367 2342 436 2393 tnnc
458 2351 516 2393 non
540 2341 654 2393 tantum
676 2333 896 2394 intervallorum
918 2338 1069 2413 propertio
1093 2344 1241 2409 constans,
1265 2333 1429 2396 sedetiam
1453 2352 1532 2398 mere

176 2423 347 2485 harmonica
373 2423 472 2481 lutura
500 2422 618 2495 luisset,
648 2423 674 2481 si
704 2438 811 2482 causae
833 2423 911 2482 aliae
941 2438 1000 2482 non
1022 2425 1240 2501 suppetiissent.
1284 2420 1368 2483 Idem
1391 2422 1426 2485 de
1450 2432 1533 2484 motu

176 2509 333 2570 dicendum
355 2527 445 2570 causa
466 2527 538 2570 snae
561 2511 714 2582 essentiae,
738 2508 769 2568 id
791 2518 837 2569 est
858 2527 949 2570 cansa
971 2527 1044 2571 suae
1063 2511 1220 2571 celeritatis
1242 2527 1331 2571 verae
1353 2528 1406 2588 per
1429 2512 1533 2572 aethe·
1570 2508 1578 2521 ‘

176 2615 248 2674 rem,
278 2614 357 2675 quae
379 2600 405 2657 si
428 2605 564 2657 constans
587 2596 709 2675 singulis
737 2605 815 2657 esset
844 2605 874 2657 et
895 2608 1052 2677 perpetua,
1085 2598 1207 2657 dubium
1232 2598 1347 2658 nnllum
1372 2607 1431 2672 est,
1462 2602 1533 2675 quin

176 2685 230 2745 hee
253 2685 437 2745 diversorum
461 2685 623 2746 celeritates
656 2691 686 2744 et
707 2685 860 2745 tarditates
891 2684 930 2745 ad
954 2687 1035 2763 leges
1065 2686 1250 2746 harmonicas
1278 2687 1403 2747 luissent
1425 2694 1532 2761 attem-¹

177 2780 304 2852 paratae.
349 2772 433 2834 Idem
455 2772 581 2851 denique
605 2771 642 2834 de
665 2771 769 2832 eodem
791 2781 873 2832 motu
898 2773 1051 2834 dicendum
1076 2776 1165 2835 etiam
1178 2791 1269 2835 causa
1292 2776 1415 2835 conlecti
1435 2777 1533 2854 spatii,

177 2863 231 2922 suh
253 2861 380 2922 zodiaco
403 2865 580 2941 apparentis.
625 2859 701 2921 Nam
724 2864 749 2920 si
772 2878 874 2921 omnes
896 2862 1033 2940 planetae
1064 2861 1173 2923 eodem
1196 2868 1278 2922 motu
1303 2865 1455 2942 apparenti
1479 2864 1534 2924 snb
1613 2929 1614 2932 Ἴ

178 2949 301 3010 zodiaco
325 2948 496 3010 debuissent
519 2949 661 3022 incedere,
684 2965 739 3007 nec
762 2965 892 3025 unquam
915 2949 1032 3026 longius
1056 2950 1130 3010 alter
1146 2950 1184 3010 ah
1200 2950 1293 3010 altero
1314 2952 1454 3028 separari,
1476 2968 1535 3010 nnn

180 3047 222 3097 est
245 3037 386 3110 dnbium,
417 3040 487 3115 quin
510 3038 594 3098 Deus
618 3036 707 3095 talem
730 3035 846 3096 illorum
879 3039 968 3096 situm
991 3038 1028 3096 ad
1051 3054 1083 3097 se
1106 3046 1208 3097 mutuo
1239 3038 1294 3097 suh
1317 3038 1439 3098 zodiaco
1463 3055 1535 3098 con-

180 3127 324 3185 stituisset
346 3124 414 3186 inde
436 3127 475 3186 ab
498 3128 581 3184 initio
605 3120 767 3204 (siquidem
789 3123 881 3184 libera
905 3133 934 3184 et
955 3141 1014 3184 non
1037 3125 1103 3185 aliis
1124 3126 1308 3186 necessitatis
1324 3124 1438 3204 legibus
1460 3143 1537 3186 nexa

181 3213 282 3274 luisset
314 3212 430 3273 illorum
459 3208 652 3293 dispositio),
682 3213 733 3288 qui
763 3210 956 3289 undiquaque
987 3213 1141 3273 zodiacum
1168 3215 1333 3273 rationibus
1362 3214 1539 3292 dispensaret

182 3299 369 3360 harmonicis.
413 3300 449 3360 Id
472 3301 547 3362 adeo
570 3307 598 3360 at
622 3303 652 3357 in
675 3300 819 3377 principio
841 3306 973 3358 motuum
998 3296 1081 3381 (cum
1102 3302 1276 3379 principium
1302 3305 1441 3379 temporis
1464 3319 1536 3362 cou-
1644 3335 1648 3348 ,

183 3387 325 3448 sideretur
348 3391 411 3447 sine
434 3383 580 3468 ternpore)
603 3388 692 3446 luisse
716 3395 944 3447 consentaneum
968 3396 1026 3463 est,
1049 3396 1083 3446 ut
1104 3405 1140 3448 er
1163 3391 1310 3447 communi
1332 3390 1390 3448 situ
1414 3398 1443 3450 ct
1465 3407 1538 3449 con·

183 3473 355 3550 figuratione
377 3474 548 3535 harmonica
571 3470 684 3557 (qnalis
706 3473 755 3534 vel
778 3492 814 3534 ex
836 3474 943 3548 Terra,
974 3474 1022 3535 vel
1044 3477 1144 3552 potius
1167 3493 1203 3535 ex
1226 3475 1295 3535 Sole
1318 3493 1458 3553 apparere
1481 3493 1538 3552 po-

185 3565 252 3636 tnit)
276 3562 402 3623 reluta
425 3563 588 3622 carceribus
611 3565 640 3620 in
664 3579 719 3621 sna
740 3561 865 3639 quilibet
887 3564 984 3640 spatia
1007 3580 1059 3622 seu
1081 3565 1186 3623 itinera
1203 3566 1368 3623 excurrerit.
1413 3563 1453 3622 at
1469 3565 1539 3638 qnia

185 3648 323 3726 planetae
345 3659 498 3710 moventur
520 3653 549 3709 in
571 3649 664 3709 altum
687 3657 716 3709 et
737 3649 931 3728 protundum,
955 3652 1029 3710 situs
1051 3649 1209 3710 intervalla
1229 3656 1393 3725 meantes,
1417 3657 1446 3710 et
1468 3651 1539 3726 quia

187 3736 222 3795 ud
244 3737 324 3797 huuc
345 3745 456 3798 motum
478 3740 654 3798 necessitate
676 3737 800 3814 physica
821 3738 955 3813 seqnitur
977 3738 1066 3797 etiarn
1093 3738 1181 3797 realis
1204 3738 1331 3798 intensio
1355 3745 1384 3798 et
1407 3740 1538 3797 remissio

133 3870 136 3874 .
187 3832 317 3884 motuum
341 3842 432 3886 cause
453 3825 627 3898 celeritatis,
659 3824 786 3901 denique
808 3827 880 3901 quia
902 3842 955 3901 per
976 3824 1148 3903 inaequales
1172 3823 1352 3883 diuersorum
1376 3825 1539 3885 celeritates

188 3919 361 3991 apparentes
384 3914 496 3973 zodiaci
519 3915 656 3991 spatium,
690 3912 770 3988 quod
793 3912 929 3973 videntur
952 3911 994 3970 illi
1017 3913 1162 3992 trajicere,
1185 3910 1326 3971 dividitur
1343 3911 1416 3973 alias
1440 3913 1540 3973 aliter:

188 3998 267 4061 hacc
289 4002 384 4061 trihus
406 4002 573 4061 nominibus
596 4009 656 4059 tam
679 4000 799 4074 sitibus,
823 4018 912 4076 quam
934 4002 1063 4060 motibus
1087 3998 1164 4060 idem
1187 4002 1330 4076 contingit
1352 4018 1443 4060 causa
1464 4008 1541 4059 tem·

187 4090 283 4165 poris,
315 4088 396 4165 qnod
419 4089 633 4165 quantitatibus
660 4090 732 4165 ipsis
764 4090 826 4147 sine
855 4098 990 4165 respectu
1019 4091 1167 4166 temporis.
1212 4088 1295 4148 Sient
1324 4091 1401 4149 enim
1431 4090 1542 4147 nonin

186 4181 252 4234 toto
274 4176 382 4237 circulo
412 4176 459 4237 rel
482 4183 563 4236 recta
592 4178 681 4252 inquo
712 4174 847 4235 omuibus
878 4177 942 4252 ejus
974 4179 1089 4254 punctis
1120 4184 1187 4235 sunt
1210 4175 1333 4236 'termini
1364 4193 1416 4236 seu
1447 4181 1542 4234 metae

184 4264 333 4323 rationum
362 4265 609 4334 harmonicarum,
641 4261 694 4323 sed
725 4262 831 4322 saltem
858 4264 888 4321 in
917 4267 1003 4323 certis
1035 4263 1200 4340 aliquibus,
1230 4266 1273 4322 sic
1295 4265 1383 4323 etiam
1414 4263 1541 4321 hicnon

185 4357 251 4412 toto
282 4361 412 4430 tempore
442 4361 541 4411 motus
568 4354 692 4412 existere
722 4357 846 4429 possunt
875 4350 1060 4430 harmoniae,
1091 4368 1186 4427 neque
1210 4353 1238 4408 in
1261 4348 1424 4410 intervallis
1447 4365 1543 4425 neque

186 4440 221 4496 in
243 4451 376 4500 motuum
398 4439 546 4500 eeleritate
568 4457 664 4515 neque
687 4441 716 4497 in
739 4438 843 4516 spatiis
864 4438 978 4497 zodiaci
1009 4441 1083 4497 inter
1104 4438 1238 4517 planetas
1261 4439 1442 4514 interceptis3
1472 4453 1544 4513 pos·

185 4534 260 4586 sunt
280 4535 378 4589 mmeu
401 4530 519 4587 omnino
548 4528 579 4585 in
601 4528 687 4587 certis
708 4527 848 4605 temporis
869 4526 1024 4585 momentis
1054 4531 1083 4584 et
1106 4533 1228 4603 possunt
1250 4524 1306 4583 hnc
1329 4525 1401 4585 citra
1422 4522 1544 4584 ulterio-

186 4631 252 4673 rem
276 4616 331 4676 Dei
363 4632 496 4695 operam,
528 4615 618 4675 semel
648 4614 731 4672 initio
761 4621 858 4672 motus
886 4612 965 4672 dato.
1014 4611 1090 4671 Nam
1119 4614 1169 4688 qui
1198 4619 1326 4672 extrema
1355 4612 1545 4689 praescripsit

183 4703 330 4779 motibus,
359 4710 389 4762 et
411 4705 603 4764 mutationem
627 4700 748 4760 indulsit
770 4702 807 4760 ab
823 4718 882 4760 uno
908 4708 1036 4761 extremo
1058 4701 1087 4758 iu
1103 4699 1236 4773 alterum,
1259 4698 1335 4758 idem
1352 4702 1439 4759 etiam
1453 4700 1545 4758 inter-

183 4788 289 4849 media
310 4791 434 4867 largitus
459 4799 504 4852 est
527 4792 642 4864 omnia,
671 4797 730 4849 tam
761 4792 938 4866 incongrua,
971 4805 1046 4865 qnae
1080 4795 1149 4847 sunt
1177 4786 1305 4860 infinita,
1338 4804 1427 4863 qnam
1456 4788 1545 4846 etiam

184 4894 324 4955 congrua
346 4886 377 4940 ot
398 4878 576 4956 harmonica,
600 4886 679 4938 certo
701 4893 822 4944 numero
844 4878 1011 4954 incongruis
1036 4876 1197 4952 interjecta.
1241 4874 1344 4950 Neque
1373 4877 1450 4934 enim
1472 4874 1547 4935 baec

1325 4979 1391 5038 15*
