<?xml version="1.0" encoding="UTF-8"?>
<!DOCTYPE html PUBLIC "-//W3C//DTD XHTML 1.0 Transitional//EN"
    "http://www.w3.org/TR/xhtml1/DTD/xhtml1-transitional.dtd">
<html xmlns="http://www.w3.org/1999/xhtml" xml:lang="en" lang="en">
 <head>
  <title>
</title>
<meta http-equiv="Content-Type" content="text/html;charset=utf-8" />
  <meta name='ocr-system' content='tesseract 3.04.00' />
  <meta name='ocr-capabilities' content='ocr_page ocr_carea ocr_par ocr_line ocrx_word'/>
</head>
<body>
  <div class='ocr_page' id='page_1' title='image "./joanniskepleria24frisgoog_0351.png"; bbox 0 0 3567 5625; ppageno 0'>
   <div class='ocr_carea' id='block_1_1' title="bbox 538 384 1520 466">
    <p class='ocr_par' dir='ltr' id='par_1_1' title="bbox 538 384 1520 466">
     <span class='ocr_line' id='line_1_1' title="bbox 538 384 1520 466; baseline 0.01 -26"><span class='ocrx_word' id='word_1_1' title='bbox 538 384 684 455; x_wconf 80' lang='lat' dir='ltr'>Appendix</span> <span class='ocrx_word' id='word_1_2' title='bbox 713 386 748 442; x_wconf 87' lang='lat' dir='ltr'>ad</span> <span class='ocrx_word' id='word_1_3' title='bbox 765 386 862 444; x_wconf 85' lang='lat' dir='ltr'>librum</span> <span class='ocrx_word' id='word_1_4' title='bbox 879 388 913 445; x_wconf 84' lang='lat' dir='ltr'>V.</span> <span class='ocrx_word' id='word_1_5' title='bbox 931 386 1161 466; x_wconf 82' lang='lat' dir='ltr'>Harmonicorpm.</span> <span class='ocrx_word' id='word_1_6' title='bbox 1302 425 1311 434; x_wconf 88' lang='lat'><em>-</em></span> <span class='ocrx_word' id='word_1_7' title='bbox 1457 389 1520 452; x_wconf 77' lang='lat'>³29</span> 
     </span>
    </p>
   </div>
   <div class='ocr_carea' id='block_1_2' title="bbox 99 561 1529 4586">
    <p class='ocr_par' dir='ltr' id='par_1_2' title="bbox 125 561 1525 1606">
     <span class='ocr_line' id='line_1_2' title="bbox 177 561 1523 647; baseline 0.001 -23"><span class='ocrx_word' id='word_1_8' title='bbox 177 561 370 624; x_wconf 89' lang='lat' dir='ltr'>Babcmicum</span> <span class='ocrx_word' id='word_1_9' title='bbox 392 564 531 641; x_wconf 90' lang='lat' dir='ltr'>vicinum,</span> <span class='ocrx_word' id='word_1_10' title='bbox 553 581 614 642; x_wconf 83' lang='lat' dir='ltr'>qna</span> <span class='ocrx_word' id='word_1_11' title='bbox 635 572 665 626; x_wconf 85' lang='lat' dir='ltr'>ei</span> <span class='ocrx_word' id='word_1_12' title='bbox 687 567 791 636; x_wconf 81' lang='lat' dir='ltr'>itinera</span> <span class='ocrx_word' id='word_1_13' title='bbox 812 578 881 630; x_wconf 90' lang='lat' dir='ltr'>sunt</span> <span class='ocrx_word' id='word_1_14' title='bbox 902 566 1043 647; x_wconf 90' lang='lat' dir='ltr'>impedita</span> <span class='ocrx_word' id='word_1_15' title='bbox 1065 573 1096 629; x_wconf 90' lang='lat' dir='ltr'>et</span> <span class='ocrx_word' id='word_1_16' title='bbox 1110 568 1235 646; x_wconf 89' lang='lat' dir='ltr'>operarii</span> <span class='ocrx_word' id='word_1_17' title='bbox 1249 567 1382 644; x_wconf 77' lang='lat' dir='ltr'>plerique</span> <span class='ocrx_word' id='word_1_18' title='bbox 1404 567 1523 626; x_wconf 86' lang='lat' dir='ltr'>nomina</span> 
     </span>
     <span class='ocr_line' id='line_1_3' title="bbox 178 649 1522 738; baseline 0.001 -29"><span class='ocrx_word' id='word_1_19' title='bbox 178 651 348 731; x_wconf 87' lang='lat' dir='ltr'>profitentur</span> <span class='ocrx_word' id='word_1_20' title='bbox 369 649 499 713; x_wconf 86' lang='lat' dir='ltr'>militiae.</span> <span class='ocrx_word' id='word_1_21' title='bbox 543 653 649 730; x_wconf 85' lang='lat' dir='ltr'>Itaque</span> <span class='ocrx_word' id='word_1_22' title='bbox 670 658 793 738; x_wconf 82' lang='lat' dir='ltr'>primum</span> <span class='ocrx_word' id='word_1_23' title='bbox 815 674 869 718; x_wconf 91' lang='lat' dir='ltr'>uos</span> <span class='ocrx_word' id='word_1_24' title='bbox 892 674 1030 735; x_wconf 79' lang='lat' dir='ltr'>papyrus,</span> <span class='ocrx_word' id='word_1_25' title='bbox 1054 655 1159 717; x_wconf 90' lang='lat' dir='ltr'>deinde</span> <span class='ocrx_word' id='word_1_26' title='bbox 1181 662 1211 716; x_wconf 91' lang='lat' dir='ltr'>at</span> <span class='ocrx_word' id='word_1_27' title='bbox 1226 672 1332 732; x_wconf 78' lang='lat' dir='ltr'><strong>operae</strong></span> <span class='ocrx_word' id='word_1_28' title='bbox 1354 654 1445 734; x_wconf 90' lang='lat' dir='ltr'>pracli</span> <span class='ocrx_word' id='word_1_29' title='bbox 1467 652 1522 714; x_wconf 90' lang='lat' dir='ltr'>ad-</span> 
     </span>
     <span class='ocr_line' id='line_1_4' title="bbox 177 738 1523 822; baseline 0.001 -24"><span class='ocrx_word' id='word_1_30' title='bbox 177 739 327 800; x_wconf 71' lang='lat' dir='ltr'><strong>ministrae</strong></span> <span class='ocrx_word' id='word_1_31' title='bbox 349 738 529 813; x_wconf 88' lang='lat' dir='ltr'>deieccrunt,</span> <span class='ocrx_word' id='word_1_32' title='bbox 559 748 672 818; x_wconf 86' lang='lat' dir='ltr'>tempas</span> <span class='ocrx_word' id='word_1_33' title='bbox 697 742 823 820; x_wconf 76' lang='lat' dir='ltr'>denique</span> <span class='ocrx_word' id='word_1_34' title='bbox 845 745 1087 806; x_wconf 74' lang='lat' dir='ltr'>fastidiosissimis</span> <span class='ocrx_word' id='word_1_35' title='bbox 1109 744 1198 804; x_wconf 86' lang='lat' dir='ltr'>morie</span> <span class='ocrx_word' id='word_1_36' title='bbox 1225 744 1314 803; x_wconf 88' lang='lat' dir='ltr'>nimio</span> <span class='ocrx_word' id='word_1_37' title='bbox 1337 749 1523 822; x_wconf 86' lang='lat' dir='ltr'>protractum.</span> 
     </span>
     <span class='ocr_line' id='line_1_5' title="bbox 178 825 1523 909; baseline 0.001 -24"><span class='ocrx_word' id='word_1_38' title='bbox 178 825 294 902; x_wconf 88' lang='lat' dir='ltr'>Quibus</span> <span class='ocrx_word' id='word_1_39' title='bbox 316 827 531 906; x_wconf 73' lang='lat' dir='ltr'>impedimentis</span> <span class='ocrx_word' id='word_1_40' title='bbox 565 832 708 890; x_wconf 88' lang='lat' dir='ltr'>excitatus</span> <span class='ocrx_word' id='word_1_41' title='bbox 737 834 786 890; x_wconf 89' lang='lat' dir='ltr'>vix</span> <span class='ocrx_word' id='word_1_42' title='bbox 809 832 927 893; x_wconf 90' lang='lat' dir='ltr'>tandem</span> <span class='ocrx_word' id='word_1_43' title='bbox 958 849 1003 892; x_wconf 92' lang='lat' dir='ltr'>me</span> <span class='ocrx_word' id='word_1_44' title='bbox 1030 835 1145 909; x_wconf 77' lang='lat' dir='ltr'>respexi</span> <span class='ocrx_word' id='word_1_45' title='bbox 1175 848 1330 909; x_wconf 87' lang='lat' dir='ltr'>meumque</span> <span class='ocrx_word' id='word_1_46' title='bbox 1359 831 1523 889; x_wconf 75' lang='lat' dir='ltr'>iusntutum</span> 
     </span>
     <span class='ocr_line' id='line_1_6' title="bbox 178 915 1523 996; baseline 0.001 -22"><span class='ocrx_word' id='word_1_47' title='bbox 178 916 313 990; x_wconf 88' lang='lat' dir='ltr'>corripui,</span> <span class='ocrx_word' id='word_1_48' title='bbox 337 917 388 991; x_wconf 88' lang='lat' dir='ltr'>qul</span> <span class='ocrx_word' id='word_1_49' title='bbox 410 915 517 976; x_wconf 92' lang='lat' dir='ltr'>librum</span> <span class='ocrx_word' id='word_1_50' title='bbox 539 918 667 977; x_wconf 73' lang='lat' dir='ltr'>sudoris</span> <span class='ocrx_word' id='word_1_51' title='bbox 683 920 784 996; x_wconf 87' lang='lat' dir='ltr'>optimi</span> <span class='ocrx_word' id='word_1_52' title='bbox 798 918 961 980; x_wconf 80' lang='lat' dir='ltr'>Ptolemaei</span> <span class='ocrx_word' id='word_1_53' title='bbox 974 928 1004 979; x_wconf 91' lang='lat' dir='ltr'>et</span> <span class='ocrx_word' id='word_1_54' title='bbox 1019 920 1255 980; x_wconf 74' lang='lat' dir='ltr'>commentatoris</span> <span class='ocrx_word' id='word_1_55' title='bbox 1271 918 1434 996; x_wconf 90' lang='lat' dir='ltr'>Porphyrii,</span> <span class='ocrx_word' id='word_1_56' title='bbox 1457 934 1523 976; x_wconf 90' lang='lat' dir='ltr'>mu-</span> 
     </span>
     <span class='ocr_line' id='line_1_7' title="bbox 176 1001 1523 1086; baseline 0.002 -26"><span class='ocrx_word' id='word_1_57' title='bbox 176 1001 260 1061; x_wconf 90' lang='lat' dir='ltr'>tilata</span> <span class='ocrx_word' id='word_1_58' title='bbox 284 1002 443 1080; x_wconf 69' lang='lat' dir='ltr'>particulae</span> <span class='ocrx_word' id='word_1_59' title='bbox 466 1003 611 1078; x_wconf 84' lang='lat' dir='ltr'>editione,</span> <span class='ocrx_word' id='word_1_60' title='bbox 641 1012 755 1066; x_wconf 86' lang='lat' dir='ltr'>tantum</span> <span class='ocrx_word' id='word_1_61' title='bbox 776 1023 836 1066; x_wconf 93' lang='lat' dir='ltr'>nou</span> <span class='ocrx_word' id='word_1_62' title='bbox 859 1024 1034 1086; x_wconf 83' lang='lat' dir='ltr'>exponerem</span> <span class='ocrx_word' id='word_1_63' title='bbox 1061 1009 1236 1085; x_wconf 82' lang='lat' dir='ltr'>penitusque</span> <span class='ocrx_word' id='word_1_64' title='bbox 1257 1007 1420 1079; x_wconf 86' lang='lat' dir='ltr'>abolerem,</span> <span class='ocrx_word' id='word_1_65' title='bbox 1451 1005 1523 1082; x_wconf 86' lang='lat' dir='ltr'>quin</span> 
     </span>
     <span class='ocr_line' id='line_1_8' title="bbox 182 1091 1525 1173; baseline 0.001 -24"><span class='ocrx_word' id='word_1_66' title='bbox 182 1092 281 1168; x_wconf 90' lang='lat' dir='ltr'>potius</span> <span class='ocrx_word' id='word_1_67' title='bbox 304 1091 392 1167; x_wconf 78' lang='lat' dir='ltr'>igitur</span> <span class='ocrx_word' id='word_1_68' title='bbox 414 1091 558 1167; x_wconf 87' lang='lat' dir='ltr'>reliquum</span> <span class='ocrx_word' id='word_1_69' title='bbox 580 1109 687 1171; x_wconf 87' lang='lat' dir='ltr'>operae</span> <span class='ocrx_word' id='word_1_70' title='bbox 709 1092 860 1154; x_wconf 90' lang='lat' dir='ltr'>dimidium</span> <span class='ocrx_word' id='word_1_71' title='bbox 882 1098 912 1154; x_wconf 92' lang='lat' dir='ltr'>in</span> <span class='ocrx_word' id='word_1_72' title='bbox 935 1097 1069 1155; x_wconf 85' lang='lat' dir='ltr'>versione</span> <span class='ocrx_word' id='word_1_73' title='bbox 1091 1094 1312 1173; x_wconf 86' lang='lat' dir='ltr'>Porphyrlanaa</span> <span class='ocrx_word' id='word_1_74' title='bbox 1334 1093 1525 1173; x_wconf 86' lang='lat' dir='ltr'>expositionis</span> 
     </span>
     <span class='ocr_line' id='line_1_9' title="bbox 125 1177 1524 1258; baseline 0.001 -22"><span class='ocrx_word' id='word_1_75' title='bbox 125 1203 129 1212; x_wconf 62' lang='lat'><strong><em>¹</em></strong></span> <span class='ocrx_word' id='word_1_76' title='bbox 177 1177 388 1255; x_wconf 83' lang='lat' dir='ltr'>impenderem,</span> <span class='ocrx_word' id='word_1_77' title='bbox 410 1188 495 1239; x_wconf 84' lang='lat' dir='ltr'>notas</span> <span class='ocrx_word' id='word_1_78' title='bbox 517 1181 546 1237; x_wconf 91' lang='lat' dir='ltr'>in</span> <span class='ocrx_word' id='word_1_79' title='bbox 570 1182 668 1258; x_wconf 89' lang='lat' dir='ltr'>capita</span> <span class='ocrx_word' id='word_1_80' title='bbox 689 1181 739 1244; x_wconf 86' lang='lat' dir='ltr'>lib.</span> <span class='ocrx_word' id='word_1_81' title='bbox 755 1181 794 1241; x_wconf 90' lang='lat'>11.</span> <span class='ocrx_word' id='word_1_82' title='bbox 818 1192 849 1243; x_wconf 91' lang='lat' dir='ltr'>et</span> <span class='ocrx_word' id='word_1_83' title='bbox 864 1182 920 1246; x_wconf 85' lang='grc' dir='ltr'><strong>ΙΙΙ.</strong></span> <span class='ocrx_word' id='word_1_84' title='bbox 942 1181 1060 1242; x_wconf 84' lang='lat' dir='ltr'>residua</span> <span class='ocrx_word' id='word_1_85' title='bbox 1082 1183 1294 1243; x_wconf 79' lang='lat' dir='ltr'>conscriberem</span> <span class='ocrx_word' id='word_1_86' title='bbox 1316 1188 1345 1242; x_wconf 90' lang='lat' dir='ltr'>at</span> <span class='ocrx_word' id='word_1_87' title='bbox 1367 1198 1433 1241; x_wconf 91' lang='lat' dir='ltr'>cum</span> <span class='ocrx_word' id='word_1_88' title='bbox 1449 1178 1524 1238; x_wconf 91' lang='lat' dir='ltr'>Por·</span> 
     </span>
     <span class='ocr_line' id='line_1_10' title="bbox 179 1266 1523 1348; baseline 0.001 -24"><span class='ocrx_word' id='word_1_89' title='bbox 179 1266 329 1342; x_wconf 83' lang='lat' dir='ltr'>phyriunis</span> <span class='ocrx_word' id='word_1_90' title='bbox 352 1282 476 1342; x_wconf 89' lang='lat' dir='ltr'>cumque</span> <span class='ocrx_word' id='word_1_91' title='bbox 498 1267 547 1341; x_wconf 92' lang='lat' dir='ltr'>iis,</span> <span class='ocrx_word' id='word_1_92' title='bbox 579 1285 653 1344; x_wconf 88' lang='lat' dir='ltr'>quas</span> <span class='ocrx_word' id='word_1_93' title='bbox 676 1269 740 1345; x_wconf 89' lang='lat' dir='ltr'>jam</span> <span class='ocrx_word' id='word_1_94' title='bbox 762 1268 858 1330; x_wconf 90' lang='lat' dir='ltr'>habeo</span> <span class='ocrx_word' id='word_1_95' title='bbox 889 1272 1069 1348; x_wconf 83' lang='lat' dir='ltr'>conscriptas</span> <span class='ocrx_word' id='word_1_96' title='bbox 1097 1271 1127 1329; x_wconf 89' lang='lat' dir='ltr'>in</span> <span class='ocrx_word' id='word_1_97' title='bbox 1150 1270 1216 1330; x_wconf 85' lang='lat' dir='ltr'>libr.</span> <span class='ocrx_word' id='word_1_98' title='bbox 1239 1270 1294 1329; x_wconf 88' lang='lat' dir='ltr'>Ill.</span> <span class='ocrx_word' id='word_1_99' title='bbox 1322 1286 1396 1347; x_wconf 88' lang='lat' dir='ltr'>pauc</span> <span class='ocrx_word' id='word_1_100' title='bbox 1420 1275 1523 1340; x_wconf 91' lang='lat' dir='ltr'>totum,</span> 
     </span>
     <span class='ocr_line' id='line_1_11' title="bbox 179 1352 1524 1435; baseline 0.001 -23"><span class='ocrx_word' id='word_1_101' title='bbox 179 1352 402 1430; x_wconf 77' lang='lat' dir='ltr'>conjungerem,</span> <span class='ocrx_word' id='word_1_102' title='bbox 427 1362 459 1412; x_wconf 89' lang='lat' dir='ltr'>ut</span> <span class='ocrx_word' id='word_1_103' title='bbox 480 1356 523 1415; x_wconf 89' lang='lat' dir='ltr'>ita</span> <span class='ocrx_word' id='word_1_104' title='bbox 545 1371 619 1432; x_wconf 92' lang='lat' dir='ltr'>opus</span> <span class='ocrx_word' id='word_1_105' title='bbox 641 1356 801 1434; x_wconf 76' lang='lat' dir='ltr'>integretur</span> <span class='ocrx_word' id='word_1_106' title='bbox 823 1367 852 1418; x_wconf 93' lang='lat' dir='ltr'>et</span> <span class='ocrx_word' id='word_1_107' title='bbox 873 1375 934 1435; x_wconf 83' lang='lat' dir='ltr'>qna</span> <span class='ocrx_word' id='word_1_108' title='bbox 955 1366 1039 1435; x_wconf 90' lang='lat' dir='ltr'>parte</span> <span class='ocrx_word' id='word_1_109' title='bbox 1061 1363 1167 1431; x_wconf 81' lang='lat' dir='ltr'>exstat,</span> <span class='ocrx_word' id='word_1_110' title='bbox 1190 1356 1429 1417; x_wconf 84' lang='lat' dir='ltr'>Graeculatinum</span> <span class='ocrx_word' id='word_1_111' title='bbox 1451 1353 1524 1415; x_wconf 88' lang='lat' dir='ltr'>ada·</span> 
     </span>
     <span class='ocr_line' id='line_1_12' title="bbox 178 1438 1525 1524; baseline 0.002 -24"><span class='ocrx_word' id='word_1_112' title='bbox 178 1438 246 1500; x_wconf 79' lang='lat' dir='ltr'>tari</span> <span class='ocrx_word' id='word_1_113' title='bbox 290 1438 386 1516; x_wconf 82' lang='lat' dir='ltr'>Quam</span> <span class='ocrx_word' id='word_1_114' title='bbox 415 1441 453 1500; x_wconf 89' lang='lat' dir='ltr'>ad</span> <span class='ocrx_word' id='word_1_115' title='bbox 481 1440 637 1504; x_wconf 90' lang='lat' dir='ltr'>editionem</span> <span class='ocrx_word' id='word_1_116' title='bbox 669 1444 750 1504; x_wconf 90' lang='lat' dir='ltr'>aliud</span> <span class='ocrx_word' id='word_1_117' title='bbox 780 1451 895 1524; x_wconf 89' lang='lat' dir='ltr'>tempus</span> <span class='ocrx_word' id='word_1_118' title='bbox 924 1446 1059 1523; x_wconf 89' lang='lat' dir='ltr'>aliusque</span> <span class='ocrx_word' id='word_1_119' title='bbox 1086 1444 1171 1506; x_wconf 90' lang='lat' dir='ltr'>locus</span> <span class='ocrx_word' id='word_1_120' title='bbox 1200 1448 1356 1521; x_wconf 88' lang='lat' dir='ltr'>requiritur</span> <span class='ocrx_word' id='word_1_121' title='bbox 1384 1453 1413 1503; x_wconf 91' lang='lat' dir='ltr'>et</span> <span class='ocrx_word' id='word_1_122' title='bbox 1435 1450 1525 1522; x_wconf 82' lang='lat' dir='ltr'>typo-</span> 
     </span>
     <span class='ocr_line' id='line_1_13' title="bbox 177 1526 460 1606; baseline 0.007 -18"><span class='ocrx_word' id='word_1_123' title='bbox 177 1526 305 1606; x_wconf 77' lang='lat' dir='ltr'>graphus</span> <span class='ocrx_word' id='word_1_124' title='bbox 328 1527 460 1590; x_wconf 89' lang='lat' dir='ltr'>idonens.</span> 
     </span>
    </p>

    <p class='ocr_par' dir='ltr' id='par_1_3' title="bbox 176 1615 1525 1962">
     <span class='ocr_line' id='line_1_14' title="bbox 263 1615 1525 1700; baseline 0.001 -24"><span class='ocrx_word' id='word_1_125' title='bbox 263 1615 310 1676; x_wconf 83' lang='lat' dir='ltr'>Ne</span> <span class='ocrx_word' id='word_1_126' title='bbox 332 1633 402 1676; x_wconf 89' lang='lat' dir='ltr'>vero</span> <span class='ocrx_word' id='word_1_127' title='bbox 424 1616 496 1694; x_wconf 88' lang='lat' dir='ltr'>quid</span> <span class='ocrx_word' id='word_1_128' title='bbox 517 1634 626 1692; x_wconf 91' lang='lat' dir='ltr'>eorum,</span> <span class='ocrx_word' id='word_1_129' title='bbox 649 1635 726 1696; x_wconf 84' lang='lat' dir='ltr'>quae</span> <span class='ocrx_word' id='word_1_130' title='bbox 747 1637 836 1698; x_wconf 90' lang='lat' dir='ltr'>supra</span> <span class='ocrx_word' id='word_1_131' title='bbox 857 1634 923 1680; x_wconf 88' lang='lat' dir='ltr'>sum</span> <span class='ocrx_word' id='word_1_132' title='bbox 945 1618 1105 1700; x_wconf 91' lang='lat' dir='ltr'>pollicitus,</span> <span class='ocrx_word' id='word_1_133' title='bbox 1134 1622 1250 1699; x_wconf 85' lang='lat' dir='ltr'>penitus</span> <span class='ocrx_word' id='word_1_134' title='bbox 1272 1617 1430 1681; x_wconf 83' lang='lat' dir='ltr'>desiderari</span> <span class='ocrx_word' id='word_1_135' title='bbox 1453 1633 1525 1697; x_wconf 91' lang='lat' dir='ltr'>pos-</span> 
     </span>
     <span class='ocr_line' id='line_1_15' title="bbox 177 1703 1524 1787; baseline 0.001 -25"><span class='ocrx_word' id='word_1_136' title='bbox 177 1710 221 1764; x_wconf 89' lang='lat' dir='ltr'>set</span> <span class='ocrx_word' id='word_1_137' title='bbox 242 1720 261 1763; x_wconf 88' lang='lat' dir='ltr'>a</span> <span class='ocrx_word' id='word_1_138' title='bbox 284 1703 408 1778; x_wconf 90' lang='lat' dir='ltr'>lectore,</span> <span class='ocrx_word' id='word_1_139' title='bbox 437 1712 469 1765; x_wconf 96' lang='lat' dir='ltr'>ut</span> <span class='ocrx_word' id='word_1_140' title='bbox 491 1721 527 1766; x_wconf 90' lang='lat' dir='ltr'>ne</span> <span class='ocrx_word' id='word_1_141' title='bbox 549 1705 598 1765; x_wconf 86' lang='lat' dir='ltr'>vel</span> <span class='ocrx_word' id='word_1_142' title='bbox 621 1707 651 1764; x_wconf 92' lang='lat' dir='ltr'>in</span> <span class='ocrx_word' id='word_1_143' title='bbox 672 1706 729 1767; x_wconf 88' lang='lat' dir='ltr'>hae</span> <span class='ocrx_word' id='word_1_144' title='bbox 751 1706 854 1768; x_wconf 89' lang='lat' dir='ltr'>ultima</span> <span class='ocrx_word' id='word_1_145' title='bbox 876 1715 959 1787; x_wconf 85' lang='lat' dir='ltr'>parta</span> <span class='ocrx_word' id='word_1_146' title='bbox 982 1707 1097 1768; x_wconf 87' lang='lat' dir='ltr'>deesset</span> <span class='ocrx_word' id='word_1_147' title='bbox 1124 1706 1237 1785; x_wconf 90' lang='lat' dir='ltr'>aliquid</span> <span class='ocrx_word' id='word_1_148' title='bbox 1265 1707 1303 1767; x_wconf 91' lang='lat' dir='ltr'>ad</span> <span class='ocrx_word' id='word_1_149' title='bbox 1327 1706 1524 1782; x_wconf 78' lang='lat' dir='ltr'>integritatem</span> 
     </span>
     <span class='ocr_line' id='line_1_16' title="bbox 176 1791 1524 1875; baseline -0.001 -24"><span class='ocrx_word' id='word_1_150' title='bbox 176 1808 228 1852; x_wconf 88' lang='lat' dir='ltr'>seu</span> <span class='ocrx_word' id='word_1_151' title='bbox 251 1791 290 1851; x_wconf 91' lang='lat' dir='ltr'>ad</span> <span class='ocrx_word' id='word_1_152' title='bbox 312 1791 473 1852; x_wconf 77' lang='lat' dir='ltr'>faciliorem</span> <span class='ocrx_word' id='word_1_153' title='bbox 503 1792 684 1854; x_wconf 88' lang='lat' dir='ltr'>intellectam</span> <span class='ocrx_word' id='word_1_154' title='bbox 712 1797 808 1872; x_wconf 90' lang='lat' dir='ltr'>operis</span> <span class='ocrx_word' id='word_1_155' title='bbox 839 1799 896 1856; x_wconf 91' lang='lat' dir='ltr'>mei</span> <span class='ocrx_word' id='word_1_156' title='bbox 919 1796 1104 1868; x_wconf 87' lang='lat' dir='ltr'>Harmonlci,</span> <span class='ocrx_word' id='word_1_157' title='bbox 1136 1813 1192 1873; x_wconf 81' lang='lat' dir='ltr'>ago</span> <span class='ocrx_word' id='word_1_158' title='bbox 1221 1797 1350 1875; x_wconf 87' lang='lat' dir='ltr'>capitum</span> <span class='ocrx_word' id='word_1_159' title='bbox 1380 1792 1446 1853; x_wconf 91' lang='lat' dir='ltr'>libri</span> <span class='ocrx_word' id='word_1_160' title='bbox 1467 1792 1524 1853; x_wconf 85' lang='grc' dir='ltr'><strong>ΙΙΙ.</strong></span> 
     </span>
     <span class='ocr_line' id='line_1_17' title="bbox 177 1878 1525 1962; baseline 0.001 -24"><span class='ocrx_word' id='word_1_161' title='bbox 177 1878 340 1940; x_wconf 87' lang='lat' dir='ltr'>Ptolemaei</span> <span class='ocrx_word' id='word_1_162' title='bbox 366 1879 467 1940; x_wconf 88' lang='lat' dir='ltr'>titulos</span> <span class='ocrx_word' id='word_1_163' title='bbox 490 1883 654 1942; x_wconf 85' lang='lat' dir='ltr'>exscribam</span> <span class='ocrx_word' id='word_1_164' title='bbox 683 1900 807 1959; x_wconf 87' lang='lat' dir='ltr'>cumque</span> <span class='ocrx_word' id='word_1_165' title='bbox 830 1883 903 1944; x_wconf 89' lang='lat' dir='ltr'>locis</span> <span class='ocrx_word' id='word_1_166' title='bbox 925 1884 988 1943; x_wconf 87' lang='lat' dir='ltr'>suis</span> <span class='ocrx_word' id='word_1_167' title='bbox 1016 1886 1046 1942; x_wconf 90' lang='lat' dir='ltr'>in</span> <span class='ocrx_word' id='word_1_168' title='bbox 1069 1899 1157 1962; x_wconf 90' lang='lat' dir='ltr'>opera</span> <span class='ocrx_word' id='word_1_169' title='bbox 1179 1899 1244 1944; x_wconf 91' lang='lat' dir='ltr'>meo</span> <span class='ocrx_word' id='word_1_170' title='bbox 1267 1881 1461 1961; x_wconf 84' lang='lat' dir='ltr'>comparabo,</span> <span class='ocrx_word' id='word_1_171' title='bbox 1495 1889 1525 1941; x_wconf 92' lang='lat' dir='ltr'>et</span> 
     </span>
    </p>

    <p class='ocr_par' dir='ltr' id='par_1_4' title="bbox 178 1966 1131 2045">
     <span class='ocr_line' id='line_1_18' title="bbox 178 1966 1131 2045; baseline 0.001 -18"><span class='ocrx_word' id='word_1_172' title='bbox 178 1966 248 2045; x_wconf 85' lang='lat' dir='ltr'>quid</span> <span class='ocrx_word' id='word_1_173' title='bbox 270 1969 300 2026; x_wconf 92' lang='lat' dir='ltr'>in</span> <span class='ocrx_word' id='word_1_174' title='bbox 323 1970 401 2027; x_wconf 78' lang='lat' dir='ltr'>nobs</span> <span class='ocrx_word' id='word_1_175' title='bbox 423 1969 496 2028; x_wconf 88' lang='lat' dir='ltr'>meis</span> <span class='ocrx_word' id='word_1_176' title='bbox 518 1971 602 2043; x_wconf 89' lang='lat' dir='ltr'>insit,</span> <span class='ocrx_word' id='word_1_177' title='bbox 625 1973 783 2030; x_wconf 89' lang='lat' dir='ltr'>summaria</span> <span class='ocrx_word' id='word_1_178' title='bbox 805 1973 918 2031; x_wconf 89' lang='lat' dir='ltr'>ratione</span> <span class='ocrx_word' id='word_1_179' title='bbox 942 1970 1131 2031; x_wconf 86' lang='lat' dir='ltr'>conscribam.</span> 
     </span>
    </p>

    <p class='ocr_par' dir='ltr' id='par_1_5' title="bbox 99 2053 1527 2745">
     <span class='ocr_line' id='line_1_19' title="bbox 127 2053 1525 2132; baseline -0.003 -18"><span class='ocrx_word' id='word_1_180' title='bbox 127 2067 129 2072; x_wconf 83' lang='lat'>·</span> <span class='ocrx_word' id='word_1_181' title='bbox 261 2054 391 2114; x_wconf 90' lang='lat' dir='ltr'>Primum</span> <span class='ocrx_word' id='word_1_182' title='bbox 415 2073 492 2132; x_wconf 90' lang='lat' dir='ltr'>quae</span> <span class='ocrx_word' id='word_1_183' title='bbox 513 2056 702 2118; x_wconf 85' lang='lat' dir='ltr'>Ptolemaeus</span> <span class='ocrx_word' id='word_1_184' title='bbox 725 2057 806 2118; x_wconf 90' lang='lat' dir='ltr'>lihris</span> <span class='ocrx_word' id='word_1_185' title='bbox 822 2058 845 2118; x_wconf 85' lang='lat'>1.</span> <span class='ocrx_word' id='word_1_186' title='bbox 869 2058 909 2117; x_wconf 92' lang='lat' dir='ltr'>Il.</span> <span class='ocrx_word' id='word_1_187' title='bbox 933 2067 963 2119; x_wconf 91' lang='lat' dir='ltr'>et</span> <span class='ocrx_word' id='word_1_188' title='bbox 984 2060 1067 2118; x_wconf 88' lang='lat' dir='ltr'>initio</span> <span class='ocrx_word' id='word_1_189' title='bbox 1090 2059 1168 2118; x_wconf 91' lang='lat' dir='ltr'>tertii</span> <span class='ocrx_word' id='word_1_190' title='bbox 1190 2056 1226 2116; x_wconf 90' lang='lat' dir='ltr'>da</span> <span class='ocrx_word' id='word_1_191' title='bbox 1248 2054 1418 2116; x_wconf 90' lang='lat' dir='ltr'>harmonica</span> <span class='ocrx_word' id='word_1_192' title='bbox 1434 2053 1525 2113; x_wconf 90' lang='lat' dir='ltr'>disci·</span> 
     </span>
     <span class='ocr_line' id='line_1_20' title="bbox 177 2141 1526 2225; baseline -0.001 -24"><span class='ocrx_word' id='word_1_193' title='bbox 177 2141 258 2221; x_wconf 83' lang='lat' dir='ltr'>plina</span> <span class='ocrx_word' id='word_1_194' title='bbox 281 2142 410 2218; x_wconf 88' lang='lat' dir='ltr'>tradidit,</span> <span class='ocrx_word' id='word_1_195' title='bbox 433 2144 486 2204; x_wconf 89' lang='lat' dir='ltr'>illa</span> <span class='ocrx_word' id='word_1_196' title='bbox 507 2161 562 2222; x_wconf 79' lang='lat' dir='ltr'>ego</span> <span class='ocrx_word' id='word_1_197' title='bbox 585 2143 723 2205; x_wconf 87' lang='lat' dir='ltr'>methodo</span> <span class='ocrx_word' id='word_1_198' title='bbox 747 2145 815 2218; x_wconf 83' lang='lat' dir='ltr'>alin,</span> <span class='ocrx_word' id='word_1_199' title='bbox 839 2144 918 2206; x_wconf 86' lang='lat' dir='ltr'>band</span> <span class='ocrx_word' id='word_1_200' title='bbox 941 2145 1030 2225; x_wconf 89' lang='lat' dir='ltr'>paulo</span> <span class='ocrx_word' id='word_1_201' title='bbox 1047 2145 1173 2223; x_wconf 86' lang='lat' dir='ltr'>diversa,</span> <span class='ocrx_word' id='word_1_202' title='bbox 1195 2143 1270 2203; x_wconf 88' lang='lat' dir='ltr'>libro</span> <span class='ocrx_word' id='word_1_203' title='bbox 1286 2160 1351 2204; x_wconf 88' lang='lat' dir='ltr'>mco</span> <span class='ocrx_word' id='word_1_204' title='bbox 1367 2141 1421 2202; x_wconf 84' lang='lat'>111.</span> <span class='ocrx_word' id='word_1_205' title='bbox 1443 2158 1526 2201; x_wconf 90' lang='lat' dir='ltr'>com-</span> 
     </span>
     <span class='ocr_line' id='line_1_21' title="bbox 177 2229 1526 2310; baseline -0.001 -21"><span class='ocrx_word' id='word_1_206' title='bbox 177 2229 279 2310; x_wconf 83' lang='lat' dir='ltr'>plexus</span> <span class='ocrx_word' id='word_1_207' title='bbox 301 2249 375 2291; x_wconf 90' lang='lat' dir='ltr'>snm.</span> <span class='ocrx_word' id='word_1_208' title='bbox 422 2231 496 2290; x_wconf 86' lang='lat' dir='ltr'>Cum</span> <span class='ocrx_word' id='word_1_209' title='bbox 518 2241 616 2292; x_wconf 90' lang='lat' dir='ltr'>autam</span> <span class='ocrx_word' id='word_1_210' title='bbox 640 2231 828 2293; x_wconf 86' lang='lat' dir='ltr'>Ptolemaeus</span> <span class='ocrx_word' id='word_1_211' title='bbox 852 2232 1066 2294; x_wconf 88' lang='lat' dir='ltr'>harmoniarum</span> <span class='ocrx_word' id='word_1_212' title='bbox 1090 2234 1231 2309; x_wconf 89' lang='lat' dir='ltr'>principia</span> <span class='ocrx_word' id='word_1_213' title='bbox 1254 2247 1290 2292; x_wconf 91' lang='lat' dir='ltr'>ex</span> <span class='ocrx_word' id='word_1_214' title='bbox 1312 2233 1439 2290; x_wconf 87' lang='lat' dir='ltr'>numeris</span> <span class='ocrx_word' id='word_1_215' title='bbox 1455 2230 1526 2288; x_wconf 90' lang='lat' dir='ltr'>abs·</span> 
     </span>
     <span class='ocr_line' id='line_1_22' title="bbox 99 2319 1526 2399; baseline -0.005 -17"><span class='ocrx_word' id='word_1_216' title='bbox 99 2371 104 2382; x_wconf 85' lang='lat'><em>.</em></span> <span class='ocrx_word' id='word_1_217' title='bbox 177 2321 276 2378; x_wconf 85' lang='lat' dir='ltr'>tractis</span> <span class='ocrx_word' id='word_1_218' title='bbox 298 2326 381 2399; x_wconf 89' lang='lat' dir='ltr'>petat</span> <span class='ocrx_word' id='word_1_219' title='bbox 402 2334 467 2377; x_wconf 91' lang='lat' dir='ltr'>cum</span> <span class='ocrx_word' id='word_1_220' title='bbox 490 2320 653 2394; x_wconf 90' lang='lat' dir='ltr'>veteribus,</span> <span class='ocrx_word' id='word_1_221' title='bbox 678 2338 733 2397; x_wconf 78' lang='lat' dir='ltr'>ego</span> <span class='ocrx_word' id='word_1_222' title='bbox 756 2327 872 2394; x_wconf 81' lang='lat' dir='ltr'>conus,</span> <span class='ocrx_word' id='word_1_223' title='bbox 896 2323 957 2379; x_wconf 89' lang='lat' dir='ltr'>vim</span> <span class='ocrx_word' id='word_1_224' title='bbox 978 2322 1106 2380; x_wconf 86' lang='lat' dir='ltr'>numeris</span> <span class='ocrx_word' id='word_1_225' title='bbox 1131 2328 1163 2379; x_wconf 92' lang='lat' dir='ltr'>ut</span> <span class='ocrx_word' id='word_1_226' title='bbox 1184 2319 1406 2378; x_wconf 84' lang='lat' dir='ltr'>numerantibus</span> <span class='ocrx_word' id='word_1_227' title='bbox 1428 2319 1526 2376; x_wconf 87' lang='lat' dir='ltr'>inesse</span> 
     </span>
     <span class='ocr_line' id='line_1_23' title="bbox 176 2405 1524 2484; baseline 0 -21"><span class='ocrx_word' id='word_1_228' title='bbox 176 2422 309 2482; x_wconf 79' lang='lat' dir='ltr'>negans,</span> <span class='ocrx_word' id='word_1_229' title='bbox 337 2422 388 2484; x_wconf 92' lang='lat' dir='ltr'>pro</span> <span class='ocrx_word' id='word_1_230' title='bbox 411 2408 448 2464; x_wconf 91' lang='lat' dir='ltr'>iis</span> <span class='ocrx_word' id='word_1_231' title='bbox 477 2423 613 2467; x_wconf 89' lang='lat' dir='ltr'>numeros</span> <span class='ocrx_word' id='word_1_232' title='bbox 642 2417 825 2480; x_wconf 89' lang='lat' dir='ltr'>numeratos,</span> <span class='ocrx_word' id='word_1_233' title='bbox 857 2408 887 2468; x_wconf 93' lang='lat' dir='ltr'>id</span> <span class='ocrx_word' id='word_1_234' title='bbox 910 2417 955 2469; x_wconf 90' lang='lat' dir='ltr'>est</span> <span class='ocrx_word' id='word_1_235' title='bbox 977 2424 1023 2468; x_wconf 91' lang='lat' dir='ltr'>res</span> <span class='ocrx_word' id='word_1_236' title='bbox 1046 2410 1126 2484; x_wconf 90' lang='lat' dir='ltr'>ipsas</span> <span class='ocrx_word' id='word_1_237' title='bbox 1157 2408 1283 2466; x_wconf 89' lang='lat' dir='ltr'>numeris</span> <span class='ocrx_word' id='word_1_238' title='bbox 1308 2408 1342 2464; x_wconf 90' lang='lat' dir='ltr'>iis</span> <span class='ocrx_word' id='word_1_239' title='bbox 1363 2405 1524 2481; x_wconf 85' lang='lat' dir='ltr'>subjectas,</span> 
     </span>
     <span class='ocr_line' id='line_1_24' title="bbox 177 2493 1527 2572; baseline -0.001 -20"><span class='ocrx_word' id='word_1_240' title='bbox 177 2493 285 2569; x_wconf 78' lang='lat' dir='ltr'>ligurus</span> <span class='ocrx_word' id='word_1_241' title='bbox 307 2510 348 2554; x_wconf 87' lang='lat' dir='ltr'>sc.</span> <span class='ocrx_word' id='word_1_242' title='bbox 370 2493 475 2571; x_wconf 88' lang='lat' dir='ltr'>planas</span> <span class='ocrx_word' id='word_1_243' title='bbox 498 2494 648 2572; x_wconf 78' lang='lat' dir='ltr'>regulares</span> <span class='ocrx_word' id='word_1_244' title='bbox 676 2499 706 2556; x_wconf 86' lang='lat' dir='ltr'>et</span> <span class='ocrx_word' id='word_1_245' title='bbox 728 2494 828 2556; x_wconf 88' lang='lat' dir='ltr'>circuli</span> <span class='ocrx_word' id='word_1_246' title='bbox 852 2495 1013 2557; x_wconf 87' lang='lat' dir='ltr'>divisiones</span> <span class='ocrx_word' id='word_1_247' title='bbox 1036 2498 1072 2556; x_wconf 88' lang='lat' dir='ltr'>iis</span> <span class='ocrx_word' id='word_1_248' title='bbox 1094 2493 1354 2566; x_wconf 84' lang='lat' dir='ltr'>administrandas,</span> <span class='ocrx_word' id='word_1_249' title='bbox 1384 2493 1527 2570; x_wconf 85' lang='lat' dir='ltr'>principia</span> 
     </span>
     <span class='ocr_line' id='line_1_25' title="bbox 176 2580 1524 2659; baseline 0.001 -21"><span class='ocrx_word' id='word_1_250' title='bbox 176 2589 308 2642; x_wconf 91' lang='lat' dir='ltr'>statuens</span> <span class='ocrx_word' id='word_1_251' title='bbox 331 2580 572 2658; x_wconf 79' lang='lat' dir='ltr'>harmonicorum,</span> <span class='ocrx_word' id='word_1_252' title='bbox 597 2585 762 2643; x_wconf 89' lang='lat' dir='ltr'>necessario</span> <span class='ocrx_word' id='word_1_253' title='bbox 785 2582 876 2645; x_wconf 90' lang='lat' dir='ltr'>libros</span> <span class='ocrx_word' id='word_1_254' title='bbox 899 2584 923 2648; x_wconf 87' lang='lat' dir='ltr'>l.</span> <span class='ocrx_word' id='word_1_255' title='bbox 945 2591 975 2644; x_wconf 88' lang='lat' dir='ltr'>et</span> <span class='ocrx_word' id='word_1_256' title='bbox 996 2583 1037 2643; x_wconf 89' lang='lat'>11.</span> <span class='ocrx_word' id='word_1_257' title='bbox 1070 2583 1106 2643; x_wconf 92' lang='lat' dir='ltr'>da</span> <span class='ocrx_word' id='word_1_258' title='bbox 1129 2582 1229 2659; x_wconf 86' lang='lat' dir='ltr'>figuris</span> <span class='ocrx_word' id='word_1_259' title='bbox 1254 2580 1429 2641; x_wconf 84' lang='lat' dir='ltr'>harmonicis</span> <span class='ocrx_word' id='word_1_260' title='bbox 1459 2595 1524 2639; x_wconf 88' lang='lat' dir='ltr'>meo</span> 
     </span>
     <span class='ocr_line' id='line_1_26' title="bbox 176 2668 498 2745; baseline 0.003 -18"><span class='ocrx_word' id='word_1_261' title='bbox 176 2668 250 2728; x_wconf 92' lang='lat' dir='ltr'>libro</span> <span class='ocrx_word' id='word_1_262' title='bbox 273 2668 330 2727; x_wconf 88' lang='grc' dir='ltr'>ΠΙ.</span> <span class='ocrx_word' id='word_1_263' title='bbox 352 2670 498 2745; x_wconf 83' lang='lat' dir='ltr'>praemisi.</span> 
     </span>
    </p>

    <p class='ocr_par' dir='ltr' id='par_1_6' title="bbox 174 2751 1529 4147">
     <span class='ocr_line' id='line_1_27' title="bbox 260 2751 1523 2838; baseline -0.005 -20"><span class='ocrx_word' id='word_1_264' title='bbox 260 2755 332 2818; x_wconf 80' lang='lat' dir='ltr'>dam</span> <span class='ocrx_word' id='word_1_265' title='bbox 344 2754 533 2817; x_wconf 86' lang='lat' dir='ltr'>Ptolemaeus</span> <span class='ocrx_word' id='word_1_266' title='bbox 556 2756 630 2818; x_wconf 90' lang='lat' dir='ltr'>libro</span> <span class='ocrx_word' id='word_1_267' title='bbox 653 2759 738 2818; x_wconf 91' lang='lat' dir='ltr'>tertio</span> <span class='ocrx_word' id='word_1_268' title='bbox 762 2774 826 2837; x_wconf 87' lang='lat' dir='ltr'>cap.</span> <span class='ocrx_word' id='word_1_269' title='bbox 852 2759 880 2819; x_wconf 82' lang='grc'>3.</span> <span class='ocrx_word' id='word_1_270' title='bbox 905 2760 1001 2837; x_wconf 88' lang='lat' dir='ltr'>operis</span> <span class='ocrx_word' id='word_1_271' title='bbox 1024 2761 1071 2819; x_wconf 92' lang='lat' dir='ltr'>sui</span> <span class='ocrx_word' id='word_1_272' title='bbox 1093 2757 1279 2838; x_wconf 84' lang='lat' dir='ltr'>praescripsit</span> <span class='ocrx_word' id='word_1_273' title='bbox 1301 2756 1379 2818; x_wconf 91' lang='lat' dir='ltr'>hunc</span> <span class='ocrx_word' id='word_1_274' title='bbox 1391 2751 1523 2816; x_wconf 86' lang='lat' dir='ltr'>titulum:</span> 
     </span>
     <span class='ocr_line' id='line_1_28' title="bbox 177 2843 1527 2924; baseline -0.001 -20"><span class='ocrx_word' id='word_1_275' title='bbox 177 2843 239 2904; x_wconf 77' lang='lat' dir='ltr'>Sub</span> <span class='ocrx_word' id='word_1_276' title='bbox 268 2844 353 2922; x_wconf 70' lang='lat' dir='ltr'>qaod</span> <span class='ocrx_word' id='word_1_277' title='bbox 377 2861 472 2919; x_wconf 77' lang='lat' dir='ltr'>penne</span> <span class='ocrx_word' id='word_1_278' title='bbox 497 2863 603 2905; x_wconf 82' lang='lat' dir='ltr'>rerum</span> <span class='ocrx_word' id='word_1_279' title='bbox 631 2846 792 2924; x_wconf 69' lang='lat' dir='ltr'>referenda</span> <span class='ocrx_word' id='word_1_280' title='bbox 820 2850 859 2906; x_wconf 87' lang='lat' dir='ltr'>rit</span> <span class='ocrx_word' id='word_1_281' title='bbox 884 2855 1003 2909; x_wconf 75' lang='lat' dir='ltr'>naharu</span> <span class='ocrx_word' id='word_1_282' title='bbox 1033 2865 1086 2909; x_wconf 82' lang='lat' dir='ltr'>scu</span> <span class='ocrx_word' id='word_1_283' title='bbox 1115 2850 1158 2905; x_wconf 83' lang='lat' dir='ltr'>oie</span> <span class='ocrx_word' id='word_1_284' title='bbox 1189 2845 1368 2905; x_wconf 80' lang='lat' dir='ltr'>harmonica</span> <span class='ocrx_word' id='word_1_285' title='bbox 1404 2844 1527 2918; x_wconf 49' lang='lat' dir='ltr'>&amp;mque</span> 
     </span>
     <span class='ocr_line' id='line_1_29' title="bbox 176 2928 1527 3014; baseline -0.001 -23"><span class='ocrx_word' id='word_1_286' title='bbox 176 2934 315 3006; x_wconf 64' lang='lat' dir='ltr'>edenda,</span> <span class='ocrx_word' id='word_1_287' title='bbox 345 2930 514 3007; x_wconf 91' lang='lat' dir='ltr'>osteudens,</span> <span class='ocrx_word' id='word_1_288' title='bbox 546 2932 626 3009; x_wconf 87' lang='lat' dir='ltr'>quod</span> <span class='ocrx_word' id='word_1_289' title='bbox 654 2936 692 2992; x_wconf 90' lang='lat' dir='ltr'>sit</span> <span class='ocrx_word' id='word_1_290' title='bbox 714 2933 834 3011; x_wconf 84' lang='lat' dir='ltr'>aliquod</span> <span class='ocrx_word' id='word_1_291' title='bbox 863 2938 1037 3014; x_wconf 89' lang='lat' dir='ltr'>principium</span> <span class='ocrx_word' id='word_1_292' title='bbox 1069 2932 1201 3007; x_wconf 89' lang='lat' dir='ltr'>causale,</span> <span class='ocrx_word' id='word_1_293' title='bbox 1230 2931 1369 3004; x_wconf 88' lang='lat' dir='ltr'>iormaie,</span> <span class='ocrx_word' id='word_1_294' title='bbox 1399 2928 1527 2990; x_wconf 86' lang='lat' dir='ltr'>mentale</span> 
     </span>
     <span class='ocr_line' id='line_1_30' title="bbox 176 3016 1528 3098; baseline -0.002 -19"><span class='ocrx_word' id='word_1_295' title='bbox 176 3020 310 3095; x_wconf 90' lang='lat' dir='ltr'>adeoque</span> <span class='ocrx_word' id='word_1_296' title='bbox 334 3018 479 3093; x_wconf 88' lang='lat' dir='ltr'>divinum,</span> <span class='ocrx_word' id='word_1_297' title='bbox 511 3020 591 3096; x_wconf 87' lang='lat' dir='ltr'>quod</span> <span class='ocrx_word' id='word_1_298' title='bbox 613 3020 701 3080; x_wconf 89' lang='lat' dir='ltr'>rebus</span> <span class='ocrx_word' id='word_1_299' title='bbox 724 3021 858 3083; x_wconf 90' lang='lat' dir='ltr'>conciliet</span> <span class='ocrx_word' id='word_1_300' title='bbox 888 3022 1065 3084; x_wconf 87' lang='lat' dir='ltr'>harmonias.</span> <span class='ocrx_word' id='word_1_301' title='bbox 1112 3022 1184 3098; x_wconf 85' lang='lat' dir='ltr'>Cap.</span> <span class='ocrx_word' id='word_1_302' title='bbox 1209 3021 1237 3079; x_wconf 84' lang='lat'>4.</span> <span class='ocrx_word' id='word_1_303' title='bbox 1275 3019 1365 3098; x_wconf 79' lang='lat' dir='ltr'>Quod</span> <span class='ocrx_word' id='word_1_304' title='bbox 1386 3021 1431 3078; x_wconf 84' lang='lat' dir='ltr'>cir</span> <span class='ocrx_word' id='word_1_305' title='bbox 1452 3016 1528 3076; x_wconf 82' lang='lat' dir='ltr'>har·</span> 
     </span>
     <span class='ocr_line' id='line_1_31' title="bbox 175 3107 1527 3186; baseline -0.001 -20"><span class='ocrx_word' id='word_1_306' title='bbox 175 3111 314 3168; x_wconf 83' lang='lat' dir='ltr'>monicae</span> <span class='ocrx_word' id='word_1_307' title='bbox 334 3111 617 3184; x_wconf 73' lang='lat' dir='ltr'>conamperctiono</span> <span class='ocrx_word' id='word_1_308' title='bbox 637 3108 778 3168; x_wconf 81' lang='lat' dir='ltr'>omnihus</span> <span class='ocrx_word' id='word_1_309' title='bbox 800 3109 888 3169; x_wconf 76' lang='lat' dir='ltr'>rebus</span> <span class='ocrx_word' id='word_1_310' title='bbox 909 3114 996 3185; x_wconf 78' lang='lat' dir='ltr'>insit,</span> <span class='ocrx_word' id='word_1_311' title='bbox 1020 3128 1155 3186; x_wconf 78' lang='lat' dir='ltr'>quarum</span> <span class='ocrx_word' id='word_1_312' title='bbox 1177 3114 1310 3168; x_wconf 68' lang='lat' dir='ltr'>namrcc</span> <span class='ocrx_word' id='word_1_313' title='bbox 1331 3107 1436 3167; x_wconf 74' lang='lat' dir='ltr'>ardori</span> <span class='ocrx_word' id='word_1_314' title='bbox 1455 3123 1527 3180; x_wconf 84' lang='lat' dir='ltr'>pcr-</span> 
     </span>
     <span class='ocr_line' id='line_1_32' title="bbox 174 3194 1528 3273; baseline -0.003 -17"><span class='ocrx_word' id='word_1_315' title='bbox 174 3196 308 3272; x_wconf 68' lang='lat' dir='ltr'>fceiioar&#39;t</span> <span class='ocrx_word' id='word_1_316' title='bbox 330 3194 432 3271; x_wconf 72' lang='lat' dir='ltr'>arada</span> <span class='ocrx_word' id='word_1_317' title='bbox 453 3198 635 3270; x_wconf 66' lang='lat' dir='ltr'>mandunt,</span> <span class='ocrx_word' id='word_1_318' title='bbox 658 3204 686 3255; x_wconf 83' lang='lat' dir='ltr'>et</span> <span class='ocrx_word' id='word_1_319' title='bbox 708 3196 790 3272; x_wconf 78' lang='lat' dir='ltr'>qaod</span> <span class='ocrx_word' id='word_1_320' title='bbox 811 3197 844 3255; x_wconf 83' lang='lat' dir='ltr'>id</span> <span class='ocrx_word' id='word_1_321' title='bbox 863 3202 998 3259; x_wconf 76' lang='lat' dir='ltr'>muciam</span> <span class='ocrx_word' id='word_1_322' title='bbox 1020 3202 1171 3273; x_wconf 80' lang='lat' dir='ltr'>appareat</span> <span class='ocrx_word' id='word_1_323' title='bbox 1190 3197 1226 3253; x_wconf 84' lang='lat' dir='ltr'>r&#39;n</span> <span class='ocrx_word' id='word_1_324' title='bbox 1247 3195 1394 3254; x_wconf 81' lang='lat' dir='ltr'>humanis</span> <span class='ocrx_word' id='word_1_325' title='bbox 1415 3194 1528 3253; x_wconf 81' lang='lat' dir='ltr'>cainrir</span> 
     </span>
     <span class='ocr_line' id='line_1_33' title="bbox 175 3280 1529 3361; baseline -0.003 -18"><span class='ocrx_word' id='word_1_326' title='bbox 175 3285 267 3360; x_wconf 64' lang='lat' dir='ltr'>mque</span> <span class='ocrx_word' id='word_1_327' title='bbox 290 3282 458 3343; x_wconf 76' lang='lat' dir='ltr'>meiertihrar</span> <span class='ocrx_word' id='word_1_328' title='bbox 479 3283 729 3344; x_wconf 76' lang='lat' dir='ltr'>revolutionibus.</span> <span class='ocrx_word' id='word_1_329' title='bbox 775 3281 832 3344; x_wconf 89' lang='lat' dir='ltr'>Ubi</span> <span class='ocrx_word' id='word_1_330' title='bbox 856 3287 1041 3361; x_wconf 85' lang='lat' dir='ltr'>partitionem</span> <span class='ocrx_word' id='word_1_331' title='bbox 1056 3283 1139 3343; x_wconf 87' lang='lat' dir='ltr'>vides</span> <span class='ocrx_word' id='word_1_332' title='bbox 1155 3299 1265 3352; x_wconf 90' lang='lat' dir='ltr'>corum,</span> <span class='ocrx_word' id='word_1_333' title='bbox 1287 3299 1365 3358; x_wconf 86' lang='lat' dir='ltr'>quae</span> <span class='ocrx_word' id='word_1_334' title='bbox 1379 3280 1529 3341; x_wconf 89' lang='lat' dir='ltr'>restabant</span> 
     </span>
     <span class='ocr_line' id='line_1_34' title="bbox 177 3367 1527 3447; baseline -0.001 -19"><span class='ocrx_word' id='word_1_335' title='bbox 177 3369 348 3430; x_wconf 89' lang='lat' dir='ltr'>Ptolemaeo</span> <span class='ocrx_word' id='word_1_336' title='bbox 371 3367 510 3445; x_wconf 72' lang='lat' dir='ltr'>dicenda,</span> <span class='ocrx_word' id='word_1_337' title='bbox 540 3371 665 3447; x_wconf 90' lang='lat' dir='ltr'>primum</span> <span class='ocrx_word' id='word_1_338' title='bbox 687 3387 728 3431; x_wconf 91' lang='lat' dir='ltr'>sc.</span> <span class='ocrx_word' id='word_1_339' title='bbox 753 3370 789 3431; x_wconf 91' lang='lat' dir='ltr'>de</span> <span class='ocrx_word' id='word_1_340' title='bbox 811 3370 971 3432; x_wconf 85' lang='lat' dir='ltr'>harmoniis</span> <span class='ocrx_word' id='word_1_341' title='bbox 1000 3374 1157 3431; x_wconf 86' lang='lat' dir='ltr'>inanimis</span> <span class='ocrx_word' id='word_1_342' title='bbox 1180 3370 1388 3441; x_wconf 81' lang='lat' dir='ltr'>existentibus,</span> <span class='ocrx_word' id='word_1_343' title='bbox 1419 3380 1527 3427; x_wconf 81' lang='lat' dir='ltr'>secun··</span> 
     </span>
     <span class='ocr_line' id='line_1_35' title="bbox 177 3456 1528 3537; baseline -0.002 -20"><span class='ocrx_word' id='word_1_344' title='bbox 177 3458 245 3517; x_wconf 93' lang='lat' dir='ltr'>dum</span> <span class='ocrx_word' id='word_1_345' title='bbox 269 3456 306 3517; x_wconf 89' lang='lat' dir='ltr'>de</span> <span class='ocrx_word' id='word_1_346' title='bbox 329 3457 489 3516; x_wconf 82' lang='lat' dir='ltr'>harmoniis</span> <span class='ocrx_word' id='word_1_347' title='bbox 520 3459 549 3515; x_wconf 93' lang='lat' dir='ltr'>in</span> <span class='ocrx_word' id='word_1_348' title='bbox 573 3457 646 3519; x_wconf 87' lang='lat' dir='ltr'>coeli</span> <span class='ocrx_word' id='word_1_349' title='bbox 670 3459 808 3519; x_wconf 86' lang='lat' dir='ltr'>motibus.</span> <span class='ocrx_word' id='word_1_350' title='bbox 855 3459 890 3517; x_wconf 78' lang='lat' dir='ltr'>Et</span> <span class='ocrx_word' id='word_1_351' title='bbox 919 3459 954 3519; x_wconf 94' lang='lat' dir='ltr'>de</span> <span class='ocrx_word' id='word_1_352' title='bbox 978 3461 1070 3537; x_wconf 91' lang='lat' dir='ltr'>primo</span> <span class='ocrx_word' id='word_1_353' title='bbox 1094 3456 1212 3534; x_wconf 87' lang='lat' dir='ltr'>qrridem</span> <span class='ocrx_word' id='word_1_354' title='bbox 1237 3466 1399 3533; x_wconf 84' lang='lat' dir='ltr'>sequuntur</span> <span class='ocrx_word' id='word_1_355' title='bbox 1430 3456 1528 3533; x_wconf 87' lang='lat' dir='ltr'>capita</span> 
     </span>
     <span class='ocr_line' id='line_1_36' title="bbox 178 3542 1528 3624; baseline -0.002 -20"><span class='ocrx_word' id='word_1_356' title='bbox 178 3548 250 3619; x_wconf 80' lang='lat' dir='ltr'>bia,</span> <span class='ocrx_word' id='word_1_357' title='bbox 275 3543 312 3604; x_wconf 88' lang='lat' dir='ltr'>de</span> <span class='ocrx_word' id='word_1_358' title='bbox 336 3544 465 3604; x_wconf 89' lang='lat' dir='ltr'>secundo</span> <span class='ocrx_word' id='word_1_359' title='bbox 487 3543 606 3605; x_wconf 88' lang='lat' dir='ltr'>residua</span> <span class='ocrx_word' id='word_1_360' title='bbox 628 3549 725 3622; x_wconf 91' lang='lat' dir='ltr'>capita</span> <span class='ocrx_word' id='word_1_361' title='bbox 746 3563 862 3605; x_wconf 90' lang='lat' dir='ltr'>novem.</span> <span class='ocrx_word' id='word_1_362' title='bbox 909 3546 980 3624; x_wconf 82' lang='lat' dir='ltr'>Gap.</span> <span class='ocrx_word' id='word_1_363' title='bbox 1002 3546 1029 3605; x_wconf 80' lang='lat'>5.</span> <span class='ocrx_word' id='word_1_364' title='bbox 1055 3545 1270 3605; x_wconf 83' lang='lat' dir='ltr'>Consonautias</span> <span class='ocrx_word' id='word_1_365' title='bbox 1292 3542 1423 3620; x_wconf 80' lang='lat' dir='ltr'>singulas</span> <span class='ocrx_word' id='word_1_366' title='bbox 1446 3559 1528 3602; x_wconf 91' lang='lat' dir='ltr'>com·</span> 
     </span>
     <span class='ocr_line' id='line_1_37' title="bbox 176 3628 1528 3710; baseline -0.005 -18"><span class='ocrx_word' id='word_1_367' title='bbox 176 3640 261 3710; x_wconf 89' lang='lat' dir='ltr'>parat</span> <span class='ocrx_word' id='word_1_368' title='bbox 284 3649 350 3691; x_wconf 88' lang='lat' dir='ltr'>cam</span> <span class='ocrx_word' id='word_1_369' title='bbox 373 3631 562 3691; x_wconf 78' lang='lat' dir='ltr'>facultatibus</span> <span class='ocrx_word' id='word_1_370' title='bbox 585 3635 701 3692; x_wconf 85' lang='lat' dir='ltr'>animno</span> <span class='ocrx_word' id='word_1_371' title='bbox 723 3632 874 3692; x_wconf 87' lang='lat' dir='ltr'>rationalis</span> <span class='ocrx_word' id='word_1_372' title='bbox 897 3633 1035 3710; x_wconf 75' lang='lat' dir='ltr'>singulis,</span> <span class='ocrx_word' id='word_1_373' title='bbox 1066 3632 1155 3709; x_wconf 87' lang='lat' dir='ltr'>idque</span> <span class='ocrx_word' id='word_1_374' title='bbox 1177 3633 1293 3692; x_wconf 88' lang='lat' dir='ltr'>concise</span> <span class='ocrx_word' id='word_1_375' title='bbox 1319 3649 1371 3709; x_wconf 90' lang='lat' dir='ltr'>per</span> <span class='ocrx_word' id='word_1_376' title='bbox 1393 3628 1528 3692; x_wconf 90' lang='lat' dir='ltr'>subdivi-</span> 
     </span>
     <span class='ocr_line' id='line_1_38' title="bbox 178 3717 1529 3799; baseline -0.001 -22"><span class='ocrx_word' id='word_1_377' title='bbox 178 3722 274 3780; x_wconf 89' lang='lat' dir='ltr'>siones</span> <span class='ocrx_word' id='word_1_378' title='bbox 299 3722 449 3797; x_wconf 87' lang='lat' dir='ltr'>utriusque</span> <span class='ocrx_word' id='word_1_379' title='bbox 472 3737 566 3780; x_wconf 91' lang='lat' dir='ltr'>rerum</span> <span class='ocrx_word' id='word_1_380' title='bbox 590 3728 831 3799; x_wconf 81' lang='lat' dir='ltr'>comparaturum.</span> <span class='ocrx_word' id='word_1_381' title='bbox 876 3721 948 3799; x_wconf 88' lang='lat' dir='ltr'>Cap.</span> <span class='ocrx_word' id='word_1_382' title='bbox 974 3724 1002 3782; x_wconf 89' lang='grc'>6.</span> <span class='ocrx_word' id='word_1_383' title='bbox 1034 3719 1151 3781; x_wconf 88' lang='lat' dir='ltr'>Genera</span> <span class='ocrx_word' id='word_1_384' title='bbox 1173 3719 1388 3780; x_wconf 84' lang='lat' dir='ltr'>harmoniarum</span> <span class='ocrx_word' id='word_1_385' title='bbox 1411 3717 1529 3792; x_wconf 77' lang='lat' dir='ltr'>singula</span> 
     </span>
     <span class='ocr_line' id='line_1_39' title="bbox 179 3806 1528 3886; baseline -0.004 -18"><span class='ocrx_word' id='word_1_386' title='bbox 179 3825 244 3868; x_wconf 90' lang='lat' dir='ltr'>cum</span> <span class='ocrx_word' id='word_1_387' title='bbox 266 3807 390 3883; x_wconf 73' lang='lat' dir='ltr'>singulis</span> <span class='ocrx_word' id='word_1_388' title='bbox 413 3808 569 3881; x_wconf 77' lang='lat' dir='ltr'>generibus</span> <span class='ocrx_word' id='word_1_389' title='bbox 590 3820 644 3868; x_wconf 90' lang='lat' dir='ltr'>scu</span> <span class='ocrx_word' id='word_1_390' title='bbox 667 3808 810 3869; x_wconf 88' lang='lat' dir='ltr'>classibus</span> <span class='ocrx_word' id='word_1_391' title='bbox 833 3809 974 3868; x_wconf 89' lang='lat' dir='ltr'>virtutum</span> <span class='ocrx_word' id='word_1_392' title='bbox 994 3815 1152 3885; x_wconf 84' lang='lat' dir='ltr'>comparat</span> <span class='ocrx_word' id='word_1_393' title='bbox 1198 3806 1270 3886; x_wconf 86' lang='lat' dir='ltr'>Cep.</span> <span class='ocrx_word' id='word_1_394' title='bbox 1296 3811 1324 3867; x_wconf 84' lang='lat' dir='ltr'>i.</span> <span class='ocrx_word' id='word_1_395' title='bbox 1347 3807 1528 3868; x_wconf 86' lang='lat' dir='ltr'>Mutationea</span> 
     </span>
     <span class='ocr_line' id='line_1_40' title="bbox 178 3890 1528 3974; baseline -0.002 -20"><span class='ocrx_word' id='word_1_396' title='bbox 178 3905 314 3956; x_wconf 91' lang='lat' dir='ltr'>tonorum</span> <span class='ocrx_word' id='word_1_397' title='bbox 337 3912 404 3955; x_wconf 87' lang='lat' dir='ltr'>cum</span> <span class='ocrx_word' id='word_1_398' title='bbox 424 3896 634 3956; x_wconf 86' lang='lat' dir='ltr'>mutationibus</span> <span class='ocrx_word' id='word_1_399' title='bbox 656 3896 818 3955; x_wconf 86' lang='lat' dir='ltr'>studiorum</span> <span class='ocrx_word' id='word_1_400' title='bbox 840 3897 1023 3973; x_wconf 86' lang='lat' dir='ltr'>publicorum</span> <span class='ocrx_word' id='word_1_401' title='bbox 1054 3913 1106 3974; x_wconf 93' lang='lat' dir='ltr'>per</span> <span class='ocrx_word' id='word_1_402' title='bbox 1128 3905 1292 3974; x_wconf 89' lang='lat' dir='ltr'>temporum</span> <span class='ocrx_word' id='word_1_403' title='bbox 1314 3890 1528 3956; x_wconf 85' lang='lat' dir='ltr'>dissimilitudi-</span> 
     </span>
     <span class='ocr_line' id='line_1_41' title="bbox 178 3984 1528 4059; baseline -0.001 -17"><span class='ocrx_word' id='word_1_404' title='bbox 178 4001 242 4042; x_wconf 90' lang='lat' dir='ltr'>nem</span> <span class='ocrx_word' id='word_1_405' title='bbox 278 3984 412 4059; x_wconf 86' lang='lat' dir='ltr'>adeoque</span> <span class='ocrx_word' id='word_1_406' title='bbox 450 3984 539 4043; x_wconf 88' lang='lat' dir='ltr'>etiam</span> <span class='ocrx_word' id='word_1_407' title='bbox 572 4000 638 4043; x_wconf 90' lang='lat' dir='ltr'>cum</span> <span class='ocrx_word' id='word_1_408' title='bbox 672 3984 884 4043; x_wconf 88' lang='lat' dir='ltr'>mutationibus</span> <span class='ocrx_word' id='word_1_409' title='bbox 918 3985 1075 4045; x_wconf 83' lang='lat' dir='ltr'>affectuum</span> <span class='ocrx_word' id='word_1_410' title='bbox 1114 3985 1141 4041; x_wconf 88' lang='lat' dir='ltr'>in</span> <span class='ocrx_word' id='word_1_411' title='bbox 1175 3985 1279 4044; x_wconf 87' lang='lat' dir='ltr'>animis</span> <span class='ocrx_word' id='word_1_412' title='bbox 1310 3986 1528 4044; x_wconf 89' lang='lat' dir='ltr'>subitanecrum</span> 
     </span>
     <span class='ocr_line' id='line_1_42' title="bbox 178 4078 336 4147; baseline 0 -17"><span class='ocrx_word' id='word_1_413' title='bbox 178 4078 336 4147; x_wconf 86' lang='lat' dir='ltr'>comparat</span> 
     </span>
    </p>

    <p class='ocr_par' dir='ltr' id='par_1_7' title="bbox 176 4157 1529 4586">
     <span class='ocr_line' id='line_1_43' title="bbox 263 4157 1529 4238; baseline 0.002 -21"><span class='ocrx_word' id='word_1_414' title='bbox 263 4159 300 4217; x_wconf 92' lang='lat' dir='ltr'>ln</span> <span class='ocrx_word' id='word_1_415' title='bbox 331 4158 386 4219; x_wconf 90' lang='lat' dir='ltr'>hac</span> <span class='ocrx_word' id='word_1_416' title='bbox 408 4165 492 4234; x_wconf 87' lang='lat' dir='ltr'>parte</span> <span class='ocrx_word' id='word_1_417' title='bbox 518 4159 611 4219; x_wconf 89' lang='lat' dir='ltr'>multa</span> <span class='ocrx_word' id='word_1_418' title='bbox 642 4166 743 4219; x_wconf 88' lang='lat' dir='ltr'>contra</span> <span class='ocrx_word' id='word_1_419' title='bbox 765 4157 969 4219; x_wconf 88' lang='lat' dir='ltr'>Ptolemaeum</span> <span class='ocrx_word' id='word_1_420' title='bbox 993 4158 1129 4238; x_wconf 90' lang='lat' dir='ltr'>disputo,</span> <span class='ocrx_word' id='word_1_421' title='bbox 1160 4157 1367 4237; x_wconf 83' lang='lat' dir='ltr'>symbolismos</span> <span class='ocrx_word' id='word_1_422' title='bbox 1389 4177 1429 4220; x_wconf 91' lang='lat' dir='ltr'>sc.</span> <span class='ocrx_word' id='word_1_423' title='bbox 1462 4158 1529 4219; x_wconf 88' lang='lat' dir='ltr'>illos</span> 
     </span>
     <span class='ocr_line' id='line_1_44' title="bbox 179 4246 1529 4325; baseline -0.001 -17"><span class='ocrx_word' id='word_1_424' title='bbox 179 4248 334 4325; x_wconf 82' lang='lat' dir='ltr'>potissima</span> <span class='ocrx_word' id='word_1_425' title='bbox 356 4253 439 4323; x_wconf 88' lang='lat' dir='ltr'>parte</span> <span class='ocrx_word' id='word_1_426' title='bbox 460 4263 521 4307; x_wconf 90' lang='lat' dir='ltr'>non</span> <span class='ocrx_word' id='word_1_427' title='bbox 543 4264 608 4308; x_wconf 84' lang='lat' dir='ltr'>esse</span> <span class='ocrx_word' id='word_1_428' title='bbox 629 4249 821 4319; x_wconf 87' lang='lat' dir='ltr'>necessarios,</span> <span class='ocrx_word' id='word_1_429' title='bbox 844 4263 899 4306; x_wconf 90' lang='lat' dir='ltr'>nee</span> <span class='ocrx_word' id='word_1_430' title='bbox 921 4246 1055 4307; x_wconf 86' lang='lat' dir='ltr'>causales</span> <span class='ocrx_word' id='word_1_431' title='bbox 1078 4265 1131 4307; x_wconf 92' lang='lat' dir='ltr'>nec</span> <span class='ocrx_word' id='word_1_432' title='bbox 1142 4246 1300 4320; x_wconf 89' lang='lat' dir='ltr'>naturales,</span> <span class='ocrx_word' id='word_1_433' title='bbox 1323 4246 1375 4307; x_wconf 92' lang='lat' dir='ltr'>sed</span> <span class='ocrx_word' id='word_1_434' title='bbox 1399 4249 1529 4324; x_wconf 72' lang='lat' dir='ltr'>poeticos</span> 
     </span>
     <span class='ocr_line' id='line_1_45' title="bbox 176 4332 1528 4412; baseline 0.001 -20"><span class='ocrx_word' id='word_1_435' title='bbox 176 4337 277 4412; x_wconf 80' lang='lat' dir='ltr'>petiam</span> <span class='ocrx_word' id='word_1_436' title='bbox 300 4340 329 4392; x_wconf 91' lang='lat' dir='ltr'>et</span> <span class='ocrx_word' id='word_1_437' title='bbox 352 4332 511 4409; x_wconf 72' lang='lat' dir='ltr'>aratorios,</span> <span class='ocrx_word' id='word_1_438' title='bbox 542 4352 611 4394; x_wconf 90' lang='lat' dir='ltr'>nam</span> <span class='ocrx_word' id='word_1_439' title='bbox 633 4334 716 4408; x_wconf 91' lang='lat' dir='ltr'>illas,</span> <span class='ocrx_word' id='word_1_440' title='bbox 747 4350 823 4411; x_wconf 87' lang='lat' dir='ltr'>quaa</span> <span class='ocrx_word' id='word_1_441' title='bbox 846 4335 876 4393; x_wconf 91' lang='lat' dir='ltr'>in</span> <span class='ocrx_word' id='word_1_442' title='bbox 899 4337 1004 4394; x_wconf 81' lang='lat' dir='ltr'>animis</span> <span class='ocrx_word' id='word_1_443' title='bbox 1034 4336 1145 4409; x_wconf 91' lang='lat' dir='ltr'>insunt,</span> <span class='ocrx_word' id='word_1_444' title='bbox 1176 4334 1331 4395; x_wconf 74' lang='lat' dir='ltr'>facultates</span> <span class='ocrx_word' id='word_1_445' title='bbox 1353 4343 1382 4393; x_wconf 86' lang='lat' dir='ltr'>et</span> <span class='ocrx_word' id='word_1_446' title='bbox 1405 4336 1528 4394; x_wconf 87' lang='lat' dir='ltr'>virtutes</span> 
     </span>
     <span class='ocr_line' id='line_1_46' title="bbox 178 4420 1529 4498; baseline -0.001 -18"><span class='ocrx_word' id='word_1_447' title='bbox 178 4420 324 4498; x_wconf 87' lang='lat' dir='ltr'>speciales</span> <span class='ocrx_word' id='word_1_448' title='bbox 346 4437 404 4480; x_wconf 85' lang='lat' dir='ltr'>non</span> <span class='ocrx_word' id='word_1_449' title='bbox 428 4423 524 4481; x_wconf 91' lang='lat' dir='ltr'>sortiri</span> <span class='ocrx_word' id='word_1_450' title='bbox 548 4438 602 4481; x_wconf 90' lang='lat' dir='ltr'>nec</span> <span class='ocrx_word' id='word_1_451' title='bbox 623 4423 719 4481; x_wconf 88' lang='lat' dir='ltr'>ideam</span> <span class='ocrx_word' id='word_1_452' title='bbox 742 4439 796 4481; x_wconf 91' lang='lat' dir='ltr'>nec</span> <span class='ocrx_word' id='word_1_453' title='bbox 819 4438 954 4482; x_wconf 89' lang='lat' dir='ltr'>numeros</span> <span class='ocrx_word' id='word_1_454' title='bbox 977 4423 1192 4482; x_wconf 86' lang='lat' dir='ltr'>constitutionis</span> <span class='ocrx_word' id='word_1_455' title='bbox 1214 4438 1285 4481; x_wconf 91' lang='lat' dir='ltr'>suae</span> <span class='ocrx_word' id='word_1_456' title='bbox 1313 4439 1348 4480; x_wconf 88' lang='lat' dir='ltr'>ex</span> <span class='ocrx_word' id='word_1_457' title='bbox 1371 4422 1529 4481; x_wconf 85' lang='lat' dir='ltr'>harmoniis</span> 
     </span>
     <span class='ocr_line' id='line_1_47' title="bbox 179 4508 1528 4586; baseline -0.001 -18"><span class='ocrx_word' id='word_1_458' title='bbox 179 4517 324 4585; x_wconf 83' lang='lat' dir='ltr'>tanquam</span> <span class='ocrx_word' id='word_1_459' title='bbox 346 4525 382 4567; x_wconf 90' lang='lat' dir='ltr'>ex</span> <span class='ocrx_word' id='word_1_460' title='bbox 404 4508 572 4586; x_wconf 84' lang='lat' dir='ltr'>archetypo,</span> <span class='ocrx_word' id='word_1_461' title='bbox 597 4510 648 4569; x_wconf 90' lang='lat' dir='ltr'>sed</span> <span class='ocrx_word' id='word_1_462' title='bbox 672 4509 780 4569; x_wconf 88' lang='lat' dir='ltr'>habers</span> <span class='ocrx_word' id='word_1_463' title='bbox 804 4526 909 4568; x_wconf 87' lang='lat' dir='ltr'>causas</span> <span class='ocrx_word' id='word_1_464' title='bbox 933 4508 1008 4569; x_wconf 85' lang='lat' dir='ltr'>alias</span> <span class='ocrx_word' id='word_1_465' title='bbox 1030 4510 1179 4569; x_wconf 82' lang='lat' dir='ltr'>consessas</span> <span class='ocrx_word' id='word_1_466' title='bbox 1202 4517 1254 4568; x_wconf 85' lang='lat' dir='ltr'>ant</span> <span class='ocrx_word' id='word_1_467' title='bbox 1269 4508 1434 4579; x_wconf 89' lang='lat' dir='ltr'>evidentes,</span> <span class='ocrx_word' id='word_1_468' title='bbox 1458 4510 1528 4584; x_wconf 87' lang='lat' dir='ltr'>quin</span> 
     </span>
    </p>
   </div>
   <div class='ocr_carea' id='block_1_3' title="bbox 176 4586 1660 4674">
    <p class='ocr_par' dir='ltr' id='par_1_8' title="bbox 176 4586 1660 4674">
     <span class='ocr_line' id='line_1_48' title="bbox 176 4586 1660 4674; baseline 0 -20"><span class='ocrx_word' id='word_1_469' title='bbox 176 4614 213 4657; x_wconf 90' lang='lat' dir='ltr'>ne</span> <span class='ocrx_word' id='word_1_470' title='bbox 240 4595 360 4674; x_wconf 85' lang='lat' dir='ltr'>quidem</span> <span class='ocrx_word' id='word_1_471' title='bbox 386 4596 564 4673; x_wconf 87' lang='lat' dir='ltr'>respondere</span> <span class='ocrx_word' id='word_1_472' title='bbox 595 4596 633 4656; x_wconf 88' lang='lat' dir='ltr'>ad</span> <span class='ocrx_word' id='word_1_473' title='bbox 664 4614 831 4670; x_wconf 88' lang='lat' dir='ltr'>nnmerum,</span> <span class='ocrx_word' id='word_1_474' title='bbox 861 4596 913 4657; x_wconf 90' lang='lat' dir='ltr'>sed</span> <span class='ocrx_word' id='word_1_475' title='bbox 942 4595 1029 4672; x_wconf 76' lang='lat' dir='ltr'>longe</span> <span class='ocrx_word' id='word_1_476' title='bbox 1052 4599 1187 4671; x_wconf 85' lang='lat' dir='ltr'>quaesita</span> <span class='ocrx_word' id='word_1_477' title='bbox 1218 4605 1270 4656; x_wconf 88' lang='lat' dir='ltr'>aut</span> <span class='ocrx_word' id='word_1_478' title='bbox 1292 4594 1369 4655; x_wconf 86' lang='lat' dir='ltr'>male</span> <span class='ocrx_word' id='word_1_479' title='bbox 1391 4596 1529 4655; x_wconf 77' lang='lat' dir='ltr'>affectata</span> <span class='ocrx_word' id='word_1_480' title='bbox 1652 4586 1660 4599; x_wconf 75' lang='grc'><strong>“</strong></span> 
     </span>
    </p>
   </div>
   <div class='ocr_carea' id='block_1_4' title="bbox 176 4681 1583 4939">
    <p class='ocr_par' dir='ltr' id='par_1_9' title="bbox 176 4681 1583 4939">
     <span class='ocr_line' id='line_1_49' title="bbox 176 4681 1583 4763; baseline -0.001 -20"><span class='ocrx_word' id='word_1_481' title='bbox 176 4701 270 4763; x_wconf 71' lang='lat' dir='ltr'>opera</span> <span class='ocrx_word' id='word_1_482' title='bbox 296 4682 426 4761; x_wconf 86' lang='lat' dir='ltr'>speciem</span> <span class='ocrx_word' id='word_1_483' title='bbox 454 4686 491 4744; x_wconf 89' lang='lat' dir='ltr'>iis</span> <span class='ocrx_word' id='word_1_484' title='bbox 521 4684 670 4744; x_wconf 84' lang='lat' dir='ltr'>conciliari</span> <span class='ocrx_word' id='word_1_485' title='bbox 702 4683 855 4744; x_wconf 86' lang='lat' dir='ltr'>divisionis</span> <span class='ocrx_word' id='word_1_486' title='bbox 884 4683 1166 4762; x_wconf 83' lang='lat' dir='ltr'>aequemaltiplicis3</span> <span class='ocrx_word' id='word_1_487' title='bbox 1201 4682 1309 4749; x_wconf 85' lang='lat' dir='ltr'>multas</span> <span class='ocrx_word' id='word_1_488' title='bbox 1344 4681 1528 4743; x_wconf 84' lang='lat' dir='ltr'>abundantes</span> <span class='ocrx_word' id='word_1_489' title='bbox 1573 4752 1583 4762; x_wconf 24' lang='grc' dir='ltr'><em>υ</em></span> 
     </span>
     <span class='ocr_line' id='line_1_50' title="bbox 176 4769 1528 4848; baseline -0.001 -17"><span class='ocrx_word' id='word_1_490' title='bbox 176 4781 230 4832; x_wconf 84' lang='lat' dir='ltr'>aut</span> <span class='ocrx_word' id='word_1_491' title='bbox 250 4772 385 4833; x_wconf 87' lang='lat' dir='ltr'>vicissim</span> <span class='ocrx_word' id='word_1_492' title='bbox 406 4769 537 4832; x_wconf 88' lang='lat' dir='ltr'>delectus</span> <span class='ocrx_word' id='word_1_493' title='bbox 561 4770 754 4846; x_wconf 81' lang='lat' dir='ltr'>dissimulari3</span> <span class='ocrx_word' id='word_1_494' title='bbox 786 4771 949 4847; x_wconf 87' lang='lat' dir='ltr'>quaedam,</span> <span class='ocrx_word' id='word_1_495' title='bbox 983 4788 1059 4848; x_wconf 85' lang='lat' dir='ltr'>quae</span> <span class='ocrx_word' id='word_1_496' title='bbox 1082 4773 1177 4830; x_wconf 89' lang='lat' dir='ltr'>minus</span> <span class='ocrx_word' id='word_1_497' title='bbox 1199 4770 1371 4843; x_wconf 88' lang='lat' dir='ltr'>succedunt,</span> <span class='ocrx_word' id='word_1_498' title='bbox 1400 4770 1528 4831; x_wconf 89' lang='lat' dir='ltr'>crinibus</span> 
     </span>
     <span class='ocr_line' id='line_1_51' title="bbox 176 4857 1529 4939; baseline -0.004 -14"><span class='ocrx_word' id='word_1_499' title='bbox 176 4861 267 4939; x_wconf 70' lang='lat' dir='ltr'>trahi,</span> <span class='ocrx_word' id='word_1_500' title='bbox 301 4858 429 4937; x_wconf 83' lang='lat' dir='ltr'>deniqne</span> <span class='ocrx_word' id='word_1_501' title='bbox 456 4876 532 4939; x_wconf 77' lang='lat' dir='ltr'>onae</span> <span class='ocrx_word' id='word_1_502' title='bbox 561 4859 688 4919; x_wconf 85' lang='lat' dir='ltr'>maxime</span> <span class='ocrx_word' id='word_1_503' title='bbox 716 4866 747 4919; x_wconf 90' lang='lat' dir='ltr'>et</span> <span class='ocrx_word' id='word_1_504' title='bbox 774 4857 946 4923; x_wconf 84' lang='lat' dir='ltr'>dexterrimo</span> <span class='ocrx_word' id='word_1_505' title='bbox 971 4860 1096 4921; x_wconf 87' lang='lat' dir='ltr'>invicem</span> <span class='ocrx_word' id='word_1_506' title='bbox 1129 4857 1319 4937; x_wconf 89' lang='lat' dir='ltr'>respondent,</span> <span class='ocrx_word' id='word_1_507' title='bbox 1348 4865 1529 4921; x_wconf 78' lang='lat' dir='ltr'>nontamen</span> 
     </span>
    </p>
   </div>
   <div class='ocr_carea' id='block_1_5' title="bbox 0 0 1791 5625">
    <p class='ocr_par' dir='ltr' id='par_1_10' title="bbox 0 0 1791 5625">
     <span class='ocr_line' id='line_1_52' title="bbox 0 0 1791 5625; baseline 0 0"><span class='ocrx_word' id='word_1_508' title='bbox 0 0 1791 5625; x_wconf 95' lang='lat' dir='ltr'> </span> 
     </span>
    </p>
   </div>
  </div>
 </body>
</html>
