3567 5625
263 427 327 492 44'0
732 422 898 494 appendicis
916 424 1141 481 Harmonicorum

264 606 355 664 hiliri.
400 605 498 664 Etiam
520 603 663 664 medicum
686 611 715 662 te
739 598 931 676 oblivisceris,
954 604 1005 679 qui
1028 603 1125 663 nullos
1148 605 1265 664 morbos
1287 604 1344 662 uisi
1366 603 1405 662 ab
1426 605 1526 664 anima
1539 620 1610 679 pes·

265 697 340 753 sinra
363 701 391 753 et
414 692 562 753 malevola
584 693 697 751 causari
726 693 833 768 garris,
858 693 942 767 quasi
965 708 1024 749 non
1039 694 1211 752 creberrima
1231 693 1270 751 sit
1291 691 1495 752 alimentorum
1514 691 1610 769 culpa.

265 782 345 840 Dum
369 798 438 839 vero
463 780 594 857 explodis
618 797 735 839 causam
759 778 854 836 fluxus
885 789 915 836 et
936 778 1063 839 refluxus
1085 782 1186 853 maris,
1217 781 1437 855 respirationem
1459 795 1513 838 seu
1534 780 1611 839 reci·

264 872 464 946 procationem
486 868 610 937 Terrae,
634 864 730 942 qualis
754 868 782 922 in
805 867 945 941 piscihus,
968 866 1067 943 prodis
1098 878 1126 925 te
1150 884 1206 926 nou
1230 885 1295 927 esse
1317 875 1505 942 geometram.
1549 864 1611 925 Ne-

267 946 416 1032 quaquam
446 956 540 1031 maior
568 953 601 1011 rit
627 953 721 1013 moles
749 963 890 1012 attractae
920 970 1028 1028 aquae,
1061 972 1149 1030 quam
1179 962 1224 1014 est
1245 953 1352 1013 Terrae
1383 970 1496 1030 corpus.
1539 952 1611 1012 Esto

149 1077 155 1084 ›
265 1046 360 1115 enirn,
389 1052 422 1101 ut
443 1052 507 1102 tota
529 1041 607 1100 intus
630 1040 716 1118 plena
738 1043 777 1101 sit
799 1057 886 1116 aqua,
921 1057 980 1099 non
1003 1058 1077 1118 opus
1101 1042 1220 1102 habebit
1251 1041 1289 1100 ad
1312 1041 1459 1100 defluxum
1482 1057 1610 1100 cansam

264 1131 332 1189 dum
368 1130 434 1206 plus
464 1129 610 1189 attrahere
646 1145 698 1206 per
728 1131 955 1186 contractionem
992 1131 1118 1204 partium
1148 1130 1312 1206 aliquarum
1342 1128 1489 1201 mollium,
1524 1145 1612 1203 quam

264 1226 407 1294 quantum
438 1217 525 1276 elficit
556 1233 715 1292 paucorum
744 1214 853 1291 pedum
881 1215 1021 1289 altitudo,
1054 1233 1119 1275 cum
1151 1217 1264 1292 reliqua
1293 1215 1474 1293 profunditas
1505 1224 1614 1291 aequet

267 1306 330 1365 900
353 1305 498 1364 milliaria
544 1304 575 1363 Si
607 1310 713 1362 testam
743 1310 805 1361 tute
837 1304 902 1378 ipae
934 1304 1006 1363 lacis
1028 1303 1147 1363 Tenam
1181 1312 1232 1363 aut
1263 1304 1352 1363 ollam
1384 1321 1463 1384 aqua
1483 1302 1612 1380 plenum,

265 1392 408 1470 quantulo
432 1394 526 1450 minus
549 1391 603 1450 erit
625 1390 678 1449 illa
700 1390 753 1448 tibi
776 1389 964 1460 miraculosa,
993 1406 1081 1467 quarn
1104 1394 1129 1449 si
1152 1390 1285 1451 cochlear
1313 1409 1403 1451 uurrm
1425 1400 1514 1466 atquc
1537 1389 1613 1450 alte·

266 1498 331 1537 rum
354 1480 470 1539 hauriat
492 1478 626 1554 amplius.
672 1477 715 1535 Ex
738 1494 803 1536 meo
825 1475 875 1536 fol.
900 1480 972 1536 255.
1005 1488 1037 1537 ut
1059 1478 1230 1555 plerumque
1252 1495 1403 1556 perperam
1425 1478 1538 1554 allegas
1560 1495 1614 1536 su-

265 1569 379 1643 misque
403 1566 459 1626 hoc
480 1569 662 1643 potissimum
686 1562 924 1642 impugnandum,
949 1566 1027 1640 qnod
1051 1569 1178 1626 animam
1193 1566 1300 1625 Terrae
1319 1566 1440 1625 dixerim
1455 1566 1612 1639 flammam,

265 1656 425 1714 sorbitione
448 1656 570 1712 marium
594 1652 764 1724 fovendam,
789 1670 854 1711 cum
882 1670 937 1727 ego
960 1655 1139 1731 scripserim,
1158 1655 1286 1732 flemma
1308 1652 1458 1730 quaedam
1485 1671 1544 1712 case
1566 1657 1614 1712 vi·
1663 1667 1668 1674 ·

264 1741 361 1814 detur,
386 1745 427 1800 ita
450 1758 520 1801 vero
544 1739 689 1816 loquimur
712 1739 748 1799 de
770 1757 815 1811 eo,
839 1740 918 1815 quod
940 1748 984 1798 est
1006 1740 1100 1801 simile
1120 1742 1264 1801 flammae.
1309 1741 1358 1799 Sic
1380 1744 1478 1801 anima
1493 1740 1613 1816 plantae

266 1838 310 1888 est
334 1829 451 1888 flamma
474 1827 633 1904 quaedam,
665 1826 758 1886 tendit
790 1830 865 1885 enim
888 1843 1017 1902 sursum3
1051 1831 1144 1888 sicin
1167 1828 1400 1888 hominiscorde
1427 1837 1471 1887 est
1494 1828 1614 1889 lucerua

266 1916 426 1992 quaedam,
461 1914 617 1978 ventilatur
644 1916 720 1974 enirn
751 1924 779 1972 et
808 1915 928 1973 edomat
960 1917 1017 1973 etc.¹
1061 1914 1246 1993 Quamquam
1278 1933 1337 1974 non
1368 1915 1454 1975 valde
1488 1934 1612 1992 pugnas,

266 2002 433 2062 recordatus
457 2003 582 2060 Archaei
605 2004 647 2062 tui
670 2001 855 2060 Paracelsici.
899 2001 972 2077 Ego,
997 2005 1035 2060 mi
1051 2003 1188 2074 Roherte,
1208 2003 1248 2084 ¹de
1264 2004 1416 2063 vocabulis
1430 2020 1487 2061 non
1503 2021 1612 2080 pugno.

266 2089 298 2149 Si
326 2092 379 2149 tihi
410 2108 467 2149 non
497 2089 593 2167 placet
621 2105 678 2148 vox
706 2090 803 2147 anima
825 2088 950 2157 Terrae,
982 2107 1034 2170 per
1057 2108 1102 2150 me
1132 2092 1185 2151 tibi
1214 2090 1314 2150 licebit
1343 2091 1424 2151 illam
1449 2090 1614 2150 Archaeum

228 2207 231 2216 ν
268 2177 375 2237 Terrae
400 2178 510 2250 dicere,
543 2194 630 2252 quem
651 2178 756 2234 mirum
786 2192 845 2235 non
868 2174 978 2234 dudum
1010 2177 1064 2236 abs
1087 2185 1115 2237 te
1138 2177 1309 2255 productum
1337 2181 1370 2234 in
1403 2180 1612 2255 superioribus,

268 2282 333 2324 oum
357 2268 416 2324 adri
441 2266 637 2325 circumstanti
662 2265 760 2322 omnia
782 2253 938 2337 tribueres,
970 2281 1046 2342 quae
1068 2265 1115 2323 vel
1140 2265 1187 2324 hic
1208 2268 1272 2341 ipse
1297 2266 1445 2326 Archaeus
1472 2283 1491 2323 a
1511 2266 1614 2325 Theo·

266 2353 386 2429 phrasto
418 2369 472 2411 suo
497 2351 663 2428 peragenda
685 2354 807 2427 accepit.
852 2351 899 2409 De
922 2355 1082 2427 geometria
1107 2356 1135 2409 iu
1159 2363 1254 2412 mente
1280 2354 1333 2411 Dei
1362 2370 1474 2413 mecum
1498 2361 1531 2411 tu
1554 2371 1613 2412 non

266 2457 390 2516 pugnas,
414 2442 465 2516 qui
487 2457 561 2516 pene
584 2457 620 2498 ex
642 2455 708 2498 meo
732 2451 780 2498 ore
803 2436 941 2513 loqueris,
966 2449 1045 2497 ratus
1069 2449 1097 2498 te
1121 2447 1221 2499 conha
1236 2459 1282 2499 rue
1298 2444 1440 2517 excipere.
1485 2439 1613 2499 Senten-
1693 2435 1701 2446 '

267 2530 337 2586 tiam
359 2545 453 2587 meam
477 2527 609 2586 ultimam
632 2526 667 2586 de
692 2526 858 2585 charactere
880 2524 995 2586 zodiaci
1018 2526 1120 2586 laudas
1143 2535 1172 2586 et
1192 2529 1347 2604 approbas,
1370 2528 1464 2586 solum
1488 2531 1614 2603 priorem

268 2614 360 2673 habes
384 2616 448 2690 ejus
471 2615 689 2690 impressionem
722 2616 750 2669 in
774 2617 870 2672 ae'rem
899 2622 927 2671 et
950 2623 1047 2674 cetera
1072 2623 1122 2672 tuo
1145 2630 1234 2674 more.
1281 2615 1423 2690 Adeoque
1452 2619 1502 2691 qui
1526 2634 1614 2691 supra

268 2700 391 2775 dixeras,
414 2707 511 2762 adrem
535 2701 603 2760 dare
626 2701 733 2761 Terrae
757 2703 861 2772 vitam,
897 2718 974 2761 nurrc
997 2703 1114 2778 insuper
1136 2700 1232 2761 locum
1263 2705 1290 2760 ei
1313 2701 1365 2760 das
1397 2704 1472 2760 intra
1494 2702 1614 2762 Terram

267 2792 355 2849 etiam
377 2795 406 2848 et
428 2788 510 2849 illum
533 2806 599 2850 eum
621 2805 687 2847 mea
709 2788 816 2848 Terrae
839 2788 937 2847 anima
959 2790 1014 2849 suh
1038 2789 1114 2848 idem
1137 2806 1245 2865 genus,
1267 2791 1342 2865 ignis
1366 2788 1491 2862 scilicet,
1515 2792 1612 2864 relcrs,

267 2881 364 2936 adrem
387 2894 520 2936 asserens
543 2879 618 2934 intra
641 2875 759 2935 Terram
783 2893 846 2935 esse
872 2878 969 2952 ignem
995 2886 1185 2937 contractum.
1231 2878 1362 2951 Benigne
1383 2878 1521 2949 dimittor,
1543 2897 1613 2955 gra·

266 2966 323 3023 tias
347 2980 418 3039 ago,
451 2961 523 3022 nihil
545 2964 616 3022 mihi
639 2980 724 3039 porro
756 2966 843 3039 eripis
866 2965 921 3022 nisi
944 2967 1076 3037 nomina,
1108 2982 1167 3023 reru
1189 2965 1339 3041 relinquis.
1386 2965 1443 3024 Cur
1473 2967 1561 3040 igitur
1583 2969 1613 3023 in

270 3052 458 3111 conclusione
482 3051 568 3127 hujus
590 3050 647 3109 loci
670 3069 785 3127 paeana
807 3053 888 3109 oanis
917 3068 1005 3129 super
1026 3070 1072 3110 me
1095 3052 1289 3130 triumphato,
1323 3051 1456 3128 adeoque
1479 3061 1509 3111 et
1530 3052 1613 3112 salsis

269 3156 316 3196 me
340 3140 507 3198 criminibus
532 3156 650 3197 oneras:
684 3156 787 3199 onmes
807 3157 856 3197 irre
882 3147 1007 3213 praeter
1034 3156 1083 3197 mc
1104 3142 1205 3213 ipsum
1233 3139 1455 3199 condemnare?
1486 3138 1614 3215 denique

269 3226 359 3285 rerba
388 3243 454 3285 mea
485 3226 520 3287 de
550 3227 672 3285 materia
700 3227 767 3285 libri
789 3226 843 3284 ΙΙΙ.
872 3230 1010 3286 sonantia
1041 3236 1092 3285 tuo
1121 3227 1273 3286 commodo
1297 3226 1379 3285 velut
1402 3225 1438 3286 de
1461 3227 1535 3286 libro
1559 3226 1612 3285 IV.

268 3312 347 3373 dicta
369 3316 476 3389 repetis
501 3322 530 3373 et
551 3313 708 3391 explodis?

357 3400 447 3461 Libro
470 3419 535 3462 meo
558 3401 596 3464 V,
619 3403 743 3477 primum
765 3417 823 3459 nou
847 3418 949 3461 censes
972 3399 1149 3461 audiendam
1169 3402 1337 3461 suasionem
1359 3418 1469 3473 meam,
1503 3407 1536 3458 ut
1558 3417 1612 3459 re·

268 3494 344 3546 teres
367 3488 545 3565 hypotheses
569 3490 666 3548 animo
689 3489 848 3564 ejiciemus.
893 3488 1045 3548 Neminem
1067 3506 1150 3564 cogo,
1174 3487 1226 3548 sed
1248 3489 1305 3548 hoc
1320 3497 1429 3548 certum
1443 3488 1537 3547 babc:
1563 3489 1613 3563 qui

268 3575 317 3633 hic
340 3576 411 3634 mihi
441 3593 497 3635 nou
520 3583 618 3653 paret,
652 3579 676 3635 is
699 3576 850 3653 voluptate
881 3576 934 3635 illa
961 3576 1018 3635 nou
1041 3579 1183 3652 potietur,
1217 3594 1293 3652 quae
1321 3577 1428 3635 hauriri
1450 3583 1549 3652 potest
1577 3594 1613 3633 ex

267 3662 518 3738 speculationibus
545 3663 612 3722 libri
636 3662 672 3721 V.
717 3663 830 3739 Negas,
863 3666 936 3724 meis
966 3666 1079 3739 scriptis
1109 3663 1250 3723 hactenus
1274 3664 1422 3730 eiieetrun,
1455 3670 1488 3722 nt
1509 3662 1613 3723 Ptole·

269 3767 383 3808 maeum
405 3751 524 3825 rejicere
546 3753 651 3828 possis.
695 3750 828 3826 Ignosce,
852 3755 878 3810 si
901 3758 929 3810 te
951 3767 1009 3809 non
1029 3751 1114 3826 juvo,
1137 3767 1196 3810 non
1218 3751 1346 3827 explicas
1365 3754 1451 3825 enim,
1474 3768 1534 3826 qua
1557 3769 1613 3825 po·

268 3839 412 3895 tissimum
442 3840 470 3894 in
499 3856 529 3896 re
560 3838 690 3898 haereas.
735 3837 878 3913 Nuspiam
907 3855 976 3897 vero
1008 3838 1114 3897 clarius
1144 3839 1251 3915 probas
1273 3843 1368 3898 coetui
1395 3847 1439 3897 tot
1461 3839 1613 3896 doctorum

270 3925 550 3997 mathematicorum,
574 3932 602 3983 te
626 3928 833 3984 astronomiam
848 3929 991 4001 ignorare,
1015 3943 1103 4001 quam
1118 3926 1173 3999 hic,
1198 3927 1247 3984 ubi
1265 3933 1390 3985 veterem
1405 3928 1614 3986 astronomiam

270 4021 370 4071 contra
386 4028 486 4072 omnes
501 4011 654 4071 modernos
677 4011 802 4087 extollis,
825 4031 844 4071 a
867 4013 1039 4073 certitudine
1055 4013 1262 4089 praedictionis
1280 4024 1411 4073 motuum
1434 4016 1526 4089 (quae
1550 4032 1614 4073 ere·

269 4099 321 4158 bro
345 4101 380 4174 2,
412 4102 446 4178 3,
470 4102 505 4171 4,
530 4100 548 4157 5
571 4098 678 4175 gradus
700 4117 821 4177 peccare
844 4100 936 4160 oculis
960 4099 1196 4185 deprehenditur)
1219 4110 1308 4176 atquc
1333 4102 1504 4162 certitudine
1527 4119 1614 4177 prae·

269 4185 410 4245 dictorum
440 4185 692 4262 astrologicorum,
727 4204 803 4263 quae
831 4196 899 4247 suut
929 4189 964 4248 de
998 4190 1100 4247 tuturis
1133 4189 1381 4265 contingentibus,
1415 4189 1612 4248 commendas.

268 4273 370 4349 Neque
394 4282 490 4333 tamen
513 4273 584 4331 mihi
607 4276 664 4333 tuis
687 4274 822 4352 epithetis
845 4293 919 4353 opus
942 4284 1002 4350 est,
1029 4282 1061 4333 ut
1084 4274 1243 4334 doctrinam
1258 4275 1419 4336 Ptolemaei
1433 4294 1482 4336 ore
1506 4280 1613 4336 immo·

269 4359 352 4420 desto
378 4364 517 4436 mariam
546 4360 699 4439 appellem.
745 4362 850 4437 Itaque
880 4365 951 4439 quia
973 4366 1004 4420 in
1026 4365 1193 4421 suasionum
1224 4367 1436 4423 contentionem
1458 4363 1614 4424 descendi·

268 4466 349 4523 mns,
382 4448 491 4507 suadeo
521 4465 576 4525 eqo
608 4446 779 4524 lectoribus,
810 4449 945 4509 Clarium
968 4451 1065 4526 potius
1088 4449 1223 4522 audiant,
1246 4454 1434 4512 exercitatum
1458 4452 1486 4508 in
1510 4451 1613 4512 Ptolo·

269 4539 362 4595 maica
392 4539 569 4595 astronomia
601 4537 836 4597 mathematicum
866 4536 929 4618 (qui
959 4537 1077 4609 suadet,
1112 4537 1186 4598 alias
1209 4555 1382 4614 quaeramus
1411 4539 1612 4618 hypotheses),

269 4641 357 4699 quam
379 4631 408 4683 te
431 4623 600 4701 Rohertum,
623 4624 801 4684 mathemata
823 4626 897 4684 inter
925 4625 1042 4683 umbras
1065 4634 1094 4684 et
1104 4626 1310 4702 phantasmata
1325 4627 1521 4703 abjicientem,
1546 4626 1614 4687 durn

269 4710 375 4771 suades
398 4711 578 4772 Ptoleruaiea
609 4716 740 4773 retinere.
786 4711 832 4771 De
864 4714 962 4788 quiete
990 4712 1038 4772 vel
1060 4722 1141 4773 motu
1162 4713 1240 4774 Solis
1268 4731 1325 4773 non
1349 4722 1410 4774 erat
1443 4708 1537 4774 locus
1552 4715 1613 4773 dis-

270 4798 391 4875 putandi
416 4801 447 4857 iu
469 4798 668 4869 Hannonicis,
697 4800 789 4859 labet
817 4799 890 4860 hacc
912 4817 958 4859 res
984 4800 1121 4860 idoneum
1152 4818 1238 4860 suum
1265 4802 1362 4861 locum
1389 4803 1466 4880 Epit.
1494 4804 1611 4861 Astron.

269 4884 343 4947 libro
371 4886 434 4963 IV,
465 4888 674 4950 uhirinveuies
706 4886 786 4966 quod
814 4905 901 4967 agas,
935 4890 962 4948 si
991 4888 1116 4949 refutare
1147 4888 1334 4951 fundamenta
1360 4889 1413 4949 illa
1443 4892 1613 4952 tentareris.
