3567 5625
196 535 200 547 ,
254 456 314 533 leo
354 488 358 497 ¹
405 552 407 559 Α
782 466 825 522 ne
842 465 1066 549 proportionibus
1168 488 1173 497 ·

249 648 390 724 superins,
417 646 559 706 excitatur
580 647 670 704 etiam
692 654 722 706 et
743 646 876 706 elevatur
899 656 1013 719 cantus,
1035 648 1204 722 praesertim
1226 648 1252 704 si
1275 645 1313 705 ad
1334 654 1472 708 nuaram
1494 664 1598 707 excur-

248 744 309 805 rat,
341 733 436 809 qualis
459 733 549 792 luisse
571 732 685 792 videtur
715 756 801 807 τομος
822 731 925 811 ὀρθιος
948 740 1095 810 veterum}
1124 736 1149 792 si
1173 733 1299 810 denique
1329 738 1406 794 circa
1428 736 1545 795 tertiam
1567 744 1597 795 st

217 872 220 881 .
248 832 375 894 sextam,
408 829 440 880 ut
462 819 643 880 diatessaron
669 819 820 880 redactum
849 824 888 880 sit
909 823 939 879 in
960 821 1104 894 medium,
1134 820 1213 898 quod
1242 823 1273 878 in
1295 824 1387 898 primo
1416 831 1446 881 et
1467 822 1597 883 secundo

247 908 425 984 frequentius
447 907 480 966 fit
502 925 590 983 quam
612 911 642 964 in
657 910 782 986 septimo
798 918 828 969 et
843 918 966 982 nemen,
990 908 1104 968 medius
1120 911 1210 968 etiam
1226 911 1445 986 promovebitur
1464 910 1596 971 allectus,

249 994 357 1055 Crebro
378 1004 478 1055 antem
500 998 573 1054 inter
594 1013 626 1054 se
649 999 859 1073 permiscentur
879 996 937 1056 hae
960 996 1090 1056 sceleton
1112 996 1341 1071 articulationes,
1366 1006 1398 1056 ut
1421 1000 1451 1055 in
1474 997 1599 1057 dirersis

249 1084 378 1161 partibus
402 1092 505 1142 cantus
526 1085 586 1141 sint
607 1082 740 1144 diversae
763 1101 815 1161 pro
839 1087 982 1144 varietate
1005 1092 1101 1143 textus
1124 1094 1153 1144 et
1175 1086 1293 1160 ingenio
1315 1084 1453 1158 artificis,
1486 1094 1598 1144 textum

249 1180 335 1230 cantu
359 1172 516 1248 pingentis.
1408 1180 1413 1188 ‘

333 1257 375 1316 Χ.
400 1255 513 1333 Quodsi
536 1273 636 1315 verum
658 1265 712 1328 est,
736 1257 815 1333 quod
838 1258 960 1334 quidam
982 1259 1100 1336 imparis
1116 1261 1227 1317 numeri
1250 1266 1337 1317 tonos
1352 1258 1377 1332 I,
1399 1258 1454 1331 111,
1479 1259 1515 1331 V,
1540 1257 1599 1316 VII

247 1346 358 1405 iaciunt
379 1345 507 1416 altiores,
531 1346 609 1422 paris
631 1342 670 1417 ll,
694 1343 747 1419 IV,
771 1344 823 1414 Vl,
848 1344 924 1404 V111
946 1346 1124 1419 humiliores,
1149 1349 1237 1405 etiam
1258 1356 1394 1424 respectu
1415 1346 1522 1406 radicis
1545 1363 1597 1405 oc-

248 1440 353 1501 tavae,
377 1443 453 1492 certe
476 1430 601 1491 altitudo
623 1431 782 1509 respondet
803 1435 974 1492 excitationi
996 1437 1095 1506 animi,
1118 1433 1301 1511 profunditas
1323 1433 1506 1493 demissioni:
1531 1443 1599 1492 tnnc

248 1537 319 1579 sane
342 1520 512 1579 distribuere
533 1521 693 1597 poterimus
717 1529 843 1596 quatuor
866 1521 1003 1580 classium
1026 1521 1148 1580 affectus
1171 1524 1201 1579 in
1224 1521 1333 1581 classes
1351 1530 1418 1580 octo
1442 1521 1600 1581 secundum

251 1615 336 1667 tortos
360 1608 499 1682 totidem,
530 1615 562 1666 ut
590 1606 700 1666 habeat
721 1610 864 1686 septimus
895 1610 984 1682 iram,
1014 1609 1202 1681 violentiam,
1230 1608 1446 1682 tortitudinem,
1478 1619 1600 1668 octavus

250 1694 443 1769 hilaritatem,
466 1696 658 1768 alacritatem,
682 1695 864 1772 voluptatem
885 1711 1019 1768 acutam,
1043 1698 1144 1755 tertius
1168 1696 1299 1756 dolorem
1320 1706 1457 1768 acutum,
1481 1695 1598 1769 deside-

246 1785 335 1857 rium,
365 1793 488 1859 quartus
510 1782 624 1853 fletum,
653 1799 797 1857 amorem,
820 1786 931 1860 primus
953 1784 1160 1857 festivitatem,
1191 1786 1325 1861 nuptias,
1357 1786 1595 1858 comessationes,

248 1870 394 1930 secundus
417 1871 579 1930 modestam
600 1868 968 1946 hilaritatem,„colloquia,
993 1873 1193 1950 narrationes,
1215 1856 1334 1947 quintus
1350 1888 1521 1949 panegyres,
1545 1889 1598 1931 er·

249 1957 454 2031 clamationes,
478 1957 631 2031 fiduciam,
654 1975 750 2033 spem,
774 1969 874 2017 sextus
895 1957 1103 2033 devotionem,
1127 1959 1257 2018 dolorem
1279 1976 1419 2036 magnum
1441 1968 1496 2018 otc.

335 2044 372 2103 Et
389 2045 453 2121 J'am
476 2053 590 2121 tempus
613 2052 671 2118 est,
702 2054 735 2104 nt
756 2044 794 2103 ad
815 2048 991 2122 principium
1012 2054 1176 2106 revertatur
1199 2048 1304 2106 oratio.
1348 2046 1424 2105 Nam
1447 2046 1519 2105 illud
1542 2045 1598 2105 ad-

248 2132 410 2191 monendus
433 2142 478 2192 est
498 2132 590 2194 lector
611 2131 815 2209 philosophus,
839 2133 919 2209 quod
934 2135 1037 2192 musici
1053 2136 1144 2193 nostri
1171 2150 1271 2193 ornnes
1292 2136 1458 2210 promiscue
1474 2134 1597 2192 allectus

243 2222 279 2277 in
307 2221 442 2279 omnibns
469 2222 547 2279 tonis
574 2222 751 2295 exprimunt,
780 2219 811 2278 id
838 2223 920 2297 ipsos
948 2224 992 2280 ita
1019 2230 1048 2280 et
1069 2222 1179 2295 lacere,
1213 2225 1284 2298 quia
1313 2224 1408 2280 omnis
1431 2223 1597 2297 promiscue

222 2315 352 2377 ,cantus
378 2308 560 2385 voluptatem
587 2308 664 2383 parit
692 2308 833 2381 auditori,
865 2307 1046 2368 alacritatem
1076 2312 1197 2385 requirit
1228 2311 1257 2366 in
1285 2317 1421 2383 auctore,
1454 2318 1484 2367 et
1511 2325 1598 2385 posse

246 2394 358 2467 iacere,
382 2398 452 2471 quia
473 2398 665 2454 instrumenta
688 2394 798 2454 ciendis
821 2394 973 2455 affectibus
995 2395 1080 2471 plura
1101 2405 1185 2469 sunt,
1208 2399 1315 2473 partim
1339 2400 1421 2455 initio
1444 2398 1597 2469 recensita,

247 2498 323 2557 quae
346 2486 455 2559 passim
478 2500 529 2560 per
552 2500 652 2542 ornnes
674 2485 838 2559 promiscue
868 2489 953 2544 tonos
976 2483 1108 2542 adhiberi
1135 2492 1268 2560 possunt.
1313 2483 1345 2543 Si
1368 2493 1467 2543 tamen
1480 2550 1483 2563 ,
1497 2484 1596 2543 omnia

247 2569 394 2645 praesidia
415 2570 579 2630 studuerint
601 2570 749 2645 adhibere,
773 2569 811 2629 ad
834 2568 911 2629 idem
933 2574 1081 2630 intentum·
1098 2570 1247 2651 facientis,
1268 2588 1326 2630 non
1347 2571 1433 2631 iaclle
1449 2571 1597 2648 negligent

246 2666 380 2716 tonorum
402 2658 532 2717 delectus
552 2656 593 2717 ad
615 2657 773 2739 affectuum
795 2658 972 2734 hypothesin
998 2658 1130 2718 idoneos.
1175 2658 1287 2718 Verum
1309 2661 1331 2715 ii
1349 2658 1474 2719 viderint
1496 2658 1532 2717 de
1548 2675 1595 2729 eo,

246 2743 326 2820 quod
342 2752 386 2805 est
400 2746 518 2805 illorum
533 2747 615 2822 praxi
629 2748 819 2821 permissuru3
842 2744 915 2804 mihi
930 2745 1072 2806 hactenus
1086 2746 1245 2806 theoretice
1266 2749 1445 2824 processisse
1461 2745 1597 2806 sufficiat.

798 2980 940 3052 CAPUT
968 2979 1049 3051 xvt

461 3127 550 3195 Quid
568 3127 616 3181 sit
634 3123 758 3182 ca'utus
776 3140 836 3196 per
853 3126 1078 3190 harmoniam,
1104 3141 1163 3181 seu
1180 3126 1373 3194 figuratus.

333 3272 396 3332 Etsi
419 3289 477 3331 vox
499 3271 653 3332 harmonia
676 3273 826 3331 veteribus
850 3278 1007 3347 usurpatur
1029 3287 1081 3347 pro
1105 3279 1209 3342 cantu,
1241 3289 1298 3331 non
1322 3279 1368 3330 est
1389 3279 1487 3331 tamen
1510 3272 1598 3331 intel·

245 3358 365 3435 liganda
386 3361 441 3419 sub
462 3359 520 3419 hoc
542 3363 660 3420 nomine
683 3358 845 3418 modulatio
868 3358 1041 3435 perplures
1064 3375 1165 3430 voces,
1199 3357 1367 3419 harmonice
1391 3370 1595 3419 consonantes.

245 3445 398 3506 Novitium
420 3450 499 3508 enim
521 3450 671 3507 inventum
695 3464 759 3507 esse
785 3448 990 3522 veteribusque
1023 3445 1111 3522 plane
1139 3448 1318 3522 incognitum
1333 3465 1334 3468 ¹
1347 3455 1504 3506 concentus
1527 3448 1595 3524 plu·

245 3537 321 3593 rium
344 3552 449 3594 vocum
472 3538 502 3593 iri
525 3545 666 3613 perpetua
688 3535 906 3594 harmoniarum
928 3533 1143 3602 vicissitudine,
1173 3533 1202 3591 id
1226 3535 1398 3610 probatione
1420 3534 1514 3593 multa
1536 3551 1593 3593 non

246 3622 366 3704 indiget.
412 3622 555 3682 Videatur
585 3623 641 3682 hac
670 3621 706 3681 de
729 3641 759 3682 re
782 3622 956 3682 Vincentius
979 3620 1131 3680 Galilaeus
1161 3622 1191 3676 in
1215 3637 1302 3698 opere
1324 3620 1454 3680 Musices
1479 3622 1593 3681 Italico.

244 3708 330 3769 Solet
355 3710 475 3786 quidem
504 3712 592 3787 objici
622 3710 764 3787 relegatio
796 3720 899 3769 cantus
929 3726 980 3784 per
1011 3708 1192 3767 harmoniam
1213 3727 1232 3767 a
1254 3708 1406 3785 republica
1427 3708 1593 3785 Platonica,

245 3793 331 3872 quusi
349 3798 412 3872 iam
433 3805 503 3856 tunc
524 3798 575 3857 ille
597 3799 701 3857 luisset
722 3800 752 3854 in
775 3815 845 3872 usu3
869 3804 901 3855 at
922 3796 1093 3872 intelligitur
1109 3796 1191 3856 locus
1207 3795 1244 3855 de
1264 3798 1390 3873 organis,
1414 3794 1451 3856 de
1465 3799 1593 3874 syringa,

245 3883 380 3959 utriculo,
403 3884 566 3957 testudine,
590 3902 655 3944 cum
678 3901 738 3942 nna
761 3900 819 3943 vox
842 3892 895 3943 aut
916 3893 1057 3960 perpetuo
1080 3885 1194 3942 intonat
1216 3892 1267 3943 aut
1289 3885 1468 3957 intermittit,
1495 3883 1593 3944 locum

245 3970 350 4030 cedens
372 3973 617 4048 appropinquanti
641 3971 786 4030 dissonae.
832 3971 867 4029 ln
890 3970 943 4030 illo
965 3987 1045 4029 more
1067 3971 1181 4030 nullum
1204 3980 1266 4030 erat
1289 3971 1367 4049 apud
1391 3979 1505 4031 veteres
1528 3990 1593 4031 ma·
1654 4029 1669 4039 ,

242 4057 291 4132 jus
314 4059 476 4131 artificium,
500 4075 588 4134 quam
610 4058 688 4136 apud
711 4067 828 4117 nostros
851 4057 1043 4117 utricularios.
1088 4058 1144 4117 His
1166 4056 1274 4118 ultimis
1289 4059 1396 4119 seculis
1419 4059 1493 4119 haec
1516 4062 1590 4119 ratio

246 4144 370 4204 canendi
391 4145 518 4221 figurata
543 4145 609 4205 ideo
639 4145 696 4203 dici
718 4146 831 4224 coepit,
861 4148 933 4221 quia
963 4147 1049 4222 primi
1071 4158 1204 4205 auctores
1234 4146 1445 4223 diagrammata
1468 4162 1526 4204 non
1549 4150 1592 4206 ita

243 4232 389 4309 simplicia
417 4234 559 4305 lecerunt,
590 4240 623 4291 ut
652 4241 720 4291 sunt
749 4235 779 4290 in
807 4232 918 4291 ohorali
951 4241 1053 4306 cantu,
1084 4233 1135 4293 sed
1158 4236 1249 4293 variis
1277 4237 1323 4293 usi
1349 4241 1416 4292 sunt
1437 4233 1539 4309 figuris
1562 4245 1592 4294 et

246 4321 392 4380 coloribus
415 4328 444 4380 et
466 4321 597 4398 punctis,
621 4337 744 4397 quorum
765 4323 915 4397 signorum
937 4320 1037 4396 aliqua
1059 4321 1221 4388 silentium,
1247 4322 1348 4399 aliqua
1369 4337 1473 4381 sonum
1495 4324 1591 4400 impe-

244 4416 319 4488 rant,
340 4408 486 4485 quaedam
509 4408 637 4485 longum,
660 4408 719 4466 alia
741 4409 875 4482 brevem3
898 4405 999 4483 aliqua
1021 4406 1058 4466 ad
1082 4417 1177 4483 tonos,
1200 4409 1302 4485 aliqua
1324 4409 1361 4468 ad
1383 4408 1485 4467 modos
1508 4427 1592 4470 men-

243 4497 357 4556 surales
380 4496 638 4569 discriminandos,
662 4495 699 4553 ad
723 4496 824 4571 fugas,
849 4493 887 4554 ad
909 4497 1097 4571 repetitiones
1120 4505 1155 4556 etv
1170 4496 1278 4555 similia
1302 4496 1443 4556 adhibita

329 4583 424 4643 Nobis
447 4586 535 4660 igitur
557 4593 715 4644 concentus
737 4583 924 4643 harmonicus
946 4584 989 4641 sic
1013 4581 1184 4661 definiatur,
1214 4582 1295 4660 quod
1318 4586 1376 4642 sint
1399 4583 1493 4653 duae,
1522 4592 1589 4655 tres,

243 4679 370 4746 quatuor
392 4671 438 4731 vel
461 4671 560 4748 plures
582 4688 670 4730 voces
693 4687 744 4730 seu
769 4671 914 4731 melodiae
937 4673 1097 4731 concinnae
1120 4677 1149 4729 et
1171 4679 1268 4747 aptae,
1293 4671 1396 4747 quales
1418 4674 1515 4747 capite
1542 4673 1589 4730 13.

244 4757 462 4835 descripsimus,
491 4775 592 4818 omnes
620 4759 752 4834 ejusdem
773 4761 887 4836 generis
919 4757 1109 4834 ejusdemque
1138 4764 1191 4817 aut
1212 4767 1403 4834 cognatorum
1425 4758 1589 4837 modorum,

243 4847 287 4905 sic
308 4848 395 4905 simul
417 4846 594 4919 incedentes,
616 4854 650 4905 nt
672 4846 894 4906 concordantias
917 4853 968 4904 ant
989 4864 1084 4906 meras
1105 4854 1158 4904 ant
1180 4846 1353 4904 brevissimo
1383 4850 1589 4906 concinnatum

245 4932 491 4996 dissonantiarum
511 4937 697 5011 interpunctu
718 4935 905 4995 fermentatas
927 4934 1043 5008 faciam,
1066 4950 1126 4992 non
1149 4950 1199 4994 eas
1214 4941 1312 4994 umen
1327 4943 1468 5011 perpetuo
1490 4943 1590 4996 tenore
