3567 5625
594 441 598 452 ’
708 445 791 505 Liber
808 449 855 503 111.
875 448 964 517 Caput
980 447 1014 503 V.
1470 449 1531 512 349

186 623 297 679 habeut
319 623 371 679 ·Et
389 621 503 678 observa
520 621 736 691 ambiguitatem,
762 621 796 676 ab
813 636 900 690 caque
917 637 994 678 care:
1021 621 1127 678 animae
1144 627 1208 676 sunt
1233 618 1392 689 corporibus
1410 627 1534 673 auctores

186 709 278 758 motus
296 702 400 772 localis,
417 701 479 756 ideo
497 709 526 756 et
542 703 618 771 ipsse
636 702 664 756 in
682 702 738 758 suis
757 700 873 771 propriis
891 701 1064 770 motionibus,
1083 710 1151 771 puts
1167 699 1202 755 ad
1215 698 1342 768 gaudium
1360 698 1403 754 rei
1415 699 1534 755 dolorem

185 788 213 835 et
230 779 344 850 similia,
371 780 491 835 rationes
508 778 677 836 harmonicas
695 778 792 838 inritas
809 778 927 848 habeut,
953 795 1003 834 nec
1019 779 1143 850 indigent
1159 778 1247 833 anima
1264 777 1403 843 rationali,
1426 786 1457 833 ut
1473 793 1534 847 per·

171 867 302 928 ‘enuent,
326 867 455 915 contenta
472 857 647 914 facultatibus
666 856 823 928 corporibus
843 865 871 912 et
888 857 969 913 unica
987 857 1088 912 Solaria
1107 857 1181 926 globi
1204 855 1344 926 aratione
1367 855 1439 910 circa
1456 871 1535 910 suum

185 953 282 1003 axem,
312 946 343 993 ut
372 938 554 994 demonstrari
579 940 607 992 in
626 936 829 993 Commentariis
846 937 943 993 Martis
968 937 1041 992 etin
1059 938 1193 1007 Epitomis
1211 937 1401 991 Astronomiae
1425 935 1470 991 lib.
1490 937 1534 993 tv.

185 1025 214 1071 et
231 1018 264 1072 V.
283 1023 386 1087 repeto.
421 1018 458 1073 Et
475 1026 567 1073 tamen
584 1017 704 1086 ipsorum
723 1023 812 1070 motus
831 1016 1012 1072 conformatos
1031 1032 1091 1071 csse
1110 1019 1144 1072 ab
1163 1017 1261 1087 opifice
1284 1016 1319 1072 ad
1338 1017 1456 1072 rationes
1474 1016 1536 1071 har·

186 1091 306 1151 monicah
325 1096 492 1165 demonstr03
512 1096 614 1151 nullam
633 1095 667 1150 ob
685 1094 872 1149 excellentiam
890 1094 1048 1150 coelestium
1067 1095 1136 1168 iuter
1154 1105 1258 1164 cetera,
1284 1094 1358 1149 reiut
1380 1110 1534 1163 enumero,

186 1174 234 1230 sed
252 1177 326 1245 quia,
345 1177 392 1244 qui
411 1192 526 1246 corpora
544 1175 673 1232 coelestia
691 1175 825 1240 nominat,
848 1176 872 1230 is
889 1182 978 1230 totum
996 1176 1116 1230 nominat
1134 1175 1287 1229 uuiversum
1306 1181 1333 1227 et
1350 1172 1462 1228 involvit
1479 1189 1534 1228 nna

186 1256 298 1309 Terram
316 1255 430 1324 ejusque
448 1255 588 1311 motiones.
626 1255 695 1309 Sunt
712 1254 795 1324 igitur
812 1253 865 1309 ista
883 1269 953 1324 opus
971 1271 1097 1309 manuum
1108 1255 1167 1323 Dei,
1187 1252 1261 1322 quod
1278 1268 1295 1306 a
1311 1251 1442 1321 principio
1461 1265 1535 1305 crea·

185 1340 242 1388 tum
261 1343 317 1402 est,
344 1350 405 1390 cum
423 1334 489 1388 nihil
507 1334 710 1405 praecessisset,
729 1331 804 1401 qaod
821 1335 909 1388 Deum
927 1333 1082 1404 impediret,
1108 1334 1270 1402 quominus
1293 1332 1458 1400 exprimeret
1474 1346 1535 1399 pro·

186 1412 325 1480 portiones
347 1413 374 1467 iu
399 1428 492 1468 eorum
511 1413 638 1468 extremis
656 1411 784 1466 motibus.
819 1411 1003 1467 Veruntamen
1027 1427 1077 1481 ego
1100 1411 1262 1482 rationalem
1284 1410 1455 1474 faemtatem,
1484 1408 1536 1480 hoc
1600 1421 1605 1430 ·

186 1497 267 1559 pacto
286 1491 459 1546 exturbatum
482 1508 517 1547 ax
534 1490 653 1546 motibus
672 1489 822 1556 coelorum,
848 1489 904 1544 alia
927 1489 1034 1557 gemina
1059 1489 1103 1544 sia
1120 1489 1205 1546 ueluti
1231 1487 1397 1558 postliminio
1419 1486 1535 1545 reduco:
1575 1532 1580 1538 .

187 1568 274 1636 primo
292 1569 368 1637 qnia,
392 1571 491 1626 sinon
508 1571 536 1626 in
553 1570 684 1639 planetis,
708 1575 737 1625 at
760 1569 857 1624 saltem
878 1570 907 1624 iu
925 1568 988 1624 Sole
1011 1586 1072 1626 cum
1098 1567 1297 1640 simplicissima
1319 1567 1454 1622 rotatione
1477 1564 1536 1633 ejus

188 1649 310 1717 corporis
329 1648 400 1704 circa
417 1666 496 1706 axem
515 1650 662 1719 conjuncta
679 1656 722 1705 est
739 1648 829 1705 anima
846 1657 935 1704 motus
953 1649 1029 1704 illius
1046 1648 1220 1719 pemunautis
1239 1648 1267 1703 iu
1284 1662 1397 1716 corpore
1410 1643 1491 1715 Solis,
1510 1652 1538 1699 et

188 1735 386 1795 cousequenter
404 1730 431 1782 in
450 1730 570 1784 omnium
587 1730 756 1801 planetarum
774 1728 933 1798 corporibus
951 1735 1059 1796 auctor,
1086 1745 1168 1797 quam
1185 1728 1344 1783 rationalem
1363 1741 1423 1780 ease
1441 1726 1537 1795 proba·

187 1801 240 1856 bile
258 1801 326 1858 iacit
344 1807 495 1877 exemplum
513 1816 627 1864 naturae
645 1807 815 1877 sublunaris,
840 1805 911 1877 'quae
930 1815 972 1862 est
989 1807 1079 1863 anima
1104 1809 1133 1863 in
1151 1809 1251 1864 Terrae
1270 1807 1418 1863 visceribus
1437 1803 1537 1871 abdita,

187 1880 290 1936 habens
309 1882 463 1940 instinctam
481 1888 613 1941 rationem
638 1886 696 1942 sine
711 1885 843 1942 discursu.
880 1885 949 1939 Vide
967 1883 1012 1938 lib.
1032 1884 1124 1939 Harm.
1138 1886 1184 1941 tv.
1204 1903 1262 1956 cap.
1276 1887 1300 1941 7.
1336 1885 1453 1953 Iterum,
1472 1882 1537 1951 quia

187 1960 282 2014 sinon
299 1961 329 2016 iu
346 1963 427 2031 globo
445 1966 505 2034 ipso
524 1966 607 2034 Solis,
631 1972 660 2022 at
680 1964 775 2020 saltem
794 1965 822 2020 in
840 1965 987 2036 creaturis,
1012 1964 1122 2034 globum
1140 1964 1430 2031 illumincofantibos‚
1457 1958 1534 2014 intel·

188 2039 275 2095 lectus
293 2041 365 2096 inest
382 2045 476 2115 utique
492 2045 700 2110 harmoniarum,
719 2060 787 2114 quas
805 2052 895 2100 motus
913 2044 1085 2114 planetarum
1103 2044 1228 2113 nuspiam
1247 2042 1299 2098 uisi
1313 2043 1341 2096 in
1354 2041 1417 2096 Sole
1430 2053 1537 2109 reprae·
1633 2043 1635 2048 ’

188 2124 305 2176 suamc
342 2121 412 2177 vtae
429 2123 575 2193 upuogum
592 2124 646 2179 met
661 2123 724 2179 naa
741 2124 774 2178 v.

760 2379 902 2451 CAPUT
928 2379 967 2453 V.

166 2573 170 2582 ι
190 2540 361 2613 Quomodo
385 2535 609 2598 consonantia
630 2541 822 2596 intervalla
846 2542 1077 2613 respondeant
1097 2544 1270 2615 primariis
1293 2544 1422 2599 animae
1439 2541 1538 2598 diffo-

532 2689 537 2706 κ
582 2628 718 2699 tentiis,
742 2645 811 2684 cnm
829 2630 900 2685 suis
919 2630 1107 2700 speciebus.
1125 2632 1146 2681 Ι)

276 2791 370 2869 Igitur
391 2792 502 2870 primae
525 2790 617 2852 veluti
640 2799 738 2870 partas
761 2793 876 2854 auhnae
899 2799 968 2853 suut
997 2801 1069 2853 tres:
1097 2792 1317 2868 intellectualis,
1348 2794 1490 2854 sensitiva
1512 2800 1541 2854 et

189 2880 352 2942 habitualis
366 2874 411 2962 ¹¹).
456 2879 572 2940 Primae
595 2895 666 2939 vero
695 2879 924 2940 identisouorum
948 2889 977 2941 et
999 2896 1192 2940 consororum
1222 2884 1337 2959 species
1358 2881 1459 2942 itidem
1482 2893 1540 2941 aes

190 2977 272 3029 suut:
298 2967 511 3038 identisouum,
541 2972 706 3039 dorequo,
738 2983 867 3027 musena
891 2985 961 3028 vero
985 2973 1118 3046 braama
1149 2979 1178 3028 et
1201 2976 1412 3045 dmseooopoa3
1443 2978 1476 3028 ut
1498 2972 1540 3029 ita

192 3056 336 3133 diapason
359 3055 478 3131 quidem
500 3053 691 3115 intellectuali
715 3053 891 3132 respoudeat
913 3055 1080 3136 (plurimum
1103 3059 1180 3115 euim
1208 3066 1238 3115 et
1260 3057 1314 3116 hic
1335 3064 1365 3115 ot
1386 3055 1447 3116 illic
1468 3058 1540 3116 sim-

192 3144 332 3220 plicitatis
354 3141 602 3219 aequalitatisque
626 3150 656 3207 et
678 3141 888 3203 indifferentiae
912 3141 981 3223 est),
1006 3143 1142 3220 diapente
1166 3161 1235 3202 vero
1258 3146 1436 3218 sensitivae,
1459 3145 1541 3205 itam·

193 3249 250 3307 quc
274 3230 456 3289 diatessaron
479 3227 623 3293 habituali
635 3225 689 3306 111).
734 3228 810 3289 Nam
841 3239 870 3289 ct
897 3231 1111 3307 bisdiapason
1142 3234 1301 3306 proximius
1330 3240 1375 3292 est
1403 3231 1540 3310 diapente

193 3336 281 3395 quam
304 3317 497 3389 diatessaron,
528 3318 637 3394 quippe
659 3314 733 3376 illud
756 3321 965 3377 consonantias
994 3326 1037 3378 est
1060 3319 1208 3394 habetque
1231 3335 1383 3378 excessum
1405 3319 1542 3395 aequali·

194 3409 247 3465 tati
270 3406 492 3482 proximiorem3
522 3412 551 3464 et
572 3403 634 3463 illio
661 3402 851 3465 intellectuali
874 3405 1008 3465 facultati
1036 3408 1158 3464 vicinior
1188 3413 1233 3466 ost
1261 3398 1432 3478 sensitiva,¹
1451 3423 1540 3483 qnam

195 3487 479 3571 habituattsW)V),
505 3508 540 3552 eo
570 3489 650 3567 quod
682 3500 712 3550 et
744 3494 808 3567 ipsa
838 3493 983 3570 particeps
1015 3493 1055 3551 sit
1085 3492 1353 3568 comprehensionis
1384 3493 1539 3569 aliqualis;

194 3591 345 3657 praeterea
365 3582 452 3639 sicuti
474 3580 503 3635 in
527 3580 634 3656 quibus
657 3586 702 3637 ast
722 3577 850 3652 habitus,
873 3581 904 3647 in
928 3582 963 3639 iis
986 3596 1043 3638 uon
1067 3582 1185 3639 omnino
1210 3597 1313 3640 seusus
1335 3581 1419 3653 inest,
1445 3597 1540 3656 neque
1584 3602 1587 3609 ·
1630 3627 1637 3639 .

194 3671 223 3725 in
244 3669 352 3744 quibus
372 3684 492 3739 seusus,
525 3668 555 3724 in
578 3667 614 3724 iis
637 3672 682 3724 est
704 3683 804 3739 meus,
836 3669 1007 3726 conversim
1021 3684 1107 3739 aero,
1138 3668 1299 3742 inquibus
1325 3683 1429 3726 seusus
1452 3669 1538 3740 inest,

196 3759 225 3813 in
246 3755 350 3814 iisdem
375 3756 492 3814 omuino
515 3762 559 3812 est
581 3753 709 3825 babitus,
732 3761 762 3812 et
783 3754 813 3810 in
837 3753 944 3830 quibus
966 3770 1058 3826 mens,
1081 3757 1111 3811 iu
1126 3753 1231 3815 iisdem
1253 3763 1314 3813 tam
1333 3770 1437 3813 seusus
1452 3771 1541 3832 quam

196 3837 387 3922 habitarint,
411 3843 453 3902 ita
475 3842 525 3902 ubi
549 3838 730 3900 diatessaron
753 3856 811 3898 nou
834 3839 901 3899 ideo
925 3841 965 3899 ibi
988 3850 1018 3900 et
1041 3841 1187 3918 diapenta,
1210 3858 1306 3917 neque
1326 3841 1376 3900 ubi
1393 3841 1540 3921 diapente,

198 3929 304 3990 ibidem
327 3933 428 3990 statim
451 3936 496 3989 est
519 3925 671 4006 diapason,
695 3930 813 3987 omuino
837 3945 906 3988 vero
930 3930 1104 4003 conversim,
1127 3930 1177 3990 abi
1195 3928 1340 4005 diapente,
1365 3929 1404 3987 ibi
1424 3938 1454 3988 et
1475 3928 1541 3989 dia·

197 4025 342 4091 tessaram,
375 4025 404 4077 et
426 4017 542 4075 omniuo
572 4016 624 4075 ubi
646 4013 803 4091 diapason,
832 4012 942 4076 ibidem
971 4026 1001 4076 et
1023 4017 1160 4094 diapente
1187 4024 1217 4075 et
1240 4016 1436 4089 diatessaron,
1468 4015 1541 4075 illud
1579 4058 1583 4079 .

197 4107 273 4164 euim
293 4109 443 4182 proprium
465 4112 509 4164 est
531 4102 776 4179 imperfectiorum
799 4108 829 4161 et
843 4103 1054 4183 cantilenarum
1078 4112 1108 4164 et
1122 4106 1375 4180 compositionum,
1399 4103 1456 4162 hoe
1471 4120 1541 4164 vero

197 4193 399 4268 perfectiorum
408 4187 472 4271 ΥΠ).
518 4190 553 4249 lit
576 4188 695 4266 quidem
716 4187 876 4249 habitualis
900 4192 1015 4250 animae
1037 4191 1185 4252 facultatis
1214 4200 1271 4251 tros
1296 4190 1447 4250 commode
1470 4208 1539 4267 spe·

198 4281 255 4339 cies
278 4281 440 4340 enumerari
461 4285 601 4356 possunt,
623 4276 726 4337 eodem
748 4272 868 4337 numero
892 4295 958 4337 cum
980 4279 1136 4355 speciebus
1158 4278 1356 4338 diatessaron:
1387 4295 1445 4336 una
1466 4295 1542 4353 aug·

197 4369 297 4445 meriti,
319 4367 413 4427 altera
435 4368 544 4442 vigoris
566 4373 596 4424 et
618 4366 842 4438 consistentiae,
867 4369 953 4425 tertia
975 4366 1191 4439 diminutionis3
1218 4365 1274 4424 hae
1296 4373 1365 4424 suut
1387 4367 1464 4424 enim
1486 4366 1541 4424 ha·

197 4452 315 4514 bituelis
336 4456 491 4534 primariae
513 4452 677 4512 facultates.
723 4447 834 4512 Eodem
856 4453 945 4512 modo
968 4455 1126 4513 secutivos
1149 4452 1300 4512 facultatis
1327 4460 1453 4527 quatuor
1474 4460 1544 4515 sunt
1600 4482 1606 4492 ·

196 4545 321 4617 species,
357 4541 475 4618 aequali
504 4556 625 4600 numero
655 4540 810 4616 speciebus
841 4541 1052 4601 consonantiae
1083 4539 1238 4615 diapente,
1277 4557 1336 4599 uua
1366 4542 1462 4615 rbus,
1493 4558 1542 4600 ae·

199 4628 294 4689 cauda
314 4628 446 4701 auditus,
477 4630 563 4687 tertia
594 4626 749 4701 odoratus,
780 4633 886 4703 quarta
912 4622 1107 4705 gustuum),
1137 4624 1283 4703 siquidem
1310 4634 1420 4687 tactum
1450 4625 1542 4688 veluti

199 4718 379 4777 communem
401 4716 536 4776 omuibus
559 4721 684 4791 quatuor
706 4712 929 4795 statuimusss),
952 4717 1060 4792 quippe
1083 4730 1183 4774 omnes
1206 4712 1275 4775 illae
1302 4713 1449 4791 maauaie
1472 4732 1542 4775 seu·

199 4804 295 4864 sibilia
310 4821 364 4864 sna
386 4802 664 4879 quomodocunque,
688 4803 732 4861 sic
755 4805 936 4879 receptiones
957 4802 1073 4863 illorum
1095 4801 1248 4861 adornant
1293 4802 1427 4878 Denique
1455 4801 1543 4862 intei-

199 4889 332 4953 leetuaiis
352 4892 504 4953 facultatis
524 4896 636 4967 septem
658 4899 727 4952 aaut
750 4889 916 4955 diruentes
937 4892 1066 4969 species,
1094 4890 1249 4968 speciebus
1275 4888 1418 4968 diapuou
1447 4907 1542 4968 aequa
