3567 5625
237 450 300 509 278
624 444 666 498 De
684 442 806 499 Motibus
823 442 998 498 Planetarnm
1017 441 1197 498 Harmonieis.

236 641 289 683 eus
312 624 491 681 eeemuteoe
512 620 627 681 orbitae
647 625 743 680 unius
764 622 897 681 babeant
918 624 999 680 inter
1020 639 1050 680 se
1061 624 1292 696 proportionem
1306 638 1441 680 eausam
1457 637 1592 696 propor-

197 707 201 714 “
240 714 332 786 tipnis
353 710 583 768 intervallorum
605 709 741 769 duorum
763 729 783 768 a
807 709 884 770 Sole.
931 707 1147 770 simulantem
1176 707 1406 769 demonstratum
1428 717 1473 767 est
1496 727 1514 767 a
1537 724 1592 779 me,

236 798 368 858 orbitam
387 796 532 870 planetae
554 813 612 856 esse
634 798 807 874 elliptieam,
830 804 859 854 et
882 797 1001 870 Solem,
1023 796 1140 872 sonum
1161 804 1270 872 motus,
1293 814 1352 855 esse
1373 799 1407 854 in
1429 797 1524 855 altero
1544 796 1595 872 fo·

236 903 342 945 eorum
364 885 457 957 liujus
478 884 598 959 ellipsis,
620 887 725 960 itaque
745 885 824 959 fleri,
847 892 883 942 ut
901 884 1046 958 planeta,
1077 885 1215 944 absoluto
1237 887 1327 944 tolita
1349 886 1493 942 eirasitus
1515 902 1595 958 qua·

236 974 345 1032 drante
373 989 394 1029 a
415 987 471 1030 suo
493 972 629 1049 aphelio,
655 974 791 1048 praesim
818 972 968 1031 mediocre
995 971 1103 1030 babeat
1128 972 1327 1030 intervallum
1357 990 1379 1029 o
1402 970 1485 1044 Sole,
1517 974 1597 1028 inter

237 1064 410 1120 maximum
433 1061 467 1116 in
490 1059 609 1134 apltelio
638 1067 666 1118 et
686 1063 851 1118 minimum
874 1062 910 1116 in
930 1059 1084 1135 peribelio.
1130 1059 1173 1117 Ex
1203 1059 1343 1118 hisvero
1372 1058 1486 1116 dnobus
1510 1059 1596 1116 axia-

240 1149 369 1207 matibua
392 1145 555 1218 eonfieitur,
583 1155 620 1205 ut
641 1147 773 1205 diurnus
790 1148 938 1223 planetae
958 1145 1076 1205 medius
1098 1154 1197 1207 motus
1220 1151 1255 1205 in
1276 1149 1436 1205 eseentrieo
1458 1144 1537 1202 idem
1559 1148 1599 1204 n't

177 1247 187 1266 ‘
235 1244 264 1295 et
285 1252 375 1294 aaran
397 1235 462 1306 ejus
484 1236 637 1293 emenutei
660 1252 751 1293 araus
773 1233 907 1302 diurnus
937 1234 997 1291 illis
1017 1237 1192 1306 momentis,
1222 1235 1331 1310 quibus
1352 1235 1478 1309 planeta
1500 1235 1598 1291 estin

233 1324 293 1402 fine
320 1321 503 1398 quadrantis
533 1324 688 1381 eeaentriei
717 1322 756 1380 ab
788 1321 908 1397 apltelio
936 1325 1121 1395 computati,
1153 1322 1219 1380 licet
1240 1323 1291 1380 ille
1318 1320 1477 1397 quadrans
1507 1337 1599 1379 uersas

236 1410 337 1469 adbuc
357 1412 460 1467 minor
483 1417 634 1485 appareat
656 1412 741 1482 justo
764 1408 947 1483 quadrante.
992 1409 1132 1484 Sequitur
1160 1408 1302 1485 amplius,
1333 1409 1415 1486 quod
1442 1408 1504 1465 duo
1521 1411 1598 1483 'qui-

235 1515 355 1574 cunque
378 1514 469 1555 areta
491 1499 646 1556 eecentriei
668 1496 774 1555 diurni
797 1498 960 1569 verissimi,
984 1497 1154 1571 aequaliter
1176 1515 1245 1555 vere
1266 1497 1428 1565 distantes,
1457 1495 1536 1553 alter
1559 1494 1598 1553 ab

238 1586 364 1662 aphelio,
388 1584 466 1642 alter
488 1603 507 1643 a
528 1585 690 1662 peribelio,
709 1586 812 1656 jussu
833 1590 965 1659 aequent
986 1583 1063 1643 dues
1084 1583 1212 1643 diurnas
1234 1584 1362 1658 medion·
1394 1592 1423 1644 et
1451 1599 1504 1658 per
1526 1599 1600 1642 eon-

238 1689 379 1749 sequens,
408 1689 477 1729 eum
508 1674 547 1730 sit
575 1671 680 1731 eadem
710 1671 897 1730 circulorum
926 1673 1098 1748 proportio,
1138 1690 1217 1746 quae
1248 1671 1485 1742 diametrorum,
1516 1669 1600 1746 quod

237 1761 343 1820 eadem
368 1761 407 1816 sit
434 1762 593 1835 proportio
619 1761 714 1817 unius
743 1758 850 1816 diurni
871 1758 965 1816 medii
986 1758 1030 1817 ad
1046 1760 1170 1831 junctos
1192 1759 1304 1819 medios
1332 1775 1435 1818 omnes
1463 1761 1545 1817 inter
1567 1757 1599 1816 se

237 1849 386 1924 aequales,
410 1853 483 1921 quat
503 1854 576 1905 sunt
597 1848 632 1904 in
655 1852 715 1905 toto
737 1849 877 1919 circuitu,
902 1863 982 1921 quae
1003 1853 1046 1904 ert
1067 1845 1159 1905 medii
1180 1846 1288 1905 diurni
1310 1846 1352 1905 ad
1368 1849 1492 1919 junctos
1513 1862 1600 1905 veros

238 1951 340 1994 omnes
362 1950 453 1992 araus
475 1938 663 2007 eeaentrieos,
694 1933 815 1998 totidem
838 1950 986 2007 numero,
1008 1932 1060 1991 sed
1080 1937 1159 1992 inter
1181 1951 1211 1992 se
1232 1934 1416 2010 inaequales.
1460 1933 1498 1990 Et
1522 1932 1599 1992 haec

243 2022 279 2081 ds
304 2023 381 2081 veris
405 2024 557 2081 sesentriei
580 2021 706 2081 arcubus
730 2019 840 2079 diurnis
864 2019 960 2097 deque
983 2022 1061 2080 veris
1077 2022 1205 2081 motibus
1225 2029 1295 2079 aunt
1310 2018 1598 2098 praecognoscentia,

239 2119 273 2168 ut
291 2109 356 2186 Jam
379 2111 476 2167 exiis
500 2109 698 2186 intelligamus
721 2118 819 2168 motus
842 2116 1035 2184 apparentes,
1060 2107 1147 2168 osuin
1171 2112 1199 2166 in
1223 2108 1292 2168 Sole
1315 2110 1477 2186 supposita.

327 2197 427 2256 Sexto.
473 2195 623 2272 Quantum
653 2205 723 2254 vero
747 2198 853 2255 attinet
885 2199 970 2254 arem
993 2204 1171 2273 apparentes
1203 2197 1285 2256 velut
1313 2214 1348 2256 ex
1372 2196 1472 2268 Sole,
1493 2202 1598 2253 natum

240 2293 344 2344 estex
367 2285 489 2359 sistique
522 2287 610 2344 etiam
634 2285 828 2357 astronomia,
862 2283 942 2359 quod
965 2301 1001 2343 ex
1024 2283 1153 2362 motibus
1185 2287 1277 2358 veris,
1309 2286 1397 2343 stiam
1420 2281 1597 2358 aequalibus

239 2375 315 2431 inter
337 2390 386 2443 se,
419 2374 444 2430 ts
467 2375 517 2448 qui
541 2372 659 2448 lougius
687 2388 706 2428 a
728 2379 828 2431 aenan
851 2370 953 2429 mundi
975 2373 1097 2430 reeessit
1120 2375 1165 2446 (ut
1188 2375 1238 2447 qui
1261 2382 1305 2432 est
1331 2373 1360 2428 in
1384 2363 1519 2451 aphelio)
1541 2387 1599 2446 ap-

238 2467 342 2539 pareat
365 2476 430 2520 esse
452 2462 548 2518 minor
568 2460 714 2536 spectanti
737 2457 848 2518 axilla
872 2469 981 2531 centro,
1006 2460 1055 2534 qui
1079 2462 1198 2535 propior
1221 2462 1267 2533 sit,
1290 2468 1323 2517 ut
1338 2462 1388 2534 qui
1403 2467 1448 2517 est
1471 2461 1499 2515 in
1515 2460 1598 2533 peri·

238 2548 328 2622 helio,
359 2547 436 2606 idem
467 2559 495 2607 et
525 2549 628 2624 major.
682 2544 755 2604 Cum
786 2548 874 2621 igitur
904 2549 1023 2620 insuper
1052 2549 1141 2605 etiam
1173 2547 1299 2623 majores
1328 2550 1387 2604 sint
1419 2549 1479 2604 veri
1511 2561 1598 2603 usus

195 2627 203 2650 '
241 2635 338 2693 diurni
361 2638 390 2693 in
413 2637 593 2711 propinqua,
623 2632 740 2710 propter
770 2642 882 2692 motum
906 2633 1090 2712 celeriorem,
1120 2637 1246 2692 minores
1277 2637 1305 2693 in
1333 2633 1451 2712 aphetio
1474 2641 1597 2706 remoto,

241 2731 362 2800 prepter
383 2730 481 2781 motus
503 2720 685 2793 tarditatem,
709 2720 778 2780 hine
801 2737 856 2797 ego
879 2720 1078 2779 demonstravi
1102 2723 1131 2778 in
1151 2719 1345 2794 Martialibus,
1366 2724 1599 2797 proportionem

190 2812 195 2817 ’
242 2815 462 2888 apparentium
484 2829 615 2870 aretium
638 2808 825 2869 diurnorum
847 2812 942 2868 unius
957 2813 1112 2869 eecentmei
1125 2814 1198 2869 satis
1214 2814 1351 2886 praecise
1369 2809 1495 2887 duplam
1511 2827 1599 2868 eaer-

241 2916 309 2957 sam
330 2916 390 2957 esse
410 2901 616 2972 proportionis
645 2913 773 2956 auorum
796 2898 1032 2957 intervallorum
1061 2916 1081 2955 a
1105 2897 1181 2958 Sale.
1228 2895 1268 2958 Ut
1289 2900 1314 2956 si
1337 2899 1457 2975 planeta
1484 2901 1512 2954 in
1535 2913 1599 2957 una

240 3003 362 3045 suarum
386 2985 511 3058 dierum,
540 2982 662 3060 quando
686 2992 732 3042 est
754 2988 782 3041 in
805 2983 938 3059 aphelio,
968 2983 1090 3043 distaret
1111 3002 1130 3044 a
1152 2984 1222 3044 Sole
1244 2973 1392 3062 partibus,
1420 3002 1598 3061 quacunque

240 3090 388 3144 mensura,
413 3069 465 3150 10,
486 3074 517 3129 in
540 3073 677 3148 opposita
698 3070 760 3145 die,
792 3071 909 3147 quando
933 3079 978 3131 est
1000 3074 1029 3130 in
1052 3072 1208 3149 peribelio,
1240 3074 1373 3150 partibus
1395 3073 1599 3132 consimilibus

243 3162 278 3218 9:
312 3169 423 3219 certum
445 3166 505 3231 est,
537 3158 615 3235 quud
640 3176 675 3217 ex
698 3158 767 3219 Sole
791 3175 936 3235 apparens
965 3160 1030 3236 ejus
1058 3163 1203 3237 promotio
1234 3162 1262 3217 in
1288 3161 1407 3237 aphslto
1437 3162 1535 3220 lutura
1558 3164 1599 3220 sit

241 3246 279 3307 ad
302 3254 490 3324 apparentem
514 3248 542 3303 in
566 3245 723 3323 peribelio,
747 3248 822 3305 sieut
847 3248 885 3304 81
910 3246 949 3305 ad
975 3248 1044 3306 100.

293 3382 297 3389 .
329 3334 396 3393 Hae
418 3345 517 3392 autem
540 3350 642 3393 rerum
663 3340 709 3392 ast
736 3350 802 3392 eum
824 3333 870 3391 bis
899 3334 1100 3394 cautionibusz
1131 3336 1242 3411 primo,
1275 3342 1306 3393 ut
1334 3352 1420 3395 areas
1441 3336 1599 3395 ementriei

244 3438 301 3480 non
326 3424 386 3480 sint
407 3423 516 3497 magni,
540 3438 576 3480 ne
599 3423 813 3480 eommunieeut
836 3440 902 3480 eum
926 3421 1071 3480 distantiis
1096 3421 1220 3482 diversis
1240 3422 1363 3482 multum
1386 3417 1616 3495 differentibus,

242 3510 299 3569 hoe
322 3520 367 3568 est
390 3526 426 3568 ne
450 3514 606 3568 causentur
628 3509 797 3567 sensibilem
819 3512 993 3569 varietatem
1015 3509 1172 3568 distantiae
1203 3515 1390 3569 terminorum
1415 3526 1533 3568 suornm
1557 3511 1599 3569 ab

242 3596 413 3675 apsidibus;
436 3594 552 3670 deinde,
576 3604 610 3655 ut
631 3598 830 3656 eeeentrieitas
853 3614 911 3655 uon
934 3599 972 3655 sit
996 3596 1083 3656 valde
1105 3614 1229 3673 magna,
1257 3614 1325 3657 nam
1348 3616 1406 3673 quo
1429 3597 1522 3672 major
1544 3614 1600 3657 ee-

243 3687 425 3759 eentrieitas,
454 3701 494 3743 se.
520 3700 578 3760 quo
602 3684 702 3767 major⁸
718 3685 750 3742 fit
772 3701 870 3756 arcus,
901 3681 957 3743 hu'a
979 3686 1073 3760 tnagis
1095 3694 1219 3758 augetur
1242 3686 1305 3761 ejus
1328 3688 1516 3763 apparentiae
1539 3703 1601 3743 an·

186 3840 189 3849 Ι
242 3770 328 3847 gulas
358 3770 435 3830 ultra
468 3771 619 3830 modulum
647 3773 940 3847 appropinquationis
977 3790 1049 3831 suae
1076 3772 1116 3830 ‘ad
1149 3772 1263 3844 Solem,
1297 3790 1349 3850 per
1381 3771 1530 3831 theorema
1567 3775 1599 3831 8.

243 3857 415 3935 Optieorum
438 3858 584 3932 Euclidis3
608 3858 687 3934 quod
709 3868 806 3917 tamen
829 3861 859 3916 in
883 3860 1009 3918 arcubus
1031 3862 1136 3935 parvis
1153 3868 1182 3919 et
1202 3877 1310 3936 magna
1325 3860 1464 3919 distantia
1485 3858 1601 3920 nullius

245 3954 290 4017 eat
311 3948 469 4019 momenti,
493 3948 577 4004 utin
601 3948 675 4004 meis
699 3943 813 4021 Optieis
836 3948 932 4022 eapite
960 3950 1008 4006 11.
1031 3949 1141 4007 monui.
1186 3947 1245 4007 Sed
1262 3956 1314 4019 ,est
1336 3949 1396 4008 alia
1418 3964 1524 4024 eausa,
1546 3964 1602 4007 eur

243 4033 300 4092 boc
320 4049 464 4093 moneam.
510 4033 586 4092 Nam
608 4048 693 4091 arcus
717 4035 869 4092 eceentriei
899 4035 976 4093 eirea
998 4034 1110 4093 medias
1134 4035 1296 4094 anomaliae
1316 4038 1517 4112 «inspiciuntur
1540 4037 1601 4095 ob-

244 4120 323 4196 lique
346 4139 381 4179 ex
405 4128 504 4179 centro
528 4119 617 4199 Solis,
640 4137 716 4195 quae
740 4121 900 4195 obliquitas
923 4122 1029 4179 minuit
1051 4126 1241 4200 apparentiae
1264 4123 1504 4198 magnitudinem,
1529 4140 1601 4182 eum

243 4226 278 4268 ax
301 4207 426 4267 adverso
450 4225 533 4267 areas
557 4209 633 4267 cirea
655 4206 774 4282 apsidas
797 4210 945 4285 aspeettn,
968 4209 1052 4268 velut
1075 4214 1104 4268 in
1127 4209 1197 4269 Sole
1220 4210 1383 4282 collocato,
1415 4210 1604 4285 objieiantur

243 4304 330 4355 reete.
377 4293 501 4370 Quando
524 4297 612 4371 igitur
635 4297 834 4354 eecentrieitas
858 4302 904 4353 est
925 4296 1012 4356 valde
1035 4315 1158 4373 magna,
1183 4306 1252 4356 tunc
1275 4298 1451 4356 sensibiliter
1473 4308 1603 4358 nocetur

191 4391 198 4397 ·
246 4385 425 4461 proportioni
448 4391 589 4456 motuum,
613 4384 638 4441 ai
661 4388 771 4445 motum
794 4381 921 4440 medinm
949 4382 1082 4443 diurnum
1111 4387 1174 4443 sine
1197 4385 1389 4445 diminutione
1412 4385 1601 4462 applicemus

245 4470 401 4530 distantiae
422 4470 575 4544 mediocri,
598 4472 685 4545 quasi
707 4472 733 4528 is
757 4487 792 4528 ex
816 4468 954 4528 distantia
977 4471 1115 4531 mediocri
1138 4480 1238 4531 tantus
1261 4482 1435 4550 appareret,
1466 4482 1602 4548 quantus

246 4566 299 4630 est,
322 4567 355 4617 ut
376 4558 451 4617 infra
473 4561 502 4615 in
524 4557 670 4629 Mercurio
698 4557 863 4634 apparebit.
910 4556 994 4617 Haec
1017 4563 1116 4618 emnia
1145 4560 1287 4636 prolixius
1308 4560 1461 4619 traduntur
1486 4562 1517 4617 in
1541 4558 1600 4641 Ep.
1650 4591 1654 4597 ·

245 4647 323 4705 Astr.
348 4644 565 4722 Cupernieanae
588 4645 654 4705 Lib.
678 4645 723 4719 V,
756 4645 874 4703 inerunt
904 4653 1004 4705 antem
1032 4647 1080 4707 hie
1108 4651 1197 4706 etiam
1227 4649 1493 4722 commemoranda,
1525 4653 1602 4725 quia

245 4735 370 4793 attinent
391 4734 553 4809 ipsissimas
574 4735 714 4795 terminos
736 4730 955 4792 harmoniarum
978 4733 1166 4810 coelestium,
1190 4753 1241 4813 per
1260 4754 1295 4796 se
1317 4736 1450 4813 singulos
1472 4740 1600 4796 seorsim

245 4820 451 4884 consideratos.

331 4907 472 4984 Septimo.
517 4906 549 4967 Si
572 4908 619 4968 eui
640 4909 715 4968 torta
739 4915 892 4969 occurrant
913 4910 934 4966 ii
957 4915 1054 4968 motus
1076 4907 1180 4985 uarat,
1204 4913 1254 4989 qui
1273 4927 1331 4970 uon
1348 4918 1490 4989 apparent
1513 4912 1602 4975 salut
