3567 5625
220 452 283 514 lat
749 447 793 505 Dc
810 445 1037 542 hopordouibus

219 625 367 687 inscibilss
398 627 449 704 (eo
470 642 574 700 sensa,
606 628 659 702 qui
685 626 762 687 libro
790 627 884 705 primo
913 624 1074 703 explicatm
1098 621 1171 700 ast),
1202 631 1370 684 mmsernnt
1400 625 1488 700 igitur
1515 622 1585 682 ioris

220 722 303 776 extra
337 722 464 775 mentem
495 713 609 792 opificis
649 716 778 793 aeterni,
818 730 874 773 nec
905 711 1053 773 ullatenus
1083 713 1121 772 ad
1150 712 1341 791 archetypum
1370 718 1584 771 concurrerunt

220 801 280 863 Sed
303 799 339 861 de
362 802 408 861 bis
426 803 489 879 iam
512 802 605 881 plura,
630 802 681 862 ubi
704 802 866 862 doctrinam
888 800 966 860 hanc
988 803 1082 878 ipsam
1104 817 1156 877 per
1177 803 1350 877 sua'capita
1371 797 1585 872 tradiderimus,

221 907 309 967 quam
332 892 505 967 incipiamus
527 906 593 948 cum
616 889 697 962 Deo,
728 889 765 949 de
788 898 877 949 cantu
901 887 1019 965 quidem
1050 888 1160 964 ubique
1182 905 1345 968 sermonem
1367 887 1524 959 habentes,
1555 885 1585 944 id
1680 918 1685 928 ·

221 985 267 1037 est
289 976 324 1037 de
346 976 510 1037 intervallis
532 976 709 1037 harmonicis
730 994 788 1037 nou
812 977 984 1049 abstractis,
1012 975 1066 1036 sed
1096 993 1162 1035 cum
1185 992 1259 1035 anno
1290 977 1446 1046 concretis,
1479 975 1586 1032 munds

220 1082 291 1125 vero
314 1064 435 1124 eruditis
457 1066 577 1125 auribus
600 1066 710 1141 ubique
731 1065 880 1124 abstracta
903 1083 922 1124 a
943 1066 1022 1123 sonis
1053 1062 1209 1123 intervalia
1230 1062 1455 1137 subaudiamus,
1483 1068 1586 1138 utpote

222 1169 298 1228 qaae
321 1169 379 1216 non
403 1160 517 1212 numm
538 1154 568 1210 in
590 1154 671 1212 sonis
693 1155 782 1230 inque
804 1159 894 1212 mutu
916 1152 1054 1219 bumana,
1077 1151 1131 1210 sed
1152 1153 1242 1211 etiam
1264 1154 1293 1208 in
1316 1150 1381 1210 aliis
1403 1151 1490 1209 rebus
1512 1164 1585 1208 sono

221 1241 386 1302 carentibus
408 1257 494 1302 suam
513 1242 630 1319 pariunt
651 1243 792 1318 gratiam,
816 1248 850 1299 ut
871 1247 976 1316 quarto
998 1248 1029 1301 et
1050 1241 1152 1316 quinto
1173 1239 1257 1299 libris
1279 1237 1442 1300 audiemus.

749 1426 879 1496 Capita
896 1424 996 1481 Libri
1013 1424 1062 1479 111.

225 1548 315 1619 caput
377 1548 399 1603 1.
419 1546 503 1602 Ortus
522 1547 760 1602 consonantiarum
779 1563 813 1603 ex
831 1547 922 1604 musis
941 1547 998 1602 suis
1015 1546 1153 1616 propriis..

262 1650 274 1677 »
365 1626 399 1681 II.
419 1626 462 1681 De
480 1630 585 1693 septem
609 1625 727 1683 chordae
752 1627 919 1683 sectionibus
942 1626 1107 1682 harmonicis
1129 1624 1299 1693 totidemque
1320 1620 1414 1676 formis
1437 1634 1588 1678 musonan·

432 1702 531 1759 tiaram
549 1704 691 1760 minorum.
1570 1695 1581 1714 ⁸

262 1804 275 1833 a
353 1783 403 1840 III.
420 1784 463 1838 De
479 1783 671 1839 medietatibus
688 1784 866 1851 harmonicis,
884 1791 913 1840 et
930 1782 1052 1838 trinitate
1071 1780 1274 1839 consonantiae.

262 1882 275 1910 a
350 1862 398 1916 IV.
416 1860 501 1916 Ortus
520 1871 549 1917 et
567 1863 749 1918 denominatio
767 1862 980 1919 intervallorum¹
991 1861 1126 1917 usualium
1144 1877 1194 1916 seu
1213 1861 1412 1916 coacmnorum.

262 1960 275 1989 a
363 1940 395 1995 V.
416 1940 505 1995 Sectio
524 1948 553 1996 ct
570 1940 754 1996 denominatio
773 1943 1012 1998 consonantiarum
1029 1957 1080 2012 per
1098 1957 1148 1998 sua
1165 1939 1309 1997 intervalla
1328 1939 1441 1994 usualis¹

263 2037 276 2065 r
345 2019 392 2073 VI.
411 2019 454 2073 De
472 2025 569 2074 canina
587 2018 747 2089 geuenbus,
766 2020 834 2075 duro
852 2027 881 2076 et
898 2020 980 2077 molli

267 2117 279 2147 a
331 2099 388 2152 vri.
409 2099 552 2167 Propertio
571 2097 690 2154 omnium
709 2107 771 2154 octo
789 2115 919 2156 sonoram
937 2103 1071 2159 usualium
1090 2101 1171 2166 unius
1191 2095 1332 2171 diapason.

266 2199 278 2227 ›
313 2177 385 2232 viil.
404 2177 544 2233 Abscissio
563 2176 776 2247 semitoniorum,
796 2187 824 2240 et
841 2179 909 2234 ordo
927 2180 1098 2237 minimorum
1115 2179 1318 2236 intervallorum
1335 2178 1362 2231 iu
1381 2176 1520 2246 diapason

265 2276 277 2303 a
336 2254 383 2309 IX.
402 2255 444 2310 De
463 2255 668 2324 diagrammate,
693 2253 786 2324 lineis,
811 2258 883 2313 notis
902 2257 1044 2330 literisque
1062 2276 1189 2315 sonorum
1207 2257 1356 2326 indictura
1381 2255 1415 2310 de
1433 2261 1588 2325 systemate,

436 2332 558 2389 claribus
577 2343 604 2388 et
622 2331 697 2388 scala
715 2337 828 2391 musica.

266 2433 278 2460 a
345 2410 379 2466 X
403 2412 445 2467 De
464 2413 646 2469 tetrachordis
665 2421 693 2468 et
712 2414 824 2485 syllabis
842 2423 887 2482 ut,
905 2432 950 2487 re,
968 2417 1020 2488 mi,
1038 2416 1081 2482 ia,
1099 2417 1154 2488 sol,
1174 2416 1210 2471 la.

266 2511 279 2540 s
334 2489 382 2545 XI.
402 2492 443 2545 De
461 2493 658 2563 compositione
676 2500 856 2562 systematum
874 2496 1016 2566 majurum.

264 2588 278 2619 a
319 2569 384 2625 XII.
402 2572 445 2625 De
462 2571 649 2627 consonantiis
666 2571 839 2641 adulterinis,
859 2589 894 2629 ex
912 2577 1109 2646 compositione
1126 2575 1202 2631 ortis.

265 2670 278 2699 s
305 2649 382 2704 XIII.
399 2651 441 2705 De
459 2658 541 2707 cantu
558 2650 691 2706 conciano
710 2651 833 2721 simplici

266 2747 279 2776 a
310 2726 384 2782 XIV.
402 2727 550 2784 Demadis
568 2743 618 2784 seu
635 2729 716 2784 tonis.

266 2826 280 2857 ›
323 2806 384 2864 XV.
402 2808 456 2877 Qui
472 2808 546 2865 medi
563 2808 663 2879 quibus
679 2809 800 2866 sumant
817 2809 970 2868 affectibus.
1065 2779 1069 2804 ²

265 2907 278 2936 ι
307 2884 379 2943 XVI
399 2888 442 2945 De
460 2896 543 2946 cautu
562 2888 678 2957 figurato
696 2904 746 2945 seu
764 2905 815 2960 per
832 2889 1009 2946 harmoniam.

811 3144 955 3220 CAPUT
982 3146 1006 3219 i.

628 3274 686 3339 {De
712 3276 831 3333 causis
860 3276 1176 3333 consonantiarum.

315 3435 516 3498 Definitio.
561 3434 636 3496 Cum
657 3445 773 3497 vetares
794 3439 840 3498 usi
862 3440 922 3499 sini
950 3438 997 3497 his
1021 3438 1162 3499 vocibus:
1200 3438 1401 3513 Mororpmses,
1430 3432 1601 3515 deriperas

227 3521 388 3603 inopum,
411 3529 568 3602 impona,
588 3545 751 3599 maneres,
774 3522 962 3603 deceperas,
984 3526 1070 3586 uobis
1093 3525 1243 3585 dissonum
1264 3522 1344 3584 idem
1365 3524 1492 3595 sonabit,
1516 3525 1606 3601 quod,

110 3646 112 3649 ·
229 3612 416 3691 insaporet,
442 3628 602 3672 consonum
624 3612 704 3673 idem
726 3613 806 3689 quod
831 3635 997 3693 oenomaus,
1020 3613 1105 3690 cujus
1128 3621 1196 3673 sunt
1218 3611 1412 3673 differentiae:
1436 3611 1606 3687 identicum,

231 3699 310 3779 quod
334 3716 386 3777 pro
409 3693 556 3780 ὁμοφωτῳ
578 3701 803 3781 usurpabimus,
831 3707 862 3761 et
890 3718 950 3761 non
973 3701 1148 3772 identicum,
1180 3699 1259 3776 quod
1291 3717 1343 3778 pro
1374 3705 1521 3778 ὅιιεφωνῳ.
1566 3700 1606 3762 Et

228 3788 350 3849 identici
372 3795 456 3846 crunt
479 3784 555 3846 duae
577 3790 705 3865 species:
729 3791 885 3850 unisonum
908 3796 938 3849 et
959 3787 1119 3850 identicum
1142 3804 1178 3848 ex
1201 3790 1347 3866 opposito.

291 3880 293 3887 ’
318 3873 520 3933 Definitio.
566 3873 600 3932 Ia
622 3878 785 3950 geometria
808 3876 947 3935 differunt
968 3874 1116 3936 vocabula
1138 3893 1205 3954 pars
1228 3884 1258 3935 et
1280 3883 1386 3952 partes.
1432 3874 1505 3934 Pars
1527 3877 1606 3934 euim

231 3962 344 4035 dicitur,
367 3959 452 4037 cujus
475 3967 521 4020 ast
543 3967 638 4020 totum
660 3961 822 4022 secundum
836 3970 946 4024 cartam
961 3964 1180 4042 proportionem
1194 3962 1356 4041 multiplex,
1380 3970 1451 4039 puta
1473 3960 1604 4041 duplum,

231 4049 359 4129 triplum,
383 4046 597 4126 quadruplum,
630 4057 728 4127 partes
749 4068 837 4125 vero,
861 4051 982 4126 qnando
1005 4067 1066 4111 non
1094 4050 1190 4110 solum
1219 4060 1248 4111 et
1268 4052 1387 4111 unicum
1410 4059 1519 4120 totum,
1551 4049 1604 4110 scd

230 4138 333 4214 aliqua
363 4141 493 4195 totorum
522 4134 679 4195 multitudo
709 4138 795 4197 suerit
823 4137 940 4198 iliarum
969 4137 1132 4217 multiplex.
1184 4136 1226 4199 Ut
1253 4155 1312 4197 una
1348 4139 1473 4217 septima
1499 4137 1606 4205 dicitur

230 4242 309 4307 pars,
332 4223 403 4300 quia
425 4231 506 4283 totus
530 4222 654 4283 circulus
677 4230 723 4284 est
744 4226 914 4306 septuplum
928 4227 1017 4302 hujus
1039 4229 1147 4305 parile,
1170 4234 1202 4285 at
1225 4233 1282 4285 tres
1304 4228 1446 4303 septimae
1469 4224 1605 4285 dicuntur

230 4330 290 4373 non
312 4328 379 4391 pars
402 4309 455 4369 sed
477 4317 585 4388 partes,
608 4313 679 4387 quia
700 4328 816 4372 summa
837 4316 926 4374 trium
942 4314 1118 4375 circulorum
1140 4320 1186 4373 est
1206 4313 1373 4392 septupium
1395 4313 1483 4388 hujus
1507 4329 1602 4372 arcus.

230 4401 289 4461 Hic
312 4416 383 4459 vero
406 4413 460 4458 uos
483 4384 539 4458 bac
562 4397 750 4459 distinctione
780 4418 837 4459 nou
862 4409 994 4475 utemur,
1026 4401 1078 4461 sed
1110 4408 1223 4479 partem
1251 4401 1381 4461 dicemus
1412 4409 1473 4458 mm
1501 4417 1601 4473 unam,

231 4504 321 4566 quam
342 4485 465 4546 alteram
488 4485 631 4547 dictarum
653 4489 835 4564 portionum,
864 4487 922 4548 boc
945 4497 1003 4561 est,
1037 4491 1131 4548 omnis
1153 4490 1248 4565 portio
1271 4486 1454 4565 longitudine
1477 4486 1602 4547 effabilis

232 4575 343 4635 dicetur
364 4573 450 4633 nobis
472 4591 550 4652 pars,
572 4592 639 4634 eum
661 4574 717 4635 hac
731 4582 830 4635 mmen
853 4576 1042 4649 restrictione,
1066 4576 1190 4637 sisnerit
1212 4594 1270 4635 non
1292 4576 1388 4653 major
1410 4574 1600 4635 semicirculo.

231 4661 393 4723 Resldrmm
416 4677 485 4722 vero
508 4660 580 4720 Illud
603 4662 720 4738 dicetur,
743 4663 830 4741 quod,
846 4662 948 4725 ablata
969 4666 1102 4743 portione
1125 4664 1233 4725 affabili
1249 4682 1268 4723 a
1283 4670 1357 4739 toto,
1379 4671 1518 4736 remanet,
1541 4678 1601 4723 non

232 4751 329 4810 minus
352 4751 479 4810 existens
502 4749 692 4811 semicirculo.

328 4832 414 4888 Valde
436 4834 656 4890 ammonam
680 4833 1099 4908 emmeramensem,
1126 4836 1603 4909 permanentem

235 4910 346 4985 panus
363 4912 503 4971 etnam
520 4913 678 4982 Momm,
696 4920 728 4971 ut
744 4912 901 4971 eiam
1454 4946 1457 4950 >
