3567 5625
795 359 956 473 Apologia*
1156 485 1162 508 Ι
1449 435 1454 442 -
1482 396 1544 476 449

279 584 345 659 Age
367 600 508 658 namque,
540 581 736 643 conditionem
759 582 812 641 tibi
836 580 948 651 delere,
965 581 1102 656 regulam
1124 581 1195 641 mibi
1226 587 1404 661 praescribe,
1427 606 1462 648 er
1486 607 1545 666 qua
1626 585 1632 598 “

190 686 350 748 agnoscam
380 674 409 727 in
438 675 577 730 continuo
601 671 915 747 perfeetionisropere,
947 668 1066 745 qnando
1089 669 1221 742 tandem,
1256 689 1315 748 quo
1345 675 1453 734 indicio
1475 696 1544 755 per·

190 762 326 819 veniatur
348 757 386 816 ad
409 767 543 817 exactura
567 776 643 833 aque
667 758 787 833 reliquis
803 756 972 815 distinctum
986 756 1108 833 gradum
1124 758 1319 834 perfectionis.
1366 762 1542 825 Demonstre

190 850 279 905 etiarn
302 845 446 922 graduum
469 846 650 920 singulorum
673 843 920 920 aequipollentias
942 843 1095 921 physicas,
1126 845 1203 904 uude
1224 849 1333 920 selam,
1365 851 1460 910 inesse
1484 853 1543 913 illis

190 934 339 1010 quantiam
361 936 502 992 rationem
526 932 721 1009 aequalitatis.
766 933 816 991 Sic
839 934 917 990 euim
943 934 973 990 in
997 936 1157 1007 geometria
1184 933 1272 1009 iuque
1300 938 1440 996 contiuuo
1461 939 1543 1000 fluxu

188 1024 289 1098 puncti
314 1023 352 1079 ad
375 1020 550 1096 gignendam
575 1022 681 1080 lineam
697 1021 864 1078 demonstro
879 1034 944 1093 ego,
968 1019 1086 1095 quando
1108 1037 1205 1095 queve
1228 1021 1335 1081 indicio
1354 1029 1544 1099 perveniatur

190 1109 228 1168 ad
252 1121 387 1167 exactam
408 1125 485 1184 aque
508 1109 622 1182 reliqua
644 1109 740 1167 lineae
763 1106 946 1181 longitudine
971 1105 1136 1166 distinctam
1160 1126 1338 1182 mensuram,
1363 1128 1439 1186 quae
1464 1114 1543 1172 divi·

188 1200 303 1255 sionem
326 1198 354 1252 in
378 1197 516 1255 circulum
539 1197 643 1255 inferat
666 1196 880 1268 harmonicamq
904 1192 1072 1253 demonstro
1090 1197 1188 1267 etiam,
1210 1207 1309 1273 partes
1332 1200 1441 1272 circuli,
1466 1218 1542 1277 quae

188 1284 314 1360 singulis
338 1284 498 1342 unitatibus
521 1284 687 1355 afferuntur,
711 1300 775 1341 esse
798 1281 980 1355 longitudine
995 1282 1145 1357 aequales.
1190 1282 1274 1344 'lunc
1296 1285 1463 1361 concedam,
1488 1291 1542 1348 tibi

188 1389 247 1428 nou
275 1373 371 1428 minus
402 1387 489 1446 quam
519 1370 590 1430 mihi
619 1389 653 1430 ex
677 1372 804 1428 numeris
834 1371 876 1427 sie
901 1369 1032 1428 formatis
1055 1386 1150 1445 eoque
1175 1371 1359 1446 formalibus
1381 1383 1542 1435 moecatus
1589 1417 1594 1420 -

188 1463 222 1517 ia
244 1461 362 1517 musica
384 1468 520 1517 scrutare
541 1467 569 1517 et
588 1460 622 1515 ia
644 1461 682 1515 iis
699 1460 801 1531 jacere
823 1459 915 1515 totius
936 1457 1133 1516 harmonicae
1154 1462 1296 1518 mendae
1317 1469 1471 1519 sesamum.

275 1547 340 1604 litsl
363 1545 419 1604 boe
441 1547 496 1604 erit
518 1544 701 1605 liberalitatis
730 1561 822 1603 meae.
867 1542 944 1603 Nam
967 1561 1083 1619 possem
1113 1544 1209 1604 adbuc
1232 1546 1366 1622 obloqui,
1401 1549 1542 1623 gradibus

189 1633 247 1692 illis
276 1634 484 1708 perfectionum
516 1634 544 1691 iu
573 1641 679 1690 natura
708 1633 806 1707 potius
838 1647 873 1690 ex
905 1631 951 1689 his
982 1633 1055 1690 meis
1083 1632 1307 1693 formationibus
1335 1623 1542 1711 qrrantitativis

125 1795 129 1800 ,
188 1723 353 1780 accessisse
376 1721 633 1780 determinationes
655 1719 739 1785 illas,
764 1736 852 1793 quam
877 1724 909 1776 ut
930 1720 1060 1779 musicae
1082 1729 1200 1780 nostrae
1223 1731 1416 1782 concentuum
1438 1726 1542 1784 suavi-

188 1819 235 1867 tas
258 1812 359 1867 veniat
380 1827 415 1867 ex
439 1807 497 1866 illis
520 1807 660 1883 gradibus
682 1807 884 1882 perfeetionis,
908 1815 1071 1882 propterea,
1095 1809 1166 1884 quia
1188 1812 1368 1884 quantitates
1392 1813 1421 1869 iu
1443 1824 1542 1873 mente

188 1906 257 1954 sunt
279 1894 480 1972 mundumque
508 1895 687 1973 praecedunt
709 1903 741 1953 ut
764 1893 930 1969 archetypi,
959 1901 991 1952 at
1013 1895 1199 1969 perfectionis
1224 1897 1333 1972 gradus
1361 1906 1428 1957 sunt
1451 1917 1542 1976 opera

188 1982 291 2042 mundi
316 1983 373 2055 jam
397 1984 557 2042 constituti.
603 1982 669 2041 Non
692 1983 780 2057 igitur
801 1984 959 2051 assentior,
990 1998 1056 2040 eum
1078 1984 1135 2054 ais,
1159 1984 1223 2042 sine
1245 1987 1411 2060 cognitione
1434 1986 1539 2046 horum

187 2088 382 2143 numerorum,
406 2072 456 2146 qui
478 2069 631 2129 sciliceta
653 2068 792 2144 gradibus
815 2069 1001 2142 perfectiouis
1017 2077 1139 2129 naturae
1162 2070 1331 2144 formantur,
1355 2075 1539 2149 impossibile

104 2171 112 2180 '
187 2176 269 2230 esse,
301 2157 337 2218 de
366 2161 477 2216 musica
503 2159 567 2216 sive
597 2155 745 2215 mundans
776 2157 840 2213 sive
862 2155 1007 2215 artificiali
1035 2159 1090 2216 rite
1108 2155 1251 2233 judicare.
1297 2160 1371 2219 Nam
1402 2162 1539 2223 simodo

187 2249 246 2304 sint
270 2249 392 2318 numeri,
417 2254 449 2304 ut
471 2253 566 2304 tecum
589 2245 703 2320 loquar,
726 2243 851 2314 formati,
874 2245 971 2302 verim
986 2247 1113 2303 concreti
1134 2248 1348 2320 quantitatibus
1364 2250 1540 2309 mentalibus

188 2343 217 2391 et
240 2332 451 2410 archetypicis,
474 2333 634 2391 rectissime
658 2348 692 2390 ex
716 2332 752 2389 iis
775 2331 811 2389 dc
835 2333 913 2388 omui
937 2333 1051 2391 musica
1069 2330 1196 2406 judicari
1212 2342 1310 2410 potest
1333 2338 1480 2412 etiamque
1505 2337 1540 2398 de

187 2419 246 2480 illis
269 2423 340 2496 ipsis
363 2422 420 2479 tuis
443 2420 582 2495 gradibus
605 2416 814 2496 perfectionum
837 2427 970 2478 naturae.

275 2508 356 2586 lltud¹
376 2510 465 2567 etiam
488 2505 578 2584 paulo
601 2506 672 2564 mihi
695 2514 740 2565 est
761 2504 950 2579 insolentius,
973 2503 1062 2581 quod,
1086 2521 1161 2580 quos
1184 2523 1240 2583 ego
1262 2525 1398 2568 numeros
1421 2512 1539 2588 appelle
1592 2549 1600 2568 ι
1664 2539 1671 2546 ·

186 2596 361 2668 abstractos,
383 2604 416 2654 tu
439 2594 605 2654 materiales
628 2602 657 2651 et
679 2593 802 2653 sensiles
824 2593 967 2669 appellas.
1014 2590 1116 2652 Omnis
1138 2612 1291 2668 numerus,
1318 2605 1350 2655 nt
1373 2599 1412 2655 sit
1434 2616 1539 2658 nume·

186 2701 246 2754 rus,
271 2685 361 2742 menti
386 2685 482 2742 inesse
505 2682 608 2754 debet,
632 2688 664 2739 ut
688 2681 773 2739 docet
796 2678 985 2750 Aristotelem
1016 2682 1046 2736 in
1067 2682 1203 2741 sensibus
1229 2685 1316 2760 inque
1337 2689 1460 2745 materia
1483 2704 1540 2744 nu·

188 2783 285 2830 merus
309 2787 365 2830 uon
389 2778 442 2843 est,
466 2771 516 2831 sed
541 2771 667 2828 unitates
691 2768 848 2846 dispersae.
894 2767 1010 2828 Videris
1034 2769 1121 2829 etiam
1145 2768 1262 2831 titulum
1281 2771 1411 2832 formalis
1426 2776 1540 2834 numeri

187 2860 364 2918 confundere
389 2876 454 2917 cum
470 2857 655 2918 distinetione
671 2857 723 2917 illa
739 2856 937 2930 Aristotelies,
960 2874 1025 2916 eum
1052 2856 1265 2934 Pythagoricos
1295 2860 1337 2919 ait
1360 2878 1437 2920 nunc
1456 2862 1539 2939 loqui

188 2947 223 3005 de
247 2950 376 3006 nrrmeris
398 2949 460 3005 suis
482 2954 514 3023 ut
536 2947 713 3018 numerosis,
736 2961 813 3003 nuuc
836 2953 867 3003 ut
890 2943 927 3004 de
950 2943 1096 3018 formatis,
1121 2954 1153 3005 ut
1175 2948 1204 3005 in
1227 2946 1348 3007 denario
1371 2949 1539 3010 considera·

186 3043 234 3093 tur
258 3034 304 3092 vel
328 3032 483 3093 multitudo
506 3034 651 3093 unitatum
674 3031 721 3091 vel
743 3032 847 3108 figura.
1421 3078 1430 3089 .

274 3122 373 3196 Negas
410 3130 439 3180 te
470 3125 529 3180 rim
560 3119 775 3179 harmoniarum
810 3128 925 3177 tuarum
961 3136 996 3176 ex
1029 3122 1157 3178 numeris
1191 3121 1345 3182 abstractis
1377 3126 1537 3203 accepisse.

187 3207 291 3283 Neque
313 3209 370 3267 lroe
392 3225 447 3285 ego
470 3208 558 3285 plane
580 3210 621 3265 ita
645 3205 719 3279 dixi,
752 3205 804 3265 sed
826 3223 892 3264 cum
912 3203 1068 3265 didicisses
1090 3224 1127 3265 ex
1151 3210 1312 3282 veteribus,
1337 3211 1412 3270 inter
1433 3229 1539 3271 nume·

188 3298 278 3365 ros3
303 3304 332 3354 et
356 3299 376 3353 4
399 3313 463 3356 esse
485 3297 700 3372 proportionem
724 3294 937 3363 harmonicam,
969 3308 1064 3367 neque
1094 3295 1297 3367 observasses,
1328 3297 1386 3356 illis
1410 3302 1538 3360 unitates

189 3399 290 3442 omnes
314 3386 342 3440 in
366 3382 562 3459 applicatione
584 3381 674 3441 fuisse
697 3380 836 3457 aequales
858 3379 1041 3456 longitudine
1064 3380 1245 3455 chordarum,
1270 3383 1339 3457 dixi,
1363 3393 1392 3443 te
1416 3385 1537 3447 dimissa

189 3471 368 3547 aequalitate
399 3473 594 3547 quantitative
624 3469 788 3548 applicasse
816 3483 953 3527 numeres
984 3470 1062 3542 ipsos
1086 3470 1121 3540 3,
1153 3471 1174 3527 4
1200 3487 1265 3529 curu
1289 3472 1451 3532 unitatibus
1474 3475 1536 3532 suls
1567 3500 1570 3505 ·

188 3560 320 3634 partibus
343 3557 458 3631 mnndi,
491 3575 549 3616 non
573 3557 698 3633 amplius
722 3559 795 3615 inter
817 3573 848 3613 se
871 3553 1055 3630 aequalibus.
1100 3554 1169 3616 dam
1198 3557 1271 3616 nihil
1294 3562 1427 3631 interest,
1458 3560 1536 3621 unde

188 3655 219 3703 tu
242 3649 305 3704 aim
327 3646 373 3705 his
395 3648 522 3705 numeris
546 3643 764 3716 conciliaveris,
793 3659 862 3700 unm
886 3659 922 3700 ex
945 3658 980 3700 ee
1004 3641 1117 3716 solum,
1147 3645 1226 3720 qued
1257 3654 1325 3705 sunt
1348 3650 1473 3720 numeri,
1504 3656 1536 3707 ut

190 3743 312 3805 veteres,
336 3751 373 3791 au
397 3751 434 3793 ex
456 3732 514 3791 illis
537 3730 676 3807 gradibus
698 3731 907 3809 perfectionum
930 3728 1125 3805 naturalium,
1148 3732 1267 3808 suffieit,
1292 3737 1476 3795 occasionem
1497 3737 1536 3795 ab

189 3822 261 3896 ipsis
283 3821 430 3879 veteribus
453 3829 481 3879 te
504 3821 623 3898 petiisse
652 3817 800 3877 deferendi
821 3818 958 3876 numeris.
1051 3874 1054 3881 ,

276 3908 338 3983 ligo
360 3909 429 3979 tibi,
452 3910 492 3965 mi
514 3906 656 3977 Roberte,
679 3906 786 3978 fateor,
810 3922 876 3963 eum
899 3906 995 3980 agitur
1017 3901 1053 3969 de
1076 3905 1246 3965 certitudine
1269 3908 1536 3984 comprehensionis

188 4012 298 4067 rernm,
321 3995 435 4053 elatum
457 4013 505 4053 me
526 4011 584 4053 esse
606 3995 724 4052 omniuo
746 3996 889 4068 opinione
911 4008 968 4050 non
992 4008 1073 4066 mea,
1103 3993 1156 4051 sed
1178 3997 1323 4052 communi
1348 3997 1535 4056 mathemati·

189 4098 287 4140 eorum
310 4084 455 4153 omnium,
484 4090 517 4139 ut
539 4097 731 4156 quaeeunque
755 4090 785 4139 tu
809 4089 918 4139 unctas
941 4078 1147 4139 mathematica
1169 4099 1248 4141 more
1271 4082 1454 4157 Hennetieo,
1482 4101 1535 4144 seu
1558 4148 1560 4153 ‚

186 4172 332 4229 strictiora
354 4187 409 4228 seu
431 4171 605 4239 remissiora,
630 4171 659 4229 iu
682 4176 829 4228 contemtu
853 4169 988 4239 habeam,
1011 4166 1101 4242 idque
1123 4185 1181 4226 non
1205 4170 1274 4229 edio
1296 4189 1390 4231 rerum
1405 4173 1534 4248 ipsarum

186 4257 420 4317 Hermeticarum
449 4274 501 4316 sen
524 4259 727 4334 mysteriorum
753 4265 890 4329 naturae,
922 4253 973 4313 sed
997 4254 1035 4313 ob
1057 4253 1086 4312 id
1115 4258 1225 4331 ipsum,
1256 4260 1327 4333 quia
1354 4275 1408 4319 nec
1431 4275 1535 4335 capere

186 4343 394 4405 mathematica
424 4346 480 4402 uisi
507 4360 560 4421 per
587 4343 847 4403 demonstrationes
877 4341 1114 4414 mathematicas,
1147 4360 1201 4402 uec
1230 4345 1260 4402 in
1288 4346 1459 4420 penetralia
1488 4349 1535 4404 tui

188 4434 337 4492 uenere
358 4435 536 4509 apaamma
558 4432 650 4492 caelia
671 4432 888 4490 mutbauutieia
909 4432 1054 4505 inspicere
1076 4447 1203 4505 unquam
1224 4430 1321 4491 didici.
1358 4433 1433 4491 Nam
1448 4440 1534 4509 post·

186 4538 275 4597 quam
298 4522 396 4577 omnia
424 4526 475 4579 tna
496 4519 568 4577 mihi
591 4535 679 4594 quam
701 4518 923 4595 diligentissime
950 4518 1070 4575 umatus
1093 4534 1158 4577 esse
1189 4518 1305 4593 videor,
1335 4537 1454 4579 somnus
1477 4521 1533 4579 ob·

187 4609 271 4685 repit,
294 4606 466 4679 obliviscor,
490 4624 565 4684 quas
587 4616 619 4664 tu
641 4606 834 4666 formalitates
856 4605 937 4664 dieas
961 4606 1104 4663 territatum
1127 4615 1258 4679 tuarum,
1291 4624 1378 4683 quem
1399 4607 1533 4684 spiritum

188 4694 359 4765 formalem,
385 4711 444 4770 quo
466 4694 548 4753 illum
572 4693 679 4767 ingenii
703 4696 856 4753 conamine
887 4709 923 4751 ex
946 4707 1005 4766 qua
1034 4694 1080 4750 rei
1101 4692 1190 4753 litera
1221 4694 1389 4754 eruendum.
1435 4693 1533 4769 Quare

186 4802 233 4843 me
255 4782 429 4858 recolligens
452 4782 490 4840 ab
513 4782 568 4839 hoe
589 4796 692 4839 somno
714 4787 875 4857 temperare
898 4778 968 4838 milri
984 4794 1041 4837 non
1064 4796 1193 4855 possum,
1216 4784 1286 4857 quin
1313 4782 1457 4856 omnibns,
1482 4784 1533 4858 qui

187 4868 360 4932 certitudine
382 4868 512 4946 gaudent
539 4867 843 4944 comprehensienum,
874 4879 904 4928 et
925 4865 1055 4943 liugnam
1083 4874 1113 4928 et
1139 4867 1240 4929 medos
1263 4870 1534 4932 mathematicorum

239 4987 460 5043 annaeum.
1335 4976 1375 5035 29
