3567 5625
538 376 662 434 272
1302 363 1387 417 De
1422 360 1668 416 Motibus
1702 357 2052 414 Planetarnm
2086 358 2443 419 Harmonicis.

1799 538 1899 589 ΗΒ·
1931 536 1999 579 ⁴³·
2121 535 2128 552 ⁰
2523 536 2678 596 Sunt
2720 547 2918 596 autem
2956 536 3242 596 notabilia

2352 624 2468 683 duo
2517 623 2697 683 veluti
2728 625 3004 702 conjugia
3034 625 3242 683 harum

1924 760 1927 768 .
2350 712 2683 787 figurarum,
2707 729 2781 770 ex
2806 714 3051 771 diversis
3077 729 3242 770 com-

2354 802 2557 859 binata
2633 798 2955 872 classibus,
3030 816 3241 870 mares,

1658 924 1703 990 ‘s
1872 900 1883 973 ε
2037 924 2068 972 ‘x
2354 888 2541 945 cubus
2599 893 2660 944 et
2714 885 3121 946 dodecaedron
3171 902 3244 945 ex

1872 974 1883 1014 ι

1431 1024 1446 1040 „
1615 1028 1637 1059 s
2067 976 2102 1037 Χ
2355 975 2671 1050 primariis,
2734 976 3013 1047 feminae,
3077 983 3246 1032 octo-

1560 1065 1615 1147 s!
2102 1042 2153 1131 *x
2358 1062 2539 1121 e'dron
2584 1068 2643 1119 et
2671 1061 3000 1119 icosiiidron
3042 1078 3113 1119 ex
3146 1076 3247 1119 se-

1507 1152 1560 1232 ss
1592 1117 1809 1239 “s“
1970 1144 2101 1230 *χ
2151 1134 2212 1242 ”xx
2358 1147 2683 1218 cundariis,
2750 1150 2965 1223 quibus
3019 1147 3248 1207 accedit

2105 1231 2258 1326 *Q
2361 1254 2478 1294 una
2510 1236 2689 1293 veluti
2724 1235 2959 1293 coelebs
3003 1245 3107 1293 aut
3135 1253 3247 1293 an-

2360 1323 2674 1400 drogynos,
2706 1323 3069 1396 tetraedron,
3107 1324 3251 1396 quia

2358 1412 2470 1470 sibi
2505 1413 2615 1486 ipsi
2647 1412 2993 1481 inscribitur,
3030 1410 3250 1468 utillae

540 1489 808 1550 femellae
862 1493 1124 1552 maribus
1171 1495 1561 1553 inscribuntur
1606 1502 1665 1553 et
1711 1497 1892 1556 veluti
1955 1499 2375 1576 subjiciuntur,
2437 1506 2497 1557 et
2540 1502 2712 1574 signa
2754 1513 2929 1557 sexus
2975 1499 3254 1555 feminina

540 1578 877 1638 masculinis
926 1583 1198 1657 opposita
1241 1583 1485 1655 habent,
1531 1581 1780 1658 angulos
1828 1586 2054 1645 scilicet
2100 1587 2474 1664 planitiebus.
2566 1585 2907 1656 Praeterea,
2956 1592 3021 1642 ut
3063 1593 3252 1642 tetra-

541 1665 720 1725 &di-on
768 1677 859 1725 est
904 1668 1270 1742 elementum,
1320 1672 1545 1729 viscera
1588 1680 1648 1729 et
1692 1670 1875 1730 veluti
1921 1682 2086 1732 costa
2138 1676 2273 1734 cubi
2303 1677 2497 1745 maris,
2542 1676 2629 1731 sic
2667 1672 2981 1732 octaedron
3027 1672 3245 1732 semina

542 1763 631 1814 est
690 1754 1039 1815 elementum
1097 1764 1155 1815 et
1211 1773 1344 1832 pars
1405 1757 1678 1816 tetraedri
1735 1758 1856 1818 alia
1913 1763 2171 1837 ratione,
2234 1765 2318 1821 ita
2375 1760 2595 1820 mediat
2637 1759 2967 1819 tetraedron
3029 1761 3086 1816 in
3132 1759 3247 1817 hoc

543 1860 650 1903 con
681 1862 714 1902 u
761 1860 837 1902 ιο.

646 1861 672 1919 J
712 1861 1041 2008 lg'raecipua
1084 1931 1503 1990 connubiorum
1549 1948 1654 1990 seu
1700 1931 2050 1994 familiarum
2098 1934 2424 1994 differentia
2469 1938 2528 1992 in
2574 1934 2688 2006 boc
2733 1935 3031 2004 consistit,
3079 1931 3242 2009 quod

543 2018 785 2078 cubicae
830 2018 1066 2094 quidem
1109 2017 1362 2094 effabilis
1404 2029 1494 2077 est
1537 2022 1869 2095 proporti03
1933 2040 2066 2080 nam
2115 2023 2446 2082 tetrae‘dron
2507 2031 2595 2081 est
2638 2023 2815 2079 triens
2876 2021 2948 2079 de
2996 2036 3241 2096 corpore

544 2106 772 2180 cubico,
819 2104 1133 2165 octaedron
1177 2107 1436 2165 semissis
1485 2106 1555 2164 de
1602 2107 1978 2184 tetraiidrico,
2024 2120 2193 2169 sexta
2235 2127 2371 2187 pars
2418 2111 2586 2184 cubi3
2646 2107 3047 2167 dodecae'driei
3099 2124 3242 2166 vero

523 2194 798 2269 ‘conjugii
846 2194 1143 2272 proportio
1190 2200 1280 2252 est
1321 2193 1645 2269 ineffabilis
1688 2193 1960 2269 quidem,
2008 2196 2113 2255 sed
2158 2197 2390 2256 divina.

714 2279 941 2340 Harum
997 2281 1240 2339 duarum
1306 2296 1518 2337 vocum
1584 2281 1879 2357 copulatio
1935 2284 2108 2359 jubet
2166 2301 2376 2343 cavere
2420 2282 2624 2342 lectori
2688 2281 2760 2341 de
2807 2298 3007 2341 earum
3052 2282 3246 2357 signi-

547 2370 740 2428 ficatu.
830 2368 965 2427 Vox
1012 2371 1164 2427 enim
1201 2367 1542 2444 ineffabilis
1580 2368 1674 2426 hic
1719 2385 1834 2427 non
1880 2369 2123 2431 denotat
2165 2389 2267 2449 per
2312 2389 2375 2430 se
2418 2371 2789 2430 nobilitatem
2834 2368 3128 2443 aliquam,
3178 2376 3245 2426 ut

544 2457 691 2516 alias
738 2459 795 2513 in
842 2455 1140 2531 theologia
1184 2464 1243 2515 et
1286 2455 1459 2513 rebus
1507 2454 1738 2537 divinis,
1788 2457 1892 2515 sed
1938 2457 2178 2518 denotat
2222 2458 2616 2517 conditionem
2663 2457 3044 2529 deteriorem3
3106 2463 3247 2513 sunt

546 2547 698 2603 enim
745 2547 802 2601 in
847 2545 1198 2621 geometria,
1258 2550 1319 2600 ut
1354 2541 1502 2600 libro
1547 2545 1735 2618 primo
1782 2544 2031 2620 dictum,
2093 2545 2414 2606 ineffabilia
2460 2545 2680 2617 multa,
2746 2560 2898 2621 quae
2942 2559 3061 2601 non
3108 2541 3244 2601 ideo

545 2634 894 2710 participant
939 2640 997 2689 et
1043 2630 1243 2688 divina
1285 2630 1678 2705 proportione.
1771 2629 1927 2706 Quid
1985 2643 2181 2692 autem
2238 2636 2315 2692 sit
2359 2633 2563 2692 divina
2618 2633 2916 2708 proportio
2965 2631 3248 2705 (sectoria

545 2721 740 2798 potius
772 2718 1065 2792 dicenda),
1114 2735 1184 2777 ex
1228 2715 1376 2774 libro
1421 2720 1606 2793 primo
1652 2718 1967 2794 petendum
2015 2728 2119 2780 est.
2212 2721 2366 2779 Aliis
2395 2724 2549 2781 enim
2581 2719 3055 2797 proportionibus
3100 2735 3248 2793 sup-

546 2817 752 2885 petunt
795 2808 888 2866 sui
934 2816 1185 2883 quatuor
1229 2806 1475 2877 termini,
1523 2815 1581 2866 et
1624 2807 1935 2868 continuae
1984 2812 2158 2881 terni,
2218 2808 2423 2867 divina
2469 2809 2710 2884 requirit
2753 2808 2932 2866 etiam
2976 2804 3245 2880 singula-

546 2913 667 2954 rem
711 2896 1084 2954 terminorum
1129 2892 1551 2967 habitudinem,
1598 2904 2006 2971 praeterquam
2052 2899 2446 2974 proportionis
2492 2898 2704 2974 ipsius,
2752 2902 2817 2952 ut
2858 2893 3081 2953 scilicet
3129 2893 3246 2951 duo

546 2985 775 3041 termini
819 2983 1088 3052 minoreS,
1140 2989 1200 3039 ut
1243 2988 1467 3055 partes,
1515 2982 1875 3040 constituant
1918 2984 2227 3059 majorem,
2274 2992 2341 3042 ut
2386 2992 2586 3044 totum.
2675 2980 2833 3040 Huic
2878 2984 3056 3057 igitur
3103 2998 3250 3039 con-

539 3070 709 3146 jugio
757 3069 1171 3128 dodecaedrico
1219 3078 1501 3143 quantum
1549 3066 1798 3126 decessit
1844 3090 1916 3129 ex
1962 3089 2050 3145 eo,
2100 3072 2257 3148 quod
2303 3073 2677 3149 proportione
2724 3073 2905 3127 utitur
2937 3067 3243 3140 ineffabili,

548 3165 773 3215 tantum
819 3175 889 3216 ex
937 3175 1004 3214 eo
1052 3157 1310 3215 vicissim
1354 3155 1595 3228 aceedit,
1645 3156 1804 3230 quod
1850 3159 2161 3217 ineffabilis
2206 3160 2435 3235 proiicit
2465 3161 2523 3215 in
2553 3158 2831 3216 divinam.
2907 3154 3109 3214 Habet
3139 3154 3249 3212 hoc

1031 3292 1127 3341 mg.
1157 3288 1226 3333 44.
1699 3245 2034 3321 conjugium
2081 3255 2139 3305 et
2183 3246 2414 3305 stellam
2457 3244 2739 3316 solidam,
2804 3244 2970 3318 cujus
3014 3244 3250 3316 genesis

1713 3340 1803 3391 est
1848 3351 1920 3392 ex
1963 3335 2395 3393 continuatione
2441 3336 2747 3410 quinorum
2798 3329 3105 3407 planorum
3150 3328 3264 3388 do-

1714 3419 1987 3479 deca‘e‘dri
2044 3420 2119 3479 ad
2180 3438 2520 3480 concursum
2584 3421 2842 3479 omnium
2918 3420 2973 3475 in
3041 3425 3263 3495 puncto

1696 3509 1923 3582 ,unico;
1972 3507 2104 3567 vide
2150 3510 2389 3583 genesin
2437 3508 2565 3583 ejus
2611 3506 2761 3566 libro
2808 3505 2888 3563 11.
3126 3502 3141 3510 ’

1886 3592 2107 3654 Ultimo
2151 3595 2410 3654 notanda
2455 3603 2546 3654 est
2572 3594 2868 3671 proportio
2908 3592 3137 3651 orbium
3182 3594 3268 3651 eis

1718 3682 2283 3760 circumscriptorum
2314 3683 2388 3742 ad
2407 3684 2732 3758 inscriptos,
2766 3682 2866 3755 qui
2892 3681 3057 3737 estin
3083 3687 3271 3738 tetra-

1715 3769 1853 3829 e'dro
1899 3771 2173 3844 effabilis,
2222 3780 2285 3830 ut
2337 3770 2588 3829 100000
2635 3768 2711 3828 ad
2760 3768 3002 3839 33333,
3056 3766 3154 3826 vel
3200 3773 3269 3824 ut

1717 3859 1753 3915 3
1801 3857 1877 3916 ad
1931 3862 1995 3931 1,
2058 3860 2114 3916 in
2162 3859 2368 3917 cubico
2428 3857 2703 3932 conjugio
2764 3853 3111 3927 ineffabilis,
3170 3855 3270 3910 in-

1713 3946 1912 4020 scripti
1958 3954 2152 4005 tamen
2199 3946 2628 4004 semidiameter
2684 3945 2948 4020 potentia
2991 3941 3262 4013 effabilis,

1714 4031 1879 4090 radix
1923 4032 1993 4091 de
2039 4034 2210 4093 tertia
2256 4042 2420 4110 parte
2466 4034 2764 4107 potentiae
2810 4029 3095 4101 diametri,
3143 4031 3262 4087 sci-

1713 4119 1852 4178 licet
1895 4129 1961 4178 ut
2011 4121 2261 4179 100000
2307 4118 2384 4179 ad
2434 4120 2677 4193 577353
2739 4119 2795 4175 in
2840 4114 3266 4189 dodecae’drico

820 4236 1221 4417 m·
1249 4228 1421 4328 a
1715 4207 2300 4370 22235301’25532,
2317 4205 2718 4353 ‘ztffzztgt
2743 4211 2841 4351 Ἃ,
2880 4203 3130 4361 ᾎὲὲῖὲῗ

1080 4375 1165 4432 ’⁴2
1678 4380 1953 4440 xrnidium
1998 4381 2151 4442 latus
2199 4382 2502 4456 ieosaedri,
2551 4399 2656 4442 seu
2702 4377 3005 4438 dimidium
3036 4376 3267 4437 distan-

1708 4470 1826 4529 tiae
1871 4469 2117 4529 duorum
2163 4470 2475 4529 radiorum.

1506 1305 2021 1323 —-——-——.—————

1030 1377 1299 1428 Inscriptum
1329 1378 1584 1419 tetraedron
1612 1380 1854 1420 tetraedro.
