3567 5625
240 405 300 470 152
382 451 388 456 .
638 393 641 396 ’
771 399 813 456 Dc
831 397 1056 469 Propertionibcs

238 577 500 662 nsur'pareramus)
523 580 678 643 interualla
699 596 828 641 consona
850 578 964 655 maj0ra
985 595 1022 638 ox
1044 577 1205 638 minoribus
1219 579 1364 655 corisonis,
1388 583 1586 645 consonaml-

239 672 321 728 nima
348 686 385 728 ex
414 671 562 729 concinnis
585 677 656 743 etc,
687 670 757 746 qnia
786 669 815 725 in
843 667 918 726 lrnec
948 664 1030 724 volnt
1058 663 1202 727 clementa
1231 665 1445 743 dissolvuntur,
1475 679 1506 729 ιι
1527 687 1586 729 non

239 765 374 818 constant
397 755 513 816 diverso
534 758 609 816 inicr
630 774 662 816 se
684 773 720 816 ex
744 755 829 813 unius
860 754 1024 814 communiis
1045 754 1183 813 minimae
1211 757 1320 831 spccici
1346 756 1507 817 intervallis
1529 758 1586 818 ali-

240 861 329 921 quaru
351 841 466 917 multis,
490 860 544 903 nec
564 844 594 901 in
618 843 690 903 talio
712 841 834 902 dissolvi
858 848 990 919 possunt.

328 928 471 1007 Quamvis
493 933 581 992 etiam
603 930 733 991 habeant
755 927 910 989 interualla
937 944 1067 988 consona
1089 944 1194 987 ιιιιιιι
1224 937 1380 1005 cognatas,
1406 947 1464 989 non
1488 932 1587 992 omnin

239 1025 337 1077 umen
360 1017 501 1091 eandem,
531 1017 583 1078 sed
605 1017 759 1092 quodlibet
786 1034 870 1076 suam
892 1014 1070 1093 peculiarem
1092 1032 1212 1075 cansam
1242 1015 1348 1090 baltei,
1379 1015 1544 1079 distinctam
1566 1037 1586 1080 a

239 1108 336 1170 ιιιιιιὶι
356 1115 533 1178 ceterarum,
555 1107 638 1165 utin
660 1105 859 1181 superioribus
883 1102 1070 1179 explicatum.
1115 1101 1411 1166 consonantisrenim
1443 1109 1515 1182 ipsis
1537 1109 1585 1165 in·

207 1195 208 1204 ’
238 1192 370 1253 torsellis
392 1195 546 1270 competit,
575 1209 634 1251 non
656 1200 690 1250 nt
711 1199 823 1268 quanta
845 1199 913 1251 snrrt
935 1189 1118 1265 simpliciter,
1148 1208 1245 1266 nequo
1268 1191 1435 1268 simpliciter
1464 1201 1497 1252 ut
1518 1202 1587 1253 sunt

238 1280 411 1353 relationes,
439 1280 492 1341 sod
514 1287 548 1339 ut
569 1279 761 1356 qualitativas
784 1275 857 1361 (hoc
880 1285 926 1337 est
949 1276 1166 1354 quodammodo
1195 1275 1353 1362 figuratae)
1374 1289 1442 1339 sunt
1463 1280 1586 1341 relatio·

239 1384 300 1427 nes.
344 1366 450 1443 Itaque
472 1383 625 1428 commune
647 1369 776 1444 ipsarum
799 1366 949 1426 minimum
972 1362 1157 1423 intervallum
1173 1368 1348 1426 constituere
1366 1366 1449 1440 selle,
1465 1361 1518 1428 'res
1539 1378 1587 1429 est

240 1455 441 1532 impertinens,
474 1471 540 1515 curn
569 1457 719 1514 minimum
750 1460 781 1514 ot
809 1455 969 1512 maximum
996 1469 1055 1512 non
1083 1452 1113 1510 in
1136 1453 1333 1528 qualitatiris,
1358 1454 1411 1512 sed
1439 1456 1468 1513 in
1498 1456 1584 1517 nudis

242 1542 457 1619 quantitatibus
479 1559 638 1618 earumque
659 1539 897 1619 proportionibus
925 1538 1165 1624 considerenturq
1190 1556 1319 1600 consona
1347 1559 1427 1614 sero,
1458 1551 1491 1601 ut
1512 1560 1585 1604 con·

240 1646 322 1703 sona,
345 1628 491 1701 (lividere,
519 1637 564 1691 est
585 1630 712 1705 speciem
735 1626 853 1689 abolere
876 1629 999 1688 consoni
1019 1634 1049 1686 ct
1070 1644 1122 1703 pro
1146 1643 1182 1687 sa
1209 1627 1258 1687 vel
1281 1628 1355 1688 alias
1372 1633 1493 1689 consoni
1515 1649 1585 1709 spe·

240 1719 299 1777 cies
322 1713 371 1776 vel
393 1718 535 1777 concinna
565 1716 760 1777 dissonn‘rel
791 1717 881 1775 etiam
910 1713 997 1791 piano
1023 1715 1196 1774 inconcinna
1222 1715 1373 1775 intervalla
1399 1720 1583 1779 constituere.
1652 1787 1656 1792 Δ

240 1803 306 1867 Non
329 1802 419 1864 babet
445 1805 534 1879 igitur
556 1803 741 1864 intervallum
769 1819 874 1863 causas
902 1811 954 1861 aut
976 1800 1121 1861 elementa
1148 1804 1353 1862 consonantiae
1375 1821 1447 1864 suae
1474 1824 1494 1865 a
1514 1823 1585 1882 par-

241 1891 321 1950 tibus
344 1888 437 1949 veluti
459 1892 625 1967 principiis,
653 1892 730 1951 sicut
751 1891 931 1966 quantitates
957 1888 1235 1949 commensurabiles
1257 1899 1420 1950 accrescunt
1442 1873 1584 1971 multipli-

241 1979 357 2038 catione
380 1981 541 2037 communis
563 1995 717 2038 mensurae
747 1986 777 2037 ot
800 1994 866 2036 curn
887 1976 944 2036 hac
965 1992 1103 2036 mensura
1130 1977 1184 2035 sub
1215 1993 1274 2036 uno
1301 1986 1331 2037 et
1355 1978 1457 2038 eodem
1477 1997 1583 2055 genero

242 2065 420 2136 consistunt,
442 2062 495 2126 sed
518 2083 535 2124 o
557 2068 713 2137 contrario,
736 2081 814 2140 quae
835 2072 951 2123 veteres
973 2081 1026 2140 pro
1048 2065 1196 2142 principiis
1223 2063 1354 2125 habuero
1376 2070 1584 2126 consonantia·

241 2169 305 2212 rum
329 2147 432 2234 (tonos
453 2160 527 2228 puta
549 2161 579 2213 et
600 2154 758 2212 semitonia
778 2159 809 2212 et
830 2146 942 2233 dieses)
967 2168 1003 2211 es
1024 2168 1060 2209 cx
1083 2154 1280 2211 consonantiis
1304 2161 1337 2210 nt
1357 2155 1501 2230 principiis
1521 2158 1583 2214 suis

242 2241 376 2315 genuinis
407 2241 546 2298 oriuntur.
591 2240 653 2298 Etsi
683 2241 761 2301 enim
790 2254 920 2298 consona
948 2237 1021 2298 hoec
1036 2246 1186 2316 ‚constant
1214 2256 1249 2299 ox
1272 2238 1331 2298 illis
1353 2242 1495 2300 concinnis
1524 2260 1581 2303 nou
1628 2283 1632 2296 .

243 2327 379 2386 consonis
402 2321 442 2408 (si
466 2343 524 2387 nou
547 2344 584 2386 ex
606 2344 664 2386 uuo
686 2326 786 2402 aliquo
809 2328 964 2398 communi,
987 2324 1092 2385 saltem
1115 2324 1298 2401 expluribus
1321 2329 1392 2385 inter
1407 2344 1438 2386 se
1458 2328 1582 2389 diuersi-

243 2413 328 2473 mode
352 2410 553 2496 compositis),
584 2413 614 2473 id
636 2417 734 2473 tamon
762 2428 821 2472 non
844 2412 1026 2473 referendum
1049 2420 1094 2472 est
1121 2412 1277 2489 adipsum
1308 2414 1450 2473 intervall.
1475 2432 1582 2476 conso·

242 2502 385 2561 nantium.
427 2499 460 2561 ut
487 2504 564 2560 onim
596 2503 738 2562 concinna
764 2499 954 2560 conciliarent
980 2500 1137 2560 intervallo
1163 2500 1268 2577 maiori
1302 2518 1338 2561 ex
1366 2519 1399 2561 so
1428 2505 1583 2579 conposito

204 2659 207 2664 ,
243 2605 328 2648 suem
341 2591 585 2668 &consonantiam
614 2604 728 2667 semper
750 2587 807 2647 iroc
828 2587 912 2648 lieret
932 2589 962 2645 in
985 2603 1160 2663 quacunque
1182 2590 1388 2648 cancianorum
1410 2591 1583 2667 multiplica-

243 2677 332 2748 tione,
357 2684 387 2736 et
408 2683 490 2736 tanto
512 2676 614 2736 melior
636 2684 714 2736 esset
734 2676 934 2746 consonantia,
959 2682 1069 2750 quanto
1091 2674 1177 2751 plura
1205 2677 1233 2732 in
1256 2674 1411 2736 intervallo
1439 2682 1583 2742 concinna

243 2762 277 2825 lrl
302 2779 372 2824 uero
394 2762 500 2825 ialaum
522 2771 576 2838 est,
599 2781 667 2824 nam
688 2771 722 2824 ut
741 2761 817 2822 inira
839 2762 1002 2836 audiemus,
1029 2761 1088 2821 ilno
1111 2763 1348 2841 ionicompositi
1371 2769 1582 2828 consonantiam

244 2852 368 2925 iaciunt,
391 2857 450 2913 tres
473 2853 626 2928 compositi
657 2850 812 2911 dissonans
837 2850 1024 2911 intervallum
1053 2852 1241 2911 constituunt
1286 2849 1372 2925 Quod
1400 2860 1489 2914 auten
1511 2873 1584 2915 con·

244 2954 349 2998 sotrum
372 2938 401 2996 in
424 2939 566 3000 concinna
587 2938 707 2999 dissona
728 2937 805 2997 solui
826 2945 938 3013 potest,
968 2944 1002 2996 ut
1022 2946 1177 3014 seqrretur,
1206 2938 1236 2996 id
1263 2937 1308 2996 iili
1330 2956 1460 3001 consono
1476 2960 1529 3019 per
1551 2960 1584 3003 se

244 3025 427 3089 considerato
457 3025 545 3104 plane
576 3035 622 3086 cst
651 3025 894 3103 accidentarinm,
921 3024 1012 3100 fitque
1042 3023 1260 3097 tantummodo,
1290 3034 1435 3102 quatenus
1463 3030 1529 3090 iuter
1550 3047 1583 3091 se

244 3120 449 3190 comparantur
469 3112 555 3191 plura
576 3129 722 3182 consona,
750 3111 904 3189 quodlibet
926 3129 961 3171 ex
983 3113 1044 3195 suis
1067 3122 1161 3173 ortum
1183 3114 1340 3189 principiis.
1615 3116 1625 3125 '

331 3198 481 3261 Concinna
504 3202 593 3277 igitur
614 3198 771 3259 intervalia
794 3197 971 3258 definirnrtur
1000 3216 1065 3259 csso
1087 3216 1189 3260 omncs
1218 3216 1410 3261 consonarum
1433 3198 1512 3278 dupio
1535 3206 1584 3262 in·

245 3286 370 3350 tertullo
392 3289 536 3347 minorum
559 3288 748 3360 differentiae,
770 3303 825 3346 noc
846 3286 907 3347 niia
929 3287 1072 3347 concinna
1093 3288 1196 3364 recipit
1209 3287 1351 3347 naturalis
1366 3288 1583 3352 iacuitasaodl-

245 3382 301 3448 ius,
325 3391 413 3451 quam
436 3392 513 3453 quac
543 3392 580 3436 cx
601 3375 658 3435 irae
679 3374 889 3449 subtractione⁸
903 3375 1053 3447 oriuntur,
1084 3383 1118 3434 nt
1139 3377 1181 3434 ita
1203 3391 1333 3435 consona
1355 3376 1501 3437 intervalla
1528 3380 1584 3439 ira·

246 3463 335 3523 beant
356 3470 451 3533 ortum
474 3481 510 3524 ex
532 3464 693 3540 goontetria
715 3470 745 3522 et
765 3461 865 3536 liguris
888 3460 1179 3535 demonstrabilibus,
1206 3464 1349 3522 concinna
1371 3481 1442 3524 vero
1465 3468 1584 3544 exipsis

246 3552 392 3623 consonis,
415 3552 533 3626 sintque
556 3551 699 3609 concinna
720 3547 866 3608 inordina
888 3546 926 3606 ad
949 3565 1097 3621 consona,
1120 3548 1364 3625 quemadmodum
1387 3552 1415 3610 in
1437 3556 1586 3628 georretria

247 3644 403 3713 apotomae
425 3636 537 3713 (lineae
560 3631 740 3718 ineffabiles)
763 3642 832 3695 sunt
854 3635 894 3695 ad
915 3636 1047 3695 ciiabsses
1069 3637 1218 3712 potentia,
1249 3639 1429 3713 quinetiam
1451 3638 1585 3703 iilaodo-

219 3764 221 3770 .
249 3724 387 3783 liniuntur
409 3726 608 3786 subtractione
629 3724 726 3785 lineae
750 3723 874 3784 effabilis
897 3724 936 3782 ab
957 3721 1068 3783 effabili
1090 3722 1216 3799 liconii)

335 3909 583 3978 *tirannorum
605 3910 693 3965 indice
718 3909 753 3963 ael
770 3910 921 3979 praemissa
938 3907 1007 3964 baec
1030 3915 1144 3964 annotat
1164 3907 1312 3979 Keplerns:
1335 3910 1435 3968 Tacina
1458 3929 1492 3967 sc
1509 3913 1584 3971 drea

247 4007 341 4048 tomos
357 3995 509 4060 temporum
524 3988 630 4044 aaron
646 3989 783 4056 οοῑῑιιιιιι,
806 3995 838 4044 at
854 4006 912 4045 nos
928 3990 999 4045 ιιιιι
1015 3995 1080 4059 apte
1096 3992 1272 4060 compositus,
1292 3991 1343 4047 stoi
1358 4007 1424 4047 ona
1440 3991 1534 4045 omnio
1541 3993 1585 4048 io-

250 4070 305 4137 bct,
329 4067 521 4124 obsmoitoisos
538 4071 631 4121 tomen
648 4081 682 4121 ca
699 4068 859 4135 sensnmonc
876 4068 1130 4138 daemomonum
1152 4075 1177 4123 ct
1198 4072 1359 4140 repetitions
1376 4070 1586 4141 propositionm

249 4148 397 4206 mattarii.
416 4145 611 4216 ,ριαιιιίοιιιι
628 4145 774 4215 datianus
790 4154 855 4202 sant
871 4147 954 4202 ictua-
970 4145 992 4200 l.
1008 4146 1060 4201 An*
1071 4148 1264 4203 consonantiae
1276 4147 1396 4203 habeant
1407 4152 1509 4217 partes,
1527 4165 1585 4215 qne

153 4262 158 4272 -
248 4229 325 4298 ipsae
343 4240 451 4296 quoque
468 4223 523 4280 sint
540 4224 734 4280 consonantiae
755 4225 798 4280 rcl
817 4223 913 4279 saltem
940 4225 1073 4279 concinna
1089 4225 1251 4280 intervailsi
1286 4226 1439 4296 Rsaporras'o
1461 4233 1501 4282 cst
1517 4227 1586 4288 lsuc:

249 4309 277 4364 in
295 4303 478 4364 consonantiis
497 4318 557 4358 esse
576 4303 703 4359 distincta
720 4302 780 4372 ista,
800 4303 887 4372 primo
906 4303 1119 4373 proportionem,
1137 4319 1193 4358 rem
1203 4306 1401 4373 geometricam,
1420 4305 1517 4361 deinde
1535 4323 1584 4375 pn·

199 4396 204 4403 ’
249 4385 381 4456 portionis
399 4383 564 4455 qualitatem,
583 4382 786 4439 consonantiam
803 4381 904 4451 ipsam,
926 4381 1105 4450 inquantum
1129 4381 1212 4452 igitur
1233 4390 1297 4439 sunt
1318 4384 1525 4455 proportiones,
1551 4402 1583 4441 ι)

250 4463 310 4519 cecil
327 4456 408 4519 unam
427 4462 462 4519 ab
480 4461 541 4532 alis,
560 4462 691 4518 minorem
715 4464 749 4517 ab
767 4460 873 4529 minori,
896 4469 923 4514 et
947 4460 987 4515 sic
1004 4475 1084 4514 unam
1107 4458 1217 4516 utemur
1242 4466 1348 4531 partem
1369 4477 1430 4517 esse
1448 4478 1545 4533 pusse3
1570 4466 1582 4521 i

252 4548 382 4613 quantum
399 4557 463 4596 rere
481 4540 618 4610 quaclsstet
633 4539 740 4597 illarum
758 4538 917 4608 qualitatem
935 4537 1126 4594 consonantiae
1149 4542 1255 4611 accepit
1276 4540 1398 4611 afigura
1415 4557 1466 4597 sua
1487 4542 1584 4599 demon

253 4620 366 4685 atrabili,
381 4618 438 4679 'non
456 4618 580 4675 accidere
597 4620 663 4689 ipsis
681 4616 910 4689 compositionem.
947 4619 1115 4685 Argumenta
1137 4627 1201 4673 sunt
1222 4619 1287 4674 ista:
1313 4621 1339 4674 1.
1358 4619 1469 4689 Species
1487 4628 1519 4676 ut
1535 4639 1586 4692 spo

254 4699 309 4755 cios
326 4697 495 4754 mdinsibilis
512 4705 541 4754 ot
557 4713 613 4754 una
631 4705 681 4756 eat
716 4699 741 4755 2.
760 4695 881 4766 Speciem
900 4694 1042 4751 constituit
1059 4712 1142 4753 causa
1159 4714 1223 4769 sua3
1241 4707 1270 4753 at
1287 4714 1386 4754 causae
1403 4700 1475 4756 inter
1485 4716 1515 4756 so
1533 4718 1592 4758 snm

255 4775 398 4832 distinctae
415 4775 581 4847 singularam
599 4777 866 4844 concordantiamm3
889 4775 973 4845 igitur
994 4781 1022 4830 ιι
1039 4776 1116 4844 ipseo
1139 4775 1348 4832 concordantiae
1372 4786 1468 4833 contra
1485 4795 1516 4835 so
1534 4788 1596 4837 suni

255 4853 398 4914 muscas
414 4854 518 4931 specie,
535 4870 587 4910 nec
604 4863 695 4926 potest
713 4854 824 4914 dissolu
841 4870 910 4926 una,
934 4861 965 4912 nt
981 4853 1075 4925 major,
1093 4853 1120 4912 in
1139 4853 1206 4911 alios
1225 4870 1291 4919 suae
1308 4856 1423 4927 speciei,
1448 4863 1479 4912 ut
1495 4866 1595 4933 partos,
