3567 5625
294 435 358 496 ese
687 417 694 434 “
807 431 1124 494 aucentesimum

290 607 399 701 quidem
416 606 531 676 partiam
550 605 644 663 circuli
668 623 719 678 per.
735 606 837 706 tigpraa
855 608 1019 678 geometrice
1037 608 1130 678 dirisi,
1154 607 1236 664 animi
1254 621 1318 662 rere
1341 613 1406 661 sunt
1430 622 1484 661 non
1507 606 1574 661 nudi
1593 624 1641 663 nu·

288 688 368 754 meri,
394 686 443 742 sed
461 685 554 740 circuli
572 686 681 755 qnidam
698 679 877 757 poten'tiales,
900 689 984 758 idque
1002 689 1167 758 formaliter,
1191 703 1241 743 seu
1262 686 1354 756 potius
1374 685 1506 756 imagines
1525 685 1590 755 Dei,
1614 685 1671 740 in

289 782 343 835 quo
361 764 457 822 circuli
471 764 536 819 idea
553 770 671 821 aeterna
707 767 776 822 Vide
795 767 842 824 lib
860 769 907 824 IV
924 784 983 838 cap.
1001 770 1027 825 8.

823 1061 966 1134 CAPUT
993 1052 1108 1132 thil

350 1224 398 1281 De
421 1224 651 1282 similitudine
675 1229 823 1299 perfecti
846 1226 1044 1299 systematis
1057 1230 1094 1293 11)
1115 1243 1187 1282 cnm
1209 1226 1422 1297 circuloper
1443 1225 1583 1280 medium

877 1330 1054 1383 signorum.

386 1476 616 1538 familiaritates
645 1480 733 1556 igitur
763 1480 929 1538 animorum
956 1476 1149 1538 humanorum
1177 1495 1243 1539 cum
1271 1477 1449 1549 ,harmonicis
1485 1496 1538 1555 per
1568 1478 1640 1539 hac-

289 1570 374 1623 tenns
398 1564 475 1623 dieta
498 1566 584 1624 nobis
607 1568 644 1626 ob
668 1566 772 1626 oculos
792 1569 909 1643 positae
931 1563 1087 1643 sontem),
1117 1568 1253 1632 inventae
1283 1573 1351 1625 sunt
1373 1568 1469 1640 enlm,
1499 1575 1532 1625 ut
1557 1584 1639 1626 com-

290 1650 396 1728 pendio
419 1653 597 1731 complectar
620 1657 725 1728 omnia,
751 1652 998 1714 identiaonantiae
1021 1661 1051 1712 et
1065 1657 1275 1713 consonantiae
1290 1670 1342 1730 per
1355 1655 1509 1730 primarias
1524 1657 1639 1713 animae

256 1775 262 1796 ι
290 1746 387 1816 partes
411 1738 596 1816 distributae,
621 1742 732 1801 formae
754 1758 822 1800 vero
847 1749 987 1800 cantuum
1009 1758 1061 1818 per
1083 1742 1190 1800 formas
1207 1742 1347 1800 virtutum
1357 1737 1414 1820 W),
1438 1744 1480 1800 sie
1503 1740 1641 1801 differen-

192 1891 194 1894 ,
291 1829 350 1886 tiae
374 1829 451 1887 cirea
473 1828 722 1889 tetrachordorum
745 1845 853 1905 genera
875 1830 1033 1903 generibus
1056 1832 1195 1888 virtutum
1219 1828 1360 1905 dignitate
1387 1837 1416 1888 et
1437 1829 1638 1904 magnitudine

290 1913 488 1974 differentibus
499 1912 548 1990 V),
570 1924 610 1994 ,et
631 1917 837 1976 translationes
869 1915 906 1975 dc
930 1924 1000 1976 tono
1029 1918 1057 1973 iu
1088 1925 1189 1975 tonum
1223 1917 1433 1976 mutationibus
1465 1934 1577 1975 morum
1610 1920 1638 1975 in

290 2004 507 2063 occurrentibus
541 2005 620 2063 vitae
649 2006 874 2064 circumstantiis
906 2010 974 2062 sunt
1005 2011 1201 2080 comparatae.
1251 2004 1370 2075 Restat,
1400 2012 1432 2061 ut
1461 2002 1518 2070 hoc
1548 2007 1638 2064 etiarn

290 2089 505 2163 confirmemus,
520 2091 706 2174 ,coelestium
728 2093 947 2169 suppositiones
976 2092 1013 2151 ad
1040 2094 1243 2169 proportiones
1266 2091 1450 2151 harmonicas
1479 2109 1544 2151 esse
1567 2110 1639 2152 con-

289 2174 489 2253 formamaw).
534 2175 592 2239 Ubi
615 2182 732 2255 gemina
757 2182 805 2237 via
829 2177 1006 2252 incedamus,
1030 2197 1089 2238 una
1104 2180 1258 2252 communi,
1282 2179 1318 2240 de
1333 2179 1468 2239 omnihus
1483 2187 1535 2237 aut
1550 2198 1639 2256 quam

289 2264 439 2342 plurimis3
463 2265 555 2325 altera
577 2266 733 2342 singulari,
758 2266 793 2326 de
817 2265 941 2342 singulis
964 2283 1080 2338 eornm,
1109 2285 1186 2343 quae
1208 2266 1406 2343 particulatim
1428 2267 1640 2343 comprehensa

290 2348 434 2431 suutVfl).
479 2352 609 2414 Priorem
640 2361 668 2413 et
691 2369 874 2414 communem
897 2355 965 2412 hine
988 2353 1148 2428 ordiemur,
1179 2353 1258 2431 quod
1281 2356 1357 2413 enim
1388 2355 1470 2412 initio
1494 2354 1639 2430 videmus,

289 2440 354 2522 sola
381 2439 561 2501 intervallari
589 2444 718 2501 motione
748 2450 777 2502 et
805 2457 894 2501 sonos
925 2444 1093 2518 pertransiri
1115 2441 1291 2517 absolrique
1322 2449 1351 2502 et
1380 2440 1513 2500 similiter
1541 2451 1638 2502 motus

289 2527 431 2589 coelestes
454 2526 573 2603 locales,
596 2530 639 2589 slc
661 2539 694 2588 ut
716 2529 829 2588 nullam
851 2528 903 2587 illa
925 2527 1110 2588 alterativam
1133 2532 1323 2589 mutationem
1338 2529 1520 2590 substantiae
1539 2548 1638 2589 secum

288 2615 395 2687 trahat,
419 2633 455 2676 ea
477 2618 546 2693 ipsa
568 2634 599 2677 re
623 2618 767 2676 evincitur
789 2615 1005 2692 quodammodo
1028 2618 1210 2693 propositum
1218 2613 1294 2690 v¹1¹).

377 2702 509 2763 Alterum
532 2702 736 2780 argumentum
759 2704 816 2763 hee
839 2711 892 2777 est,
916 2703 994 2778 quod
1018 2712 1047 2763 et
1070 2704 1240 2764 coelestium
1265 2721 1417 2781 corporum
1439 2702 1639 2764 revolutiones

290 2807 390 2850 omnes
414 2789 568 2851 circulares
591 2799 660 2851 eunt
681 2799 711 2852 et
733 2791 885 2851 ordinatae
908 2790 1124 2868 regularesque,
1148 2799 1179 2852 et
1199 2800 1391 2872 systematum
1405 2791 1640 2853 harmonicorum

290 2877 492 2938 absolutiones
521 2879 843 2957 redintegrationesque
874 2879 1007 2939 similiter
1029 2876 1198 2959 habentss).
1244 2880 1319 2939 Nam
1347 2883 1400 2940 etsi
1428 2884 1562 2941 extensio
1590 2898 1639 2938 or·

290 2965 460 3042 dinatioque
483 2982 621 3027 sonorum
643 2969 674 3025 in
697 2976 778 3027 recta
800 2968 879 3026 linea
904 2967 995 3026 veluti
1018 2967 1174 3028 succedere
1196 2966 1313 3027 ridetur
1327 2964 1374 3047 X),
1406 2977 1437 3027 at
1458 2969 1587 3028 facultas
1611 2977 1641 3029 et

289 3052 367 3131 quod
390 3055 455 3113 soni
479 3061 556 3113 certo
579 3054 667 3115 modo
689 3062 759 3113 sunt
786 3058 861 3114 inter
883 3073 915 3114 so
938 3058 1097 3131 comparati
1122 3051 1188 3136 (qui
1211 3054 1316 3115 modus
1345 3057 1475 3132 ipsorum
1505 3060 1641 3134 proprius

290 3144 350 3219 est)
373 3139 579 3201 determinatur
601 3153 631 3203 et
653 3143 859 3219 constringitur
887 3144 917 3199 in
940 3159 1030 3200 unum
1053 3142 1236 3219 eundemque
1260 3144 1412 3203 circuitum
1443 3141 1480 3201 ad
1505 3161 1638 3203 normam

265 3231 427 3307 ,motionis
450 3228 664 3309 circularia1¹);
695 3231 757 3289 acsi
779 3248 816 3290 ne
846 3232 891 3288 sui
921 3229 1039 3305 quidam
1061 3232 1234 3307 principium
1266 3228 1386 3307 aliquod
1409 3239 1514 3290 natura
1545 3231 1641 3305 detur,

289 3316 341 3376 sed
364 3319 509 3392 positione
532 3318 626 3377 solum
649 3323 815 3378 assumatur
836 3317 913 3377 alias
935 3316 1031 3391 aliud,
1062 3318 1093 3374 in
1116 3317 1197 3378 locos
1226 3318 1326 3378 ordine
1356 3317 1547 3378 succedentes
1570 3337 1642 3396 pro-

289 3406 441 3481 gressuris.
487 3405 556 3465 Sive
587 3422 656 3483 ergo
689 3407 756 3481 quis
787 3405 927 3465 circulum
957 3407 1106 3481 signorum
1136 3406 1240 3465 mentis
1268 3408 1476 3481 imaginatione
1506 3414 1588 3467 secet
1612 3409 1642 3465 in

289 3491 428 3551 alterutro
450 3502 624 3568 punctorum
655 3493 915 3568 aequinoctialium
942 3499 972 3552 et
993 3491 1087 3552 veluti
1109 3492 1286 3569 explicatum
1317 3495 1406 3568 inque
1433 3494 1556 3569 longum
1587 3512 1641 3553 er·

291 3591 404 3640 tensum
428 3581 556 3658 applicet
578 3581 731 3658 systemati
755 3581 883 3656 perfecto
907 3579 1095 3656 disdiapason
1124 3580 1285 3640 secundum
1308 3579 1448 3656 aequales
1474 3581 1643 3657 longitudi-

289 3685 357 3741 nes,
380 3678 520 3745 puuctum
542 3669 667 3729 alterum
689 3667 923 3753 aequinoctiale,
952 3669 981 3724 in
1005 3684 1063 3742 quo
1087 3671 1178 3727 sectio
1206 3685 1263 3726 non
1288 3677 1333 3726 est
1355 3669 1449 3740 iacta,
1478 3668 1587 3728 incidet
1612 3671 1642 3727 in

291 3771 405 3827 mesen3
436 3764 465 3814 at
494 3757 594 3817 circuli
623 3758 693 3816 secti
718 3759 858 3815 terminus
888 3755 968 3814 alter,
984 3755 1014 3813 in
1033 3754 1363 3831 proslambanomenon,
1392 3755 1465 3814 alter
1493 3757 1521 3813 in
1550 3766 1642 3817 neten

289 3842 525 3918 hyperbolaeon,
552 3846 616 3902 sire
638 3861 654 3902 e
679 3846 824 3902 contrario
852 3849 981 3920 systema
1004 3840 1192 3918 disdiapason
1223 3844 1253 3901 in
1274 3842 1414 3902 circulum
1444 3851 1643 3921 contorqueas

292 3936 448 4005 potestate,
473 3938 504 3990 et
525 3932 669 4007 coaptatis
692 3931 820 3991 invicem
843 3936 911 3989 nete
933 3929 1150 4005 hyperbolaeon
1175 3936 1205 3991 et
1225 3929 1540 4008 proslambanomenon
1565 3931 1644 3991 dnos

290 4019 403 4075 sonitus
419 4017 448 4074 in
463 4034 553 4076 noum
567 4018 724 4094 redegeris,
748 4020 818 4078 unio
842 4018 916 4076 haec
938 4016 1146 4076 diametraliter
1161 4017 1278 4094 quidem
1293 4025 1457 4094 opponetur
1476 4020 1533 4094 ipsi
1549 4018 1643 4093 mese,

290 4120 383 4164 naxus
405 4103 460 4163 iste
489 4108 543 4165 erit
566 4122 636 4164 vero
660 4104 697 4163 ad
721 4106 817 4182 ipsam
844 4103 1024 4164 concordans
1054 4106 1084 4161 in
1106 4104 1270 4165 identisono
1295 4101 1514 4187 dispeream).
1561 4106 1644 4182 Quin

171 4210 177 4229 ·
291 4192 379 4252 etiam
400 4190 457 4250 hac
479 4194 529 4251 ria
550 4191 746 4269 probabilitas
768 4194 857 4269 hujus
880 4193 1107 4268 comparationis
1129 4194 1285 4266 stabilitur,
1308 4192 1388 4268 quod
1410 4211 1469 4252 non
1491 4194 1646 4254 absimilia

291 4281 464 4354 contingant
486 4281 665 4357 oppositioni
690 4279 855 4343 diametrali
878 4282 907 4337 in
931 4278 1038 4339 circulo
1062 4281 1111 4354 iis,
1143 4298 1218 4357 quae
1241 4282 1318 4340 circa
1339 4279 1480 4359 diapason
1507 4283 1646 4343 accidere

290 4364 642 4441 demonsaavimusffl).
687 4366 763 4427 Nam
791 4372 821 4427 in
846 4370 1030 4444 oppositione
1061 4367 1315 4444 comprehenditur
1342 4370 1418 4428 ratio
1445 4367 1537 4445 dupla
1567 4373 1648 4430 inter

289 4462 384 4514 totum
414 4453 552 4513 circulum
584 4463 614 4514 et
645 4456 858 4516 semicirculum
868 4452 948 4531 XW),
987 4454 1202 4532 plurimumque
1234 4455 1421 4529 aequalitatis
1453 4473 1523 4532 prae
1559 4466 1648 4520 cete·

289 4537 409 4616 risXV),
443 4552 472 4601 et
502 4541 581 4618 quod
618 4559 669 4619 per
699 4553 828 4603 eentum
860 4542 959 4601 circuli
989 4558 1048 4599 uua
1070 4542 1135 4602 sols
1163 4542 1304 4603 diameter
1331 4545 1495 4603 necessario
1519 4546 1646 4618 incedit,

291 4646 370 4707 quae
392 4630 486 4707 prima
508 4647 599 4690 eausa
620 4638 665 4689 est
687 4632 875 4708 aequalitatis
899 4624 1098 4705 figuracffl),
1122 4631 1259 4708 quodque
1282 4648 1357 4707 quae
1380 4630 1465 4691 aliter
1479 4629 1648 4693 traducun-

290 4725 353 4791 tur,
382 4717 436 4777 atsi
460 4717 721 4778 circumferentiam
750 4726 841 4779 totam
870 4719 901 4773 in
923 4724 1110 4792 quotcunque
1136 4727 1247 4795 partes·
1264 4717 1579 4794 aequalesdiridaot,
1615 4728 1649 4781 at

290 4821 348 4863 non
378 4805 421 4864 sic
443 4812 474 4864 et
495 4813 589 4865 totum
620 4804 757 4881 planum,
791 4806 932 4865 diameter
961 4819 1031 4862 raro
1060 4812 1090 4864 at
1111 4807 1371 4866 circumferentiam
1403 4814 1433 4866 et
1453 4806 1576 4884 planum
1602 4811 1649 4868 si-

290 4890 396 4951 militer
403 4889 493 4974 XW).
538 4892 617 4952 Hine
638 4902 692 4970 est,
715 4894 795 4971 quod
818 4892 1064 4970 configurationes
1078 4899 1222 4954 astrorum
1236 4893 1350 4955 zodiaci
1364 4893 1550 4955 emenda
1566 4897 1649 4959 inter
