3567 5625
780 426 922 500 Apologia
1455 421 1516 483 lli

179 603 254 667 allas
275 611 409 685 spectant
430 610 585 684 materias3
607 615 639 668 et
660 609 820 670 membrum
842 608 1079 687 annuarum,
1102 619 1162 683 qno
1176 601 1213 664 de
1235 618 1314 663 nnus
1327 602 1453 677 egimus,
1475 603 1521 659 est

175 691 212 753 de
236 704 302 753 ortu
324 694 539 755 harmoniarum
566 697 597 754 in
626 698 741 774 speeie3
771 696 820 756 lrlo
841 695 919 756 idern
947 694 997 755 ille
1019 711 1092 770 ego,
1122 693 1173 770 qul
1195 690 1270 752 alias
1290 695 1405 750 veteres
1433 687 1521 747 toties

176 781 283 855 imitor,
306 799 384 843 nunc
406 783 525 843 eosdem
547 799 663 861 respuo,
685 800 779 845 rernm
800 791 936 843 nntnrnm
957 781 1088 843 cornulo.
1135 777 1222 840 Nulla
1244 777 1293 838 hlo
1320 777 1521 837 anermnsnn

121 869 124 884 ’
173 885 315 928 meorum
335 872 550 930 inconstantia

263 954 363 1016 naon
384 963 419 1017 ta
445 958 566 1018 Boeotii
587 954 795 1035 Gnidonieqae
815 959 976 1017 rmmtim
1001 958 1085 1033 mpori
1106 969 1200 1031 qaam
1230 967 1330 1023 mear,
1366 952 1421 1026 qni
1446 963 1521 1008 oera

173 1043 300 1102 eeierrtia
321 1045 426 1103 maltis
446 1044 591 1121 madibus
617 1047 655 1104 iis
674 1061 743 1104 ram
765 1044 1010 1121 postponendae?
1051 1043 1276 1102 damantionem
1301 1038 1409 1111 hahes,
1443 1052 1544 1111 qua-.

175 1137 262 1189 tenus
284 1130 486 1208 speculatione
519 1134 638 1209 insuper
659 1130 761 1192 hahita
782 1131 878 1192 tendis
901 1130 939 1191 ad
960 1132 1079 1209 praxiuq
1104 1126 1273 1206 hujusmodl
1294 1127 1371 1186 enim
1393 1124 1521 1184 mutanti

172 1224 241 1275 snnt
264 1220 438 1278 auctoritate
460 1218 599 1297 lemoque
620 1220 802 1296 scriptorum.
849 1218 924 1278 itini
952 1233 1056 1279 censes
1078 1216 1256 1278 examinanti
1285 1213 1415 1291 legitime
1435 1208 1520 1270 nulla

172 1302 306 1363 sufficere
327 1311 425 1382 potest
446 1307 613 1379 auotoritas,
635 1308 805 1383 praesertim
827 1308 854 1366 sl
876 1306 981 1366 famosi
1003 1303 1162 1382 sorlptored
1180 1306 1209 1363 in
1232 1318 1327 1362 errore
1342 1300 1443 1375 aliquo
1466 1295 1520 1356 ded

172 1381 399 1467 prehendantur.
446 1393 492 1452 An
514 1399 546 1453 tn
576 1410 753 1472 quemquem
775 1395 925 1454 existimas
947 1410 984 1455 eo
1006 1398 1176 1472 proveetum
1204 1390 1327 1450 scientia
1354 1383 1519 1462 multiplici,

173 1485 204 1537 ut
233 1481 262 1536 in
293 1478 375 1539 nulle
397 1497 428 1541 re
450 1479 548 1541 erreti
592 1480 638 1539 An
660 1481 860 1560 impossihile,
889 1489 922 1541 ιιι
944 1480 1023 1559 qnod
1051 1479 1100 1540 rel
1124 1476 1297 1538 Aristoteles
1325 1475 1373 1535 rel
1396 1472 1520 1534 Hermes

173 1575 240 1624 tuus
262 1567 306 1626 eie
327 1569 445 1638 errarit,
467 1566 497 1626 id
520 1566 621 1628 rideat
643 1567 850 1645 discipulorum
873 1568 974 1629 nnus?
1018 1566 1134 1644 Quibus
1153 1567 1276 1643 positis,
1303 1579 1361 1623 non
1384 1558 1521 1638 equidem

173 1652 321 1712 effecerint
344 1663 459 1714 centnm
481 1654 574 1715 millia
597 1671 730 1716 verorum
753 1655 941 1733 dogmatum,
967 1657 997 1715 in
1019 1655 1161 1732 sapientia
1184 1653 1281 1712 animo
1305 1653 1520 1728 impressorum,

173 1747 206 1798 nt
229 1756 308 1800 error
329 1757 406 1800 unns
428 1744 619 1819 interspereus
641 1759 699 1803 non
720 1745 760 1803 slt
781 1759 867 1803 error.
1513 1757 1518 1770 ·

259 1826 295 1886 st
310 1826 468 1905 Keplernr,
491 1820 596 1906 inquis,
620 1837 753 1890 veterum
764 1829 1009 1908 promerditatem
1023 1831 1058 1888 r‘n
1070 1836 1188 1889 natura
1201 1826 1399 1898 memoriosae
1421 1828 1521 1882 ormo·

171 1917 311 1974 nomiam
331 1932 422 1975 anam
442 1917 572 1994 salem,
595 1917 791 1977 harmoniam
812 1918 1033 1993 imaqinoriom
1055 1917 1247 1978 endmnuret.
1294 1913 1334 1972 nt
1354 1911 1427 1984 hoc,
1457 1907 1521 1968 lio·
1599 1913 1601 1918 ’

173 2000 269 2074 berte,
303 2018 362 2060 non
394 2010 439 2062 est
469 2003 605 2064 refutare.
649 2004 732 2080 Nego
762 2006 936 2065 sententiam
969 2019 1034 2064 meo
1067 2003 1242 2077 conditionis
1275 2000 1390 2078 positae
1422 2013 1519 2057 renen.

174 2087 375 2166 Pythagoram
398 2091 475 2149 enim
498 2101 529 2150 et
545 2089 699 2151 Boethium
716 2092 793 2152 elren
806 2091 925 2168 quidem
947 2093 1142 2152 astronomica
1163 2097 1193 2151 et
1214 2089 1384 2150 harmoniae
1404 2087 1468 2146 eine
1489 2091 1520 2143 te

173 2176 331 2255 interprete
361 2175 502 2253 intelligo.
548 2179 589 2237 Αι
618 2189 669 2238 tuo
698 2195 786 2238 sensu
816 2179 940 2240 sortasse
970 2195 1068 2238 rernm
1092 2186 1150 2254 est,
1181 2177 1337 2255 arpennis
1366 2171 1425 2232 illis
1450 2178 1520 2230 tuae

174 2264 396 2339 imaginationis
427 2266 585 2324 instructus
613 2283 725 2341 essem,
755 2266 879 2327 iortasm
908 2265 1119 2327 transvolarem
1150 2266 1263 2326 emela
1292 2259 1520 2325 correctionibus

174 2349 211 2408 nd
234 2345 362 2429 reteres,‘
384 2353 455 2426 quin
478 2354 536 2411 imo
559 2351 608 2413 rei
631 2370 697 2413 enm
718 2352 845 2414 Platone
866 2355 1044 2429 insonnem,

469 2433 626 2517 Ἥφαιστε,
649 2436 769 2518 προμολ’
794 2435 870 2503 ὦδε·
892 2443 1049 2521 Κιπληρος
1069 2461 1130 2502 osso
1152 2434 1269 2519 χιιιιζιι.

181 2523 283 2583 Variis
304 2541 468 2599 eorpornm
489 2528 661 2586 ιιιιιιιιιιιιι
680 2530 897 2589 consonantias
916 2528 1050 2589 &versas
1070 2529 1226 2604 macerari
1247 2540 1343 2602 enque
1363 2522 1425 2582 teris
1445 2523 1520 2579 ιιιιι·

173 2627 240 2669 earn
270 2611 380 2670 mandi
405 2613 601 2674 lamoniam
627 2618 803 2692 procreari3
835 2624 866 2676 et
893 2616 968 2677 inira
994 2633 1062 2693 pag.
1089 2617 1137 2675 lh.
1161 2613 1212 2673 lln.
1236 2615 1293 2674 ‘liz
1323 2609 1520 2669 harmoniam
1592 2607 1596 2614 ’

135 2723 141 2748 ι
173 2699 348 2758 naturalem
376 2716 435 2758 erre
460 2703 540 2760 inter
568 2704 699 2762 actiones
721 2702 879 2764 benevolae
900 2711 929 2763 et
945 2706 1101 2780 passiones
1125 2702 1198 2763 hano
1218 2700 1375 2778 dispositas
1395 2697 1521 2755 anenno

175 2781 354 2845 mandanae
374 2804 445 2847 nrm
466 2789 531 2862 σιίιι
551 2788 722 2849 substantia
745 2791 915 2867 materioli3
945 2790 1034 2859 hoen,
1058 2792 1193 2867 inquam,
1221 2806 1289 2867 pars
1312 2793 1357 2848 est
1379 2782 1520 2844 orationis

174 2882 251 2945 tune,
274 2889 343 2949 para
365 2876 634 2952 aequivocationis,
660 2877 724 2953 jam
745 2893 834 2956 snpra
855 2887 961 2938 tactae
1006 2878 1079 2938 ldihi
1110 2877 1301 2939 consonantia
1329 2876 1359 2931 in
1381 2886 1519 2931 sonorum
1603 2932 1606 2939 ,

174 2962 315 3019 mixtione
338 2971 399 3034 est,
430 2980 505 3038 qnos
532 2962 610 3023 elicit
633 2980 785 3043 corporum
808 2965 976 3041 oonhmtuaq
1007 2965 1194 3026 harmonicae
1215 2963 1417 3044 proportiones
1446 2959 1520 3016 inter

174 3048 355 3123 quantitates
376 3059 460 3123 sunt,
488 3057 619 3109 motuum
641 3054 827 3127 praesertim,
858 3069 916 3113 non
946 3055 1021 3113 inter
1043 3055 1107 3131 ipsa
1129 3069 1268 3132 corpora,
1300 3065 1355 3109 nee
1375 3049 1451 3106 inter
1471 3061 1520 3104 re·

173 3136 333 3195 sistentlae.
380 3135 540 3212 loquimur
561 3138 703 3198 arbitratu
725 3141 850 3215 quisque
872 3157 937 3215 sno,
961 3157 1015 3202 noe
1036 3140 1092 3201 hoo
1114 3139 1288 3203 diverticulo
1303 3132 1520 3197 adeonflietum

175 3224 300 3283 invicem
322 3223 487 3283 obviamus.

261 3307 293 3369 Si
316 3309 518 3370 condemnare
539 3320 594 3384 est,
617 3309 747 3372 refellere
769 3328 858 3371 unum
880 3312 910 3369 in
934 3312 1109 3374 harmonicis
1132 3330 1257 3374 errorem
1278 3308 1323 3392 (ιιι
1344 3309 1382 3369 de
1404 3306 1520 3367 duobus

101 3446 107 3455 .
176 3396 252 3454 tonis
273 3397 434 3471 mejorlhns
456 3414 572 3476 semper
594 3415 626 3457 se
648 3401 772 3459 iurioem
797 3401 1016 3475 insequentibus
1038 3407 1069 3461 et
1089 3397 1221 3482 similia),
1251 3415 1319 3475 age,
1342 3395 1380 3457 ad
1403 3403 1433 3456 te
1455 3400 1519 3454 esto

176 3485 362 3558 provocatio,
393 3492 426 3544 ιιι
448 3486 547 3545 revide
570 3494 651 3560 eote,
673 3503 754 3546 meas
775 3488 904 3547 rationes
926 3488 1042 3561 retello,
1074 3504 1151 3564 pone
1173 3495 1204 3549 et
1225 3481 1355 3564 ipsorum
1378 3481 1470 3543 verbe
1491 3489 1521 3540 et

175 3576 254 3627 tuern
278 3571 365 3645 juxte
395 3571 548 3631 verborum
579 3573 862 3649 interpretationem
893 3572 940 3633 dio
968 3575 1019 3635 uhi
1047 3592 1102 3651 ego
1130 3592 1177 3636 me
1199 3577 1295 3651 ipsum
1322 3568 1519 3647 oonftmdomr

175 3656 324 3717 deteriora
346 3659 471 3743 eligam,
500 3676 633 3718 cenarem
654 3660 807 3720 meliora?
848 3659 915 3719 Iino
945 3663 1022 3721 euim
1051 3664 1076 3719 ai
1100 3671 1129 3721 et
1151 3662 1258 3723 disens
1287 3667 1318 3721 et
1339 3657 1521 3718 demonstra·

176 3745 266 3815 reris,
288 3761 346 3803 non
369 3764 416 3806 me
440 3754 551 3806 tautum
573 3745 626 3806 sed
648 3754 679 3805 et
699 3746 838 3807 lectorem
865 3748 996 3824 jurabis.
1040 3747 1118 3808 Nihil
1148 3751 1214 3827 agis
1243 3744 1407 3821 oolligeodo
1429 3742 1520 3815 loona,

176 3831 224 3889 uhi
248 3833 404 3907 scriptores
425 3834 533 3907 reluto,
567 3835 623 3893 nisi
645 3835 735 3893 etiam
757 3843 786 3893 tu
810 3833 967 3906 delendus,
995 3854 1073 3913 qnae
1099 3855 1146 3897 me
1169 3844 1257 3915 putas
1286 3834 1364 3894 mele
1385 3831 1520 3892 relatore.

175 3918 249 3978 llieo
273 3935 328 3993 ego
351 3927 485 3980 auctores
517 3924 596 3999 ipsos
619 3919 689 3979 mihi
713 3937 920 3997 concessuros,
952 3924 977 3983 si
999 3932 1169 4002 praesentes
1199 3922 1304 3985 adsint
1348 3920 1522 3997 lmmrtuna

175 4004 318 4066 hocloco
351 4015 396 4065 est
416 4014 468 4067 tna
490 4010 535 4068 ris
557 4007 743 4086 eloquentiae
766 4008 816 4068 lol.
844 4010 900 4083 15,
930 4028 987 4072 non
1011 4013 1040 4070 in
1063 4029 1110 4072 mo
1140 4012 1236 4072 solum
1259 4008 1382 4081 directa,
1413 4003 1465 4066 aad
1491 4005 1519 4062 ln

176 4092 244 4152 illos
267 4096 349 4170 ipsos
371 4096 460 4154 etiam
483 4095 590 4154 vibrari
613 4103 722 4174 potest,
745 4114 819 4172 quoa
842 4107 873 4157 ιιι
896 4096 934 4157 ad
957 4100 1085 4176 speeiem
1107 4112 1289 4178 propugnas,
1311 4095 1468 4174 praecipue
1491 4092 1520 4149 in

174 4180 376 4255 Aristotelem,
406 4183 456 4258 qui
487 4178 637 4241 dimidiam
666 4191 778 4260 partem
807 4186 903 4262 operis
930 4188 977 4245 ani
1005 4189 1150 4247 consumit
1179 4183 1339 4247 relutaodis
1360 4179 1519 4242 veteribus.

174 4267 206 4325 ln
226 4267 423 4344 iactabundus
450 4270 493 4330 aio
515 4270 663 4330 inveharis
686 4279 738 4330 eut
759 4272 788 4329 in
812 4274 920 4346 rietes,
942 4290 1002 4334 non
1024 4275 1054 4332 in
1076 4272 1220 4335 luctantes
1243 4280 1273 4332 et
1294 4277 1468 4349 pugnantes.

264 4354 389 4430 Qualem
411 4365 440 4416 te
463 4373 533 4418 vero
555 4366 749 4434 correptorem
771 4358 901 4419 invidiae
923 4368 1071 4438 praestas,
1098 4360 1166 4421 dnm
1189 4361 1305 4438 quoties
1320 4374 1376 4434 ego
1400 4354 1520 4415 verbnm

177 4442 213 4502 de
235 4446 308 4502 meia
331 4445 472 4504 institutis
494 4443 668 4504 discriminis
691 4444 837 4506 indicandi
860 4462 950 4508 censa
975 4447 1103 4525 protero,
1133 4450 1270 4508 continno
1292 4453 1323 4506 tn
1346 4443 1418 4504 mihi
1439 4441 1521 4519 phil·

175 4533 279 4589 antiae
295 4533 524 4607 jactantiaeque
546 4532 649 4609 alapas
670 4534 830 4610 impingis?
875 4534 940 4593 Non
965 4552 1064 4595 rersor
1086 4538 1115 4593 in
1130 4552 1242 4613 meane
1261 4533 1342 4611 operi
1357 4546 1422 4591 meo
1444 4545 1520 4605 pan·

175 4617 284 4692 gendo,
315 4616 367 4677 sod
391 4619 420 4675 in
443 4618 618 4695 explicando
640 4635 740 4698 scopo,
763 4636 850 4697 quem
878 4620 969 4681 hehel
991 4624 1190 4701 propositum,
1220 4629 1253 4682 nt
1274 4626 1417 4698 appareat
1438 4612 1520 4675 alind

176 4704 278 4765 abste
302 4707 484 4780 quaesitum,
514 4705 595 4765 allud
624 4723 726 4783 ame;
754 4725 824 4767 num
854 4710 909 4768 slrn
932 4717 1098 4784 maeonius,
1130 4708 1246 4771 lectoris
1277 4716 1340 4768 esto
1364 4704 1519 4782 judicium,

176 4794 346 4866 praesertim
367 4791 418 4851 uhi
441 4808 579 4853 censum
601 4800 667 4852 tuas
689 4808 765 4870 quae
784 4795 847 4872 jam
868 4804 1038 4872 sequuntur,
1061 4814 1200 4874 measque
1220 4795 1520 4858 norcomannorum

176 4896 207 4939 ae
228 4881 354 4940 inrioam
377 4881 516 4957 posuerit.
563 4877 603 4940 ln
624 4880 710 4955 libro,
733 4881 842 4959 loquis,
860 4886 966 4961 primo
983 4884 1063 4945 nihil
1083 4884 1126 4944 od
1146 4896 1251 4955 onaan
1268 4881 1380 4946 mmai
1393 4880 1520 4941 hanno·
