3567 5625
238 365 246 375 ’
272 394 335 461 ssa
681 390 723 447 ns
742 391 1006 463 consuranorum
1026 392 1205 451 mmomes.

192 634 199 651 ὓ
270 566 510 625 monstrationibus
527 565 749 629 universaliorum
766 576 796 623 et
813 568 1007 643 simpliciorum
1024 569 1192 640 specierum?
1227 568 1350 627 Dicimus
1376 567 1460 637 enim,
1487 567 1621 638 adquae

272 647 340 702 sitae
357 644 396 702 rei
413 645 646 715 investigationem
665 648 766 717 ubique
784 649 918 720 principia
934 659 962 705 ct
977 649 1180 722 propositiones
1200 664 1262 705 esse
1279 647 1555 705 demonstrationibus
1573 665 1622 705 sen
1701 653 1703 659 '

271 722 487 781 conclusionibus
510 733 648 796 comatus.
685 726 714 783 Si
737 728 819 798 igitur
840 730 991 801 singularia
1015 717 1225 797 animanlibus,
1251 727 1275 783 si
1297 727 1407 783 sensilia
1429 726 1621 782 ratiocinativis

272 810 336 859 sunt
354 820 463 874 causae,
483 807 619 877 quomodo
636 807 694 863 iieri
711 816 816 880 potest,
841 817 872 865 ut
889 809 1127 866 demonstrationis
1145 807 1277 862 terminus
1294 806 1328 861 ad
1346 806 1432 877 magis
1449 805 1621 875 universalia,

271 898 325 939 uon
343 884 377 939 ad
395 883 521 953 partialis
538 884 672 941 referatur
689 895 773 956 utque
789 884 1013 947 intellectualium
1032 906 1113 960 qnam
1125 887 1264 943 sensilium
1276 885 1422 941 essentiam
1438 884 1622 956 cognatiorem

234 970 238 979 “
271 960 545 1019 demonstrationibus
563 966 728 1033 probemus?
764 969 809 1025 Sic
834 970 904 1025 enirn
923 971 1087 1038 loquuntur:
1113 986 1167 1024 non
1193 968 1216 1021 si
1239 967 1301 1037 gnis
1324 966 1504 1034 demonstrat,
1530 964 1622 1033 seqni-

272 1058 379 1097 crnrum
404 1041 505 1096 habere
527 1043 641 1110 angulos
659 1043 766 1104 dnobus
783 1048 865 1105 rectis
882 1048 1025 1119 aequales,
1052 1049 1123 1104 idem
1147 1047 1359 1116 aequilaterum,
1384 1045 1456 1101 idem
1474 1044 1621 1109 aedanum,

272 1122 325 1177 hoc
341 1122 411 1176 scire
430 1130 472 1178 est
488 1121 651 1193 legitimum,
675 1125 725 1180 sed
742 1127 766 1182 is
781 1127 922 1183 scientiam
940 1127 1050 1197 proprie
1068 1126 1167 1182 dictam
1185 1124 1311 1193 habebit,
1330 1123 1377 1193 qni
1395 1123 1429 1179 de
1446 1124 1520 1178 omui
1538 1123 1621 1178 trian-

271 1191 336 1261 gulo
355 1192 513 1263 simpliciter
529 1194 583 1249 hoc
600 1193 834 1255 demonstraverit.
869 1200 951 1255 Item:
973 1197 1137 1254 universalia
1153 1195 1266 1252 nabore
1283 1210 1345 1252 csse
1362 1194 1398 1250 ad
1416 1193 1623 1252 demonstratio·

272 1286 342 1339 nem,
361 1287 442 1341 quam
459 1271 640 1343 particularia
677 1275 817 1347 implius:
836 1277 922 1345 magis
941 1269 1132 1331 universalium
1151 1290 1211 1330 esse
1229 1274 1485 1335 demonstrationes.
1509 1290 1544 1329 er
1562 1273 1624 1344 qui·

272 1351 324 1405 bus
341 1365 406 1403 vero
429 1358 555 1407 constant
572 1350 830 1421 demonstrationes,
859 1357 906 1412 illa
931 1358 1023 1428 priora
1041 1371 1101 1411 esse
1126 1361 1154 1409 et
1175 1360 1274 1410 natura
1296 1353 1459 1423 praecedere
1476 1352 1625 1422 singularis

271 1438 299 1487 et
315 1445 413 1486 causas
431 1446 491 1486 esse
510 1446 611 1503 eornm,
629 1450 700 1502 quas
718 1437 875 1505 probantur.
912 1436 1029 1492 Multum
1042 1434 1126 1504 igitur
1143 1437 1243 1492 absunt
1256 1434 1386 1490 scientiae
1403 1435 1570 1506 apodicticae
1589 1432 1623 1488 ab

271 1508 331 1578 hoc,
350 1513 381 1564 ut
399 1508 470 1565 circa
486 1510 639 1580 posteriora
657 1522 719 1568 ortn
737 1522 765 1569 et
783 1515 941 1591 obscuriora
959 1513 1069 1571 sensilia
1086 1513 1288 1584 propositiones
1306 1530 1370 1570 suas
1395 1514 1547 1570 mendicata
1566 1513 1623 1569 col-

272 1589 368 1658 ligant.
403 1588 499 1644 Dicam
516 1589 628 1659 insuper
646 1598 674 1645 et
692 1591 744 1648 boc
762 1593 885 1648 tertium:
908 1593 971 1648 illos
989 1592 1105 1647 animam
1130 1593 1250 1649 viliorem
1269 1594 1360 1650 iacere
1382 1595 1448 1664 ipsis
1471 1593 1625 1665 speciebus,

273 1666 319 1737 qui
337 1667 406 1725 haec
423 1668 525 1725 dicum
562 1669 631 1725 Nam
650 1671 674 1725 si
690 1674 803 1728 materia
821 1674 934 1744 suscipit
952 1691 968 1729 a
985 1680 1085 1731 natura
1101 1673 1161 1739 illa,
1180 1689 1250 1744 quae
1269 1680 1332 1728 sunt
1350 1672 1506 1728 essentialis
1521 1680 1550 1728 et
1567 1686 1623 1727 ma·

273 1747 315 1818 gis
333 1747 407 1803 entia
424 1755 453 1805 et
470 1747 643 1817 evidentiora,
661 1750 750 1807 anima
768 1769 831 1808 vero
849 1753 995 1823 posteriori
1006 1761 1076 1811 actu,
1089 1751 1188 1822 accipit
1206 1750 1304 1806 abillis
1318 1751 1495 1822 exemplaque
1513 1757 1541 1805 et
1558 1750 1625 1804 ima-

270 1824 347 1895 gines
366 1833 428 1883 ortu
446 1829 590 1899 posteriori
611 1829 689 1899 fingit
712 1831 739 1886 in
758 1848 788 1887 se
806 1834 879 1904 ipsa,
906 1834 1055 1903 respiciens
1072 1833 1107 1888 ad
1126 1832 1259 1888 essentias
1284 1828 1393 1886 viliores
1416 1838 1444 1887 et
1462 1830 1625 1887 abstrahens

270 1907 425 1976 amatariu,
443 1923 512 1979 qnae
532 1910 679 1966 secundnm
697 1910 783 1980 ipsius
801 1921 927 1967 naturam
945 1918 1009 1968 sunt
1026 1911 1229 1982 inseparabilia,
1248 1927 1339 1966 nonne
1352 1910 1467 1966 animam
1486 1911 1548 1980 ipsa
1565 1926 1625 1964 ma

270 1985 339 2040 teria
357 1985 539 2042 obscuriorem
557 1987 816 2058 indigentioremqne
834 1991 955 2047 faciunt?
990 1992 1061 2046 Nem
1079 2000 1107 2046 et
1124 1991 1238 2046 materia
1255 1991 1333 2045 locus
1351 1995 1394 2045 eat
1410 1989 1560 2044 materiatis
1579 2005 1623 2043 ra·

270 2064 402 2141 tionibus,
429 2066 501 2122 sicut
522 2067 611 2123 anima
633 2066 776 2139 speciebus
793 2071 1004 2134 (immateriatis).
1039 2071 1124 2127 Esset
1141 2085 1204 2124 vero
1227 2067 1275 2123 ilia
1293 2068 1370 2123 locus
1394 2068 1542 2143 prioribus.
1568 2066 1624 2123 ists

272 2145 447 2214 secundariis,
465 2155 493 2201 et
511 2146 558 2202 illa
575 2144 702 2203 ducatum
721 2148 906 2205 obtinentibus
923 2150 951 2204 in
970 2149 1093 2216 essendo,
1114 2148 1168 2203 ista
1185 2146 1388 2203 subsistantiam
1406 2146 1569 2202 habentibus
1588 2146 1623 2201 ab

270 2220 339 2291 illis;
363 2221 479 2294 denique
498 2224 546 2281 illa
562 2224 644 2281 factis
662 2227 809 2282 secundum
828 2229 984 2296 essentiam,
1011 2229 1066 2283 ista
1082 2226 1246 2296 nuncupatis
1269 2226 1418 2281 secundum
1434 2225 1621 2281 intentionem.

272 2299 415 2370 Quomodo
438 2304 522 2373 igitur
547 2306 648 2375 anima,
675 2305 773 2361 manus
796 2312 825 2361 et
847 2307 1040 2363 intellectualis
1062 2306 1165 2376 primae
1187 2305 1321 2361 essentiae
1342 2306 1479 2376 particeps
1502 2313 1530 2361 et
1552 2320 1625 2376 quse

271 2381 451 2451 cognitionum
468 2382 531 2438 inde
549 2392 762 2441 consummatam
780 2384 870 2454 habet,
889 2387 1024 2460 quomodo
1042 2386 1151 2455 inquam
1169 2384 1251 2441 etiam
1269 2383 1520 2439 obscurissimarum
1537 2385 1624 2440 totius

273 2460 344 2517 vitae
362 2464 512 2531 specierum
531 2465 583 2521 erit
599 2462 816 2534 receptaculum,
837 2464 921 2521 infimi
940 2465 1045 2521 scilicet
1061 2464 1090 2520 in
1107 2462 1189 2519 rebus
1206 2462 1308 2533 grudm
1330 2463 1501 2535 omniumque
1525 2464 1624 2534 imper·

271 2534 415 2595 lectissimi
432 2539 466 2595 ad
485 2542 650 2599 canendum?
685 2544 786 2597 Verum
805 2543 875 2598 hanc
894 2543 1048 2613 opinionem
1066 2558 1224 2613 oppugnare
1242 2543 1381 2614 pluribus,
1400 2560 1469 2614 quae
1487 2543 1626 2599 duduma

270 2615 362 2672 multis
380 2627 423 2675 est
440 2620 578 2692 flagellata
596 2639 630 2678 cr
647 2625 755 2691 merito,
774 2638 971 2693 supervacuum
989 2622 1122 2676 existimo.
1476 2630 1480 2643 '

343 2696 445 2764 Quodsi
463 2718 517 2756 non
535 2703 656 2761 existunt
672 2703 879 2761 mathematicae
897 2703 1004 2772 species
1022 2717 1071 2771 par
1085 2702 1294 2759 abstractionem
1307 2705 1517 2774 materiatarum,
1535 2720 1626 2776 neque

271 2791 321 2847 per
338 2776 525 2835 collectionem
544 2795 650 2853 corum,
677 2799 747 2854 qnae
765 2786 858 2854 insunt
874 2781 903 2836 in
921 2779 1104 2852 singularibus
1123 2784 1291 2854 communia,
1317 2799 1406 2854 neque
1433 2785 1541 2842 omnino
1559 2792 1627 2843 sunt

271 2865 333 2916 ortu
350 2859 516 2927 posteriores
534 2870 582 2918 aut
599 2877 633 2918 er
651 2864 810 2933 sensilibus,
839 2877 952 2918 necesse
970 2861 1065 2931 ntique
1082 2859 1177 2936 inerit,
1203 2871 1235 2918 nt
1252 2863 1342 2919 unium
1360 2864 1402 2919 vel
1420 2880 1437 2919 a
1455 2880 1484 2920 se
1501 2865 1563 2935 ipss
1581 2867 1627 2922 vei

272 2943 397 2998 amente
414 2945 580 2997 transsumat
596 2940 672 3011 illas,
700 2943 741 2998 vel
761 2942 878 3011 denique
903 2947 932 2998 et
949 2958 966 2996 a
984 2956 1014 2997 se
1039 2948 1066 2995 et
1086 2948 1210 2998 amente
1237 2941 1356 3010 simul.*)
1392 2943 1533 3000 Vernmsi
1558 2958 1627 2997 ase

224 3052 228 3060 ι
273 3021 340 3092 sula,
358 3022 493 3093 quomodo
512 3029 592 3077 erunt
609 3021 738 3090 imagines
755 3021 980 3077 intellectualium
997 3021 1162 3091 specierum,
1183 3018 1318 3091 quomodo
1337 3027 1416 3076 erunt
1434 3020 1537 3077 mediae
1554 3020 1628 3076 inter

274 3102 428 3172 partibilem
447 3107 474 3155 et
491 3098 682 3169 impartibilem
701 3107 834 3167 naturam,
852 3117 913 3155 cum
930 3101 1032 3156 nullam
1048 3099 1175 3170 a'primis
1198 3101 1457 3157 consummationem
1481 3101 1515 3155 ad
1533 3116 1628 3157 essen·

275 3182 337 3238 dnm
356 3179 525 3237 sortiantur?
542 3179 677 3248 quomodo
696 3177 814 3248 deniqne
832 3180 920 3249 primu
938 3179 1070 3249 exempla
1088 3177 1275 3249 paradigmata
1294 3178 1337 3233 vel
1354 3178 1446 3251 ideae,
1472 3196 1543 3251 qnae
1561 3189 1628 3237 sunt

272 3259 300 3313 in
319 3265 420 3328 mente,
440 3263 504 3312 sunt
522 3257 707 3312 universorum
726 3257 881 3327 principes?
917 3257 963 3312 Sin
982 3273 1045 3313 vero
1064 3274 1081 3313 a
1097 3263 1187 3312 mente
1205 3257 1264 3312 sola
1280 3265 1500 3315 transsumuntur
1523 3260 1551 3315 in
1569 3261 1628 3315 ani·

275 3354 354 3408 mam,
373 3336 507 3409 quomodo
526 3338 616 3392 anima
633 3335 753 3391 manebit
770 3336 830 3405 ipsa
848 3352 878 3391 se
896 3336 958 3406 ipsa
976 3353 1094 3407 operans
1112 3351 1196 3406 seque
1213 3337 1300 3407 ipsam
1318 3354 1436 3407 movens,
1455 3338 1479 3393 si
1496 3338 1627 3396 radonem

275 3432 343 3486 quae
361 3423 425 3472 snut
441 3417 470 3471 in
488 3417 556 3486 ipsa,
575 3417 611 3472 ad
628 3430 749 3471 normam
767 3415 960 3471 subsistentiae
978 3414 1085 3471 illarum
1103 3430 1206 3482 rerum,
1234 3431 1304 3485 qnae
1323 3419 1357 3473 ab
1376 3416 1428 3472 alio
1447 3416 1566 3487 cientur,
1585 3419 1627 3474 in·

272 3497 411 3553 fluxerunt
428 3497 456 3552 in
473 3497 560 3566 ipsum
578 3494 706 3552 aliunde?
741 3493 778 3549 Et
796 3494 860 3563 quid
879 3495 988 3551 diderm
1006 3496 1095 3551 anima
1113 3510 1129 3547 a
1147 3494 1273 3564 materia,
1293 3511 1363 3564 quae
1381 3496 1468 3551 solnm
1487 3504 1628 3566 potestate

273 3585 315 3633 est
333 3576 435 3645 omnia,
451 3575 521 3630 ‘nihil
538 3590 602 3630 vero
621 3574 654 3630 de
672 3572 822 3630 materiatis
838 3575 982 3645 speciebus
999 3575 1129 3664 genarati

358 3656 456 3712 Restat
472 3654 567 3723 igitur,
595 3659 625 3707 ut
644 3651 734 3707 anima
750 3659 778 3705 et
796 3669 813 3705 a
831 3668 860 3707 se
877 3654 938 3722 ipsa
961 3661 989 3708 et
1006 3669 1023 3708 a
1040 3660 1133 3708 mente
1149 3658 1316 3709 transsumat
1332 3653 1387 3708 ista
1411 3661 1440 3709 et
1464 3662 1495 3709 ut
1511 3655 1573 3724 ipsa
1591 3654 1630 3710 sit

272 3735 400 3791 absoluta
417 3733 611 3789 consummatio
630 3731 795 3802 specierum,
823 3748 892 3800 quae
911 3731 945 3786 ab
963 3731 1193 3788 intellectualibus
1216 3733 1311 3802 primis
1329 3733 1461 3803 exemplis
1479 3750 1528 3790 seu
1545 3749 1628 3805 pars·

272 3813 435 3884 digmatibus
453 3828 470 3867 a
487 3828 517 3867 se
534 3812 601 3881 ipsis
618 3812 717 3880 genitis
735 3811 939 3867 subsistentiam
957 3812 1060 3869 habent
1083 3820 1110 3866 et
1128 3825 1268 3866 accessam
1295 3810 1437 3881 adipsum
1464 3826 1540 3866 esse
1568 3829 1627 3869 sor·

272 3893 385 3947 uantur.
419 3891 516 3960 ltaque
532 3905 703 3968 nequaquam
721 3897 763 3946 est
781 3891 870 3944 anima
887 3889 984 3947 tabula
997 3906 1073 3958 rasa,
1094 3890 1129 3943 ab
1146 3888 1271 3945 omnibns
1289 3889 1440 3946 rationibus
1459 3906 1557 3962 vacua,
1577 3893 1628 3949 aad

274 3975 316 4025 est
333 3969 436 4039 scripta
453 3983 560 4039 semper
576 3967 671 4022 tabula
688 3969 836 4037 scribitque
854 3975 882 4023 et
899 3969 960 4040 ipsa
977 3970 1003 4023 in
1017 3984 1046 4024 se
1059 3970 1145 4038 ipsam
1164 3969 1343 4038 etscriptnris
1357 3970 1485 4039 impletur
1497 3986 1514 4024 a
1525 3978 1627 4026 mente

275 4047 328 4106 Est
352 4047 425 4103 enim
450 4047 540 4102 auium
564 4061 641 4101 mens
668 4060 718 4102 sen
737 4047 896 4109 ‚intellectus
924 4047 1047 4118 quddam,
1073 4046 1119 4117 quii
1137 4062 1166 4100 se
1184 4047 1274 4116 ipsum
1294 4047 1442 4104 secundum
1459 4049 1578 4119 priorem
1596 4065 1629 4106 sa

275 4125 442 4182 intellectum
462 4124 588 4193 revulsit,
614 4123 704 4194 imago
722 4123 794 4180 illins
819 4131 847 4179 et
864 4124 952 4196 figura
974 4141 1023 4180 seu
1046 4133 1127 4196 typus
1150 4124 1216 4180 ioris
1236 4124 1384 4197 fuctus.**)
1420 4125 1449 4182 si
1473 4126 1556 4196 igitur
1579 4126 1627 4183 ille

275 4208 365 4262 omum
380 4202 602 4262 intellectualiter
619 4207 669 4273 est,
688 4201 739 4256 erit
757 4211 785 4257 et
797 4204 886 4258 anima
899 4205 988 4260 omnia
1001 4201 1164 4273 animaliter3
1183 4211 1211 4259 et
1224 4205 1247 4260 si
1260 4205 1305 4260 ille
1318 4205 1517 4277 exemplariter,
1535 4207 1628 4261 anima

275 4284 397 4356 imaginis
415 4285 443 4340 in
461 4281 582 4351 modum,
602 4289 630 4338 st
647 4280 670 4338 si
688 4281 734 4337 ille
752 4284 911 4339 contractim
929 4291 956 4339 et
969 4284 1072 4343 unitim,
1090 4284 1179 4338 anima
1191 4284 1304 4340 divisim.
1340 4284 1420 4354 Quod
1434 4302 1494 4343 cnm
1507 4294 1535 4341 et
1546 4287 1627 4342 Plato

274 4363 461 4433 intellexisset,
467 4362 522 4430 aaa)
541 4359 656 4418 animasti
668 4377 703 4416 cr
713 4362 836 4417 omnibus
849 4361 989 4424 constituit
1001 4363 1143 4434 divisitque
1158 4362 1306 4419 secuudum
1318 4379 1444 4420 numeros
1455 4365 1629 4437 revinxitqne

275 4444 407 4513 analogiis
425 4449 454 4498 et
470 4440 622 4497 rationibus
639 4440 811 4507 harmonicis,
830 4440 911 4511 inque
929 4441 1015 4512 ipsam
1034 4442 1149 4499 contulit
1166 4442 1300 4514 principia
1316 4443 1404 4512 prima
1421 4442 1569 4513 figurarum
1587 4443 1627 4500 ei·

350 4582 377 4634 θ)
391 4581 493 4624 Animam
500 4581 870 4633 hisiutsiligltmuudiprsecipns,
885 4581 957 4622 Deum
966 4584 1064 4623 crastum
1070 4582 1186 4634 Platonis3
1199 4586 1296 4625 mentem
1304 4594 1367 4632 vero,
1382 4595 1447 4634 qnam
1457 4584 1581 4627 cerussam
1590 4586 1625 4626 sii·

275 4637 432 4715 weutlpsum
439 4635 513 4676 Dauus
520 4635 656 4686 creatorem,
663 4636 726 4687 eidus
736 4636 843 4684 imagines
851 4637 905 4675 sunt
912 4645 987 4676 amnes
996 4636 1082 4677 ssimae
1090 4639 1186 4684 erasus,
1195 4637 1325 4687 cerporibus
1334 4636 1474 4677 vivificandis
1486 4638 1626 4688 praetactas.

381 4688 392 4738 )
406 4687 541 4729 Ohrtstlams
556 4693 579 4730 et
594 4693 647 4729 sunt
659 4689 744 4729 animae
762 4687 903 4737 exemplaris·
912 4687 1037 4736 creatoris,
1057 4693 1082 4729 st
1101 4692 1258 4730 sustentantur
1271 4691 1391 4730 etiamnum
1405 4691 1432 4730 sb
1446 4691 1485 4729 ilio
1501 4702 1542 4740 par
1555 4702 1625 4742 qun·

278 4740 328 4781 dam
341 4742 405 4781 valui
416 4741 583 4782 irradiationem
597 4743 674 4781 vuitus
688 4740 758 4781 divini
771 4742 794 4780 ln
808 4740 878 4789 ipssa.

268 4833 273 4842 ,
353 4793 408 4842 ⁹⁴⁴)
420 4794 447 4834 Iu
462 4793 568 4840 Timaeo,
589 4795 627 4844 qut
640 4797 677 4835 ast
689 4794 746 4833 citra
759 4804 844 4834 omnem
858 4791 1004 4833 dubitationis
1027 4793 1099 4835 alsam
1115 4795 1286 4837 commentarius
1305 4793 1393 4844 quidam
1413 4796 1542 4845 imprimam
1557 4799 1628 4847 capnt

277 4844 393 4887 Gsusssos
406 4856 447 4886 sen
462 4846 513 4886 iibri
527 4846 545 4887 1.
560 4846 644 4894 lionis,
666 4841 824 4886 transformans
839 4844 902 4885 iilum
915 4844 938 4885 in
951 4845 1114 4897 philosophiam
1128 4847 1311 4899 Pythagoricsm,
1334 4847 1360 4885 nt
1373 4846 1439 4888 {soils
1459 4851 1523 4900 pstat
1536 4852 1627 4891 attente

276 4898 364 4949 isgauti
377 4901 401 4940 st
413 4897 483 4940 sssba
495 4899 547 4950 ipss
558 4898 628 4939 licsis
641 4897 762 4939 idanddsm
776 4897 909 4938 contuenti.
