3567 5625
656 399 740 457 luber
757 401 789 457 ll.
810 401 900 472 eaput
917 402 964 458 ut
1048 481 1051 488 ι
1418 410 1480 472 301

217 576 316 654 Quam
337 578 507 642 methodum
530 580 598 639 dnm
631 597 684 657 per
705 582 845 641 usitatam
867 583 1025 657 geometris
1047 581 1242 642 stoecbeiosin
1265 584 1294 640 in
1317 582 1414 642 lucem
1436 584 1484 640 in-

141 665 266 725 tellectus
288 667 408 727 humani
430 668 557 743 proferre
579 670 670 742 nitor,
706 670 807 728 faveat
831 670 942 728 Auctor
964 671 1036 746 ipse,
1050 668 1215 743 coelerum,
1240 669 1327 729 Pater
1349 669 1485 730 intellec-

140 763 222 825 tuum,
246 747 385 829 Largitor'
406 771 542 815 sensnum
564 755 740 826 monalium,
763 759 828 833 ipse
848 757 1024 816 immortalis
1046 765 1076 817 et
1096 758 1365 833 superbenedictus,
1389 759 1485 836 impe·

140 840 263 918 diatque,
286 860 322 900 ne
345 841 417 920 qnid
439 841 589 920 indignum
613 844 705 919 ipsius
728 843 887 920 Maiestate
912 844 947 904 de
969 844 1028 904 hoc
1050 861 1138 922 opere
1160 861 1214 904 suo
1236 855 1355 905 nostrae
1377 848 1483 904 mentis

139 930 271 989 tenebrae
293 932 450 1006 proferant,
474 930 648 1007 efficietque,
672 940 704 989 ut
726 932 937 1008 perfectionem
960 933 1053 1010 ipsius
1076 949 1195 1008 opernm
1217 935 1372 993 mnetitatc
1395 935 1484 1008 vitae,

139 1016 172 1075 ad
193 1034 281 1093 qnam
305 1019 459 1079 eeclesiam
481 1036 566 1078 suem
587 1020 617 1075 in
633 1017 730 1077 Terris
751 1017 842 1095 elegit
864 1029 894 1079 et
909 1022 1051 1095 sanguine
1066 1019 1118 1078 filii
1140 1023 1185 1079 sni
1208 1037 1227 1078 a
1246 1022 1375 1097 peccatis
1396 1038 1483 1080 mnn-

138 1104 223 1178 davit,
248 1121 305 1182 ope
327 1105 453 1183 Spiritus
475 1108 521 1165 sni
544 1107 639 1165 sancti
660 1121 714 1164 nos
737 1106 794 1166 Dei
817 1108 978 1167 imitatores
1003 1106 1194 1180 aemulemur,
1219 1106 1320 1183 procul
1341 1107 1485 1168 habentes

140 1209 234 1251 omnes
249 1192 445 1253 dissonantiae
461 1195 686 1266 inimicitiarum,
711 1209 812 1253 omues
827 1197 1038 1268 contentiones,
1062 1195 1283 1270 aemulationes,
1306 1197 1373 1270 iras,
1396 1198 1484 1267 rixas,

139 1279 339 1354 dissensiones,
362 1290 467 1355 sectas,
490 1281 641 1357 invidiam,
665 1283 899 1359 provocationes,
924 1285 1099 1342 irritationes
1120 1301 1171 1359 per
1187 1282 1307 1343 dicteria
1331 1292 1485 1359 ceteraque

139 1370 226 1427 camis
249 1386 356 1445 opera3
381 1368 459 1446 qnod
481 1387 595 1429 mecum
619 1383 729 1441 omnes,
754 1370 804 1446 qui
826 1371 962 1446 spiritum
986 1369 1092 1429 Christi
1116 1370 1234 1443 babent,
1259 1388 1318 1431 non
1342 1371 1486 1448 optabunt

139 1465 257 1531 mutum,
279 1457 331 1516 sed
353 1465 384 1516 et
405 1457 490 1516 factis
514 1459 672 1534 exprimere
695 1460 940 1533 vocationemque
962 1475 1046 1518 suern
1069 1468 1177 1519 certem
1199 1459 1294 1518 facere
1316 1458 1485 1530 studebunt,

139 1546 237 1621 spretis
261 1544 396 1604 omuibus
418 1547 549 1606 omnium
572 1546 697 1622 partium
719 1547 818 1620 pravis
840 1546 980 1619 moribus,
1004 1547 1126 1606 obtentu
1148 1546 1206 1605 aeli
1228 1554 1280 1606 aut
1301 1548 1410 1605 emeris
1432 1564 1486 1606 ve·

139 1633 227 1690 ritatis
263 1641 314 1691 ant
336 1632 492 1708 singularis
525 1632 696 1692 eruditionis
719 1633 920 1692 modestiasve
950 1651 1021 1710 erga
1047 1637 1246 1694 contentiosos
1272 1641 1486 1711 praeceptores,

139 1718 231 1779 aliove
255 1736 430 1795 quocunque
453 1723 587 1796 specioso
610 1724 764 1795 praetextu
787 1718 893 1781 velatis
922 1729 951 1779 et
974 1721 1088 1782 fucatis.
1132 1720 1221 1782 Pater
1249 1729 1367 1795 sancte,
1401 1723 1487 1781 s'erva
1519 1793 1522 1804 .

139 1823 187 1876 nos
208 1809 240 1865 in
265 1811 458 1868 consonantia
480 1808 644 1867 dilectionis
667 1814 803 1881 mutuae,
827 1815 861 1866 nt
882 1809 974 1867 simne
997 1826 1102 1882 unum,
1131 1810 1207 1868 sient
1230 1816 1260 1867 et
1282 1817 1314 1868 tu
1337 1825 1402 1868 oum
1424 1808 1486 1866 filio

138 1903 201 1968 tuo,
232 1894 362 1954 Domino
385 1903 502 1970 nostro,
533 1905 562 1955 et
585 1895 696 1973 Spiritu
718 1902 820 1954 sancto
843 1911 933 1954 uuum
963 1913 1014 1971 es,
1046 1904 1076 1956 et
1104 1898 1181 1955 elcut
1203 1897 1302 1956 omnia
1324 1913 1413 1974 opera
1436 1906 1488 1955 tna

137 1999 185 2057 per
206 1985 385 2042 suavissima
406 1984 663 2042 consonantiarum
686 1981 805 2042 vincula
827 2000 918 2041 unum
939 1983 1048 2058 fecisti3
1078 1989 1108 2044 et
1135 1992 1169 2042 nt
1190 2001 1226 2042 ex
1249 1983 1369 2043 reducta
1391 1986 1487 2059 gentis

117 2075 201 2134 ,tuae
224 2070 383 2130 concordia
404 2072 446 2129 sie
469 2069 638 2129 aedificetur
660 2086 764 2145 corpus
786 2069 929 2131 ecclesiae
951 2078 1020 2133 tuae
1042 2073 1073 2130 in
1095 2071 1141 2130 bis
1155 2070 1262 2147 Terris,
1285 2073 1372 2131 sicuti
1395 2079 1427 2130 tu
1451 2089 1486 2131 ex

137 2163 295 2236 harmoniis
318 2157 439 2219 Ocelum
464 2159 560 2235 ipsum
583 2158 745 2218 extruxisti.

614 2315 807 2375 Rationes
836 2316 1007 2390 priores.

220 2461 381 2519 Axioma
403 2456 426 2514 Ι.
472 2455 707 2515 Consentaneum
730 2461 790 2528 est,
813 2455 1123 2530 ubicunqueomnino
1146 2455 1208 2515 fieri
1230 2456 1344 2532 potuit,
1366 2456 1488 2516 hermo·

137 2549 196 2607 nias
218 2551 294 2606 iuter
316 2552 447 2606 extreme
468 2550 601 2602 motuum
631 2550 692 2600 tam
713 2541 896 2616 singulorum
919 2559 1008 2620 quarn
1039 2545 1173 2610 binorum
1201 2543 1385 2619 planetarum
1415 2560 1489 2604 eon·

138 2638 212 2695 stitai
234 2634 372 2695 debuisse
394 2631 572 2702 omnifarius,
596 2636 629 2689 ut
651 2630 778 2690 varietas
800 2632 858 2690 ista
878 2629 1020 2691 mundum
1042 2637 1204 2691 exornaret.

220 2724 380 2781 axioma
402 2719 442 2777 li.
487 2716 648 2777 Intervalla
669 2718 799 2794 quinque
822 2718 938 2777 orbium
951 2736 1012 2778 sex
1034 2721 1163 2796 oportuit
1184 2717 1385 2794 magnitudine
1407 2735 1484 2794 qua·

26 2844 27 2851 1
140 2809 290 2871 dnmtenus
310 2804 486 2886 respondere
507 2806 689 2885 proportioni
720 2805 835 2866 orbium
864 2808 1125 2883 geometricorum,
1154 2808 1205 2883 qni
1235 2805 1334 2882 figuris
1357 2808 1495 2882 quinque

26 2928 28 2987 ,
138 2899 316 2976 regularibus
343 2894 445 2956 solidis
473 2895 603 2970 inseripti
631 2900 701 2951 sunt
730 2900 760 2952 ct
787 2895 1013 2972 circumscripti3
1043 2895 1131 2971 idque
1160 2893 1261 2955 ordine
1288 2894 1406 2969 emam,
1438 2896 1488 2969 qni

26 2990 44 3035 l·
139 2986 233 3064 figuris
255 2987 329 3063 ipsis
349 2981 492 3043 naturalis
513 2987 567 3041 est.

180 3078 183 3083 “
220 3072 263 3124 De
280 3066 415 3122 noerius
430 3081 489 3134 cap.
501 3066 527 3119 f.
546 3071 574 3117 et
585 3061 744 3132 Mysterium
757 3063 1014 3133 Gosmogmphicum
1033 3071 1061 3120 et
1079 3042 1341 3134 Epitomes'Astren.
1365 3061 1412 3118 lib.
1424 3062 1472 3119 IV.

218 3159 447 3238 Propositio
470 3154 525 3215 ΙΠ.
571 3155 650 3213 Inter
672 3153 820 3214 Tellurem
850 3164 879 3215 et
910 3156 1052 3229 Martem,
1086 3154 1268 3232 eandemque
1295 3161 1324 3213 ct
1346 3154 1490 3214 Venerem

140 3248 292 3310 intervalla
315 3246 479 3306 debuerunt
510 3261 574 3303 esse
605 3245 792 3321 proportione
822 3240 861 3302 ad
885 3245 970 3304 orbes
999 3261 1069 3303 suos
1101 3244 1221 3303 minima
1245 3259 1337 3318 eaque
1354 3234 1490 3320 proxime

139 3338 286 3413 aequalia3
309 3333 469 3393 mediocria
492 3339 522 3392 et
543 3348 657 3407 rursum
679 3329 738 3393 fere
762 3330 901 3407 aequalia
921 3333 996 3390 inter
1019 3330 1177 3391 Saturnum
1199 3338 1229 3390 et
1251 3328 1375 3404 Jovem,
1398 3332 1490 3390 intar-
1598 3370 1606 3385 ,

141 3442 194 3499 qne
214 3424 359 3484 Venerem
382 3428 413 3481 et
433 3419 624 3493 Mercurium
647 3420 809 3477 marimum
830 3420 906 3479 inter
928 3417 1036 3481 Jovem
1060 3426 1090 3478 et
1110 3417 1245 3480 Martem.

221 3524 291 3578 llam
308 3535 359 3590 per
376 3535 411 3572 ax
439 3519 464 3572 2
482 3532 552 3587 quae
569 3516 673 3584 figurae
689 3514 827 3571 minimam
844 3516 949 3573 faciunt
965 3516 1070 3575 orbium
1096 3516 1321 3585 geometricorum
1338 3516 1491 3585 proportio·

141 3619 206 3671 nem,
223 3601 320 3656 iisdem
337 3599 466 3668 planetae
482 3594 681 3666 respondentes
699 3595 727 3650 iu
746 3596 801 3651 situ
819 3596 920 3651 debent
936 3595 1031 3650 itidem
1047 3595 1185 3651 minimam
1203 3595 1305 3665 iacerm
1328 3594 1492 3649 mediocrem

26 3706 32 3743 η
142 3696 200 3735 rere
217 3682 250 3745 ii,
277 3679 324 3748 qui
342 3678 437 3748 figuris
453 3675 597 3735 mediocris
624 3674 808 3744 proportionis
825 3674 1009 3744 respondent,
1037 3682 1069 3728 et
1084 3676 1229 3730 maximam
1254 3675 1290 3743 ii,
1318 3674 1365 3742 qui
1388 3672 1493 3743 figurae

26 3788 27 3793 κ
141 3760 267 3814 maximae
285 3756 479 3828 proportionis.
517 3754 570 3810 Sed
592 3770 646 3824 qno
671 3753 766 3809 ordine
791 3761 834 3808 est
859 3753 932 3807 inter
948 3752 1050 3823 figuras
1069 3752 1259 3809 dodecaddron
1277 3760 1305 3807 et
1322 3752 1492 3818 iceseedrou,

143 3838 230 3892 eodem
248 3846 291 3894 est
307 3838 380 3892 inter
396 3834 566 3905 planetarum
584 3831 669 3901 bigas,
688 3847 744 3887 nna
761 3836 786 3898 0¹
804 3840 834 3888 et
851 3830 887 3909 ὅ,
911 3826 1043 3909 altera&
1068 3841 1096 3887 et
1114 3824 1157 3907 Ως
1176 3838 1205 3886 et
1222 3848 1276 3901 qno
1295 3831 1390 3887 ordine
1407 3827 1492 3884 cubus

143 3929 168 3977 et
182 3925 335 3991 ocmedrom
353 3921 450 3976 eedem
468 3912 571 3995 bigast
600 3928 627 3975 et
649 3915 680 3990 ii
707 3928 735 3974 et
753 3918 817 3990 biga
843 3912 918 3995 Qet
936 3912 982 3996 Q,
1000 3936 1054 3990 quo
1073 3919 1191 3988 deniqne
1210 3917 1305 3973 ordine
1322 3916 1489 3984 tetraddron,

145 4009 231 4066 eodem
248 4019 277 4067 et
293 4009 357 4079 biga
379 4005 453 4078 liet
470 4010 502 4075 0',
521 4007 582 4062 vide
600 4023 660 4077 cap.
678 4009 703 4062 3.
739 4008 814 4078 Ergo
832 4008 943 4062 minima
961 4007 1013 4060 erit
1030 4006 1102 4060 inter
1120 4007 1200 4059 orbes
1218 4004 1385 4074 planetarios
1403 4004 1490 4073 primo

145 4094 222 4154 dictes
239 4096 389 4168 proportio,
406 4095 478 4149 inter
495 4110 558 4149 vero
577 4087 600 4170 b
620 4101 648 4151 et
670 4086 706 4174 ‘if
731 4095 789 4149 fere
810 4093 933 4166 aequalis
958 4094 998 4164 ei,
1026 4108 1096 4165 qnae
1122 4094 1194 4149 inter
1215 4086 1242 4169 ῼ
1261 4099 1289 4146 et
1307 4086 1353 4172 ζῇ
1377 4091 1494 4161 denique
1555 4094 1571 4121 “

144 4185 251 4238 maxima
271 4184 344 4239 inter
369 4178 401 4254 'ii
419 4191 448 4237 et
465 4186 488 4248 d
506 4184 594 4237 orbes

221 4285 381 4344 Axioma
401 4281 457 4355 IY.
502 4283 644 4345 Planetae
667 4300 768 4344 omnes
792 4283 901 4344 debent
931 4283 1040 4343 habere
1062 4301 1132 4343 suas
1157 4286 1404 4356 eccentricitates,
1434 4298 1513 4355 non,

146 4373 233 4430 minus
265 4389 357 4449 quam
388 4369 554 4431 latitudiuis
586 4380 713 4445 motum,
748 4379 778 4431 et
808 4370 971 4435 secundum
1000 4387 1051 4431 eas
1079 4373 1168 4432 etiam
1196 4371 1351 4431 transies
1373 4387 1392 4429 a
1413 4367 1493 4443 Sole,

145 4457 217 4519 fonte
237 4469 345 4533 motus,
368 4456 510 4518 diversas.

224 4561 300 4616 Sicut
317 4557 437 4613 essentia
455 4562 545 4613 motus
564 4556 693 4612 consistit
711 4572 765 4614 non
784 4556 812 4613 in
831 4572 922 4627 esse,
941 4557 990 4613 sed
1007 4556 1035 4611 fn
1047 4555 1144 4624 fieri,
1162 4557 1202 4612 sie
1220 4556 1301 4613 etiam
1320 4556 1426 4626 species
1444 4573 1493 4617 seu

146 4636 224 4706 irum
239 4638 374 4710 regionis,
392 4652 474 4706 quam
493 4635 605 4706 planeta
623 4635 738 4703 quilibet
755 4644 832 4692 motu
848 4642 984 4705 permeat,
1007 4649 1062 4689 non
1080 4633 1121 4687 fit
1139 4634 1232 4689 statim
1250 4636 1284 4691 ab
1302 4635 1378 4691 initio
1397 4633 1493 4703 solida,

146 4716 189 4770 sed
205 4733 332 4774 successu
352 4717 482 4785 temporis
500 4714 618 4785 acquirit
635 4712 742 4768 demum
761 4729 839 4769 suam
856 4729 911 4768 nen
930 4712 1128 4783 longitudinem
1146 4720 1266 4782 tantum,
1290 4712 1338 4767 sed
1357 4714 1438 4769 etiam
1455 4713 1493 4769 le·

145 4794 279 4853 titudinem
297 4804 326 4852 et
343 4795 572 4865 profunditatem,
603 4792 725 4864 perfeeto
744 4792 942 4848 dimensionum
957 4792 1092 4858 ternario,
1119 4792 1206 4862 fitque
1224 4793 1264 4848 sie
1281 4790 1412 4862 paulatim
1430 4808 1493 4847 con-

145 4875 252 4933 nexione
268 4883 298 4933 et
315 4874 531 4935 accumulatione
553 4872 731 4947 plurimarum
755 4871 977 4944 drcndetionum,
1002 4882 1034 4930 ut
1054 4879 1274 4942 repraesentetur
1292 4872 1398 4943 species
1421 4871 1494 4928 erbis
