3567 5625
660 425 743 485 mon
762 428 810 484 m.
832 428 921 498 capa
938 426 997 485 xv.
1351 387 1387 408 ”
1439 435 1503 498 401

153 610 298 669 tricorum.
343 611 418 670 Nam
446 613 475 670 in
506 613 667 672 eccentrieo
697 610 815 688 quidem
843 610 1027 687 superiorum
1047 616 1145 669 motus
1173 619 1235 671 erat
1258 610 1383 686 tardior,
1401 610 1504 687 ¹Solis,

154 695 287 767 Veneris,
311 695 446 758 Mercurii
468 709 566 759 motas
589 698 776 772 velocissimi,
800 706 923 775 excepto
946 695 1066 772 Lanae,
1094 699 1125 754 in
1148 698 1282 776 epicycla
1307 717 1376 759 vero
1399 699 1504 760 Satar-

152 800 203 841 nus
233 801 387 860 supremus
417 786 618 848 velocissimus
650 796 695 846 est
720 787 918 862 superiorum,
948 783 1029 843 Mars
1056 783 1249 846 tardissimus.
1297 785 1436 846 Vicissim
1467 805 1504 847 ex

153 871 337 931 inferioribus
361 873 461 933 Venas
484 876 616 950 superior
639 882 684 932 est
706 873 817 931 tardior
837 871 984 932 Mercurio
998 868 1212 948 interiorii'ffl).
1258 872 1353 946 igitar
1377 886 1409 933 ut
1423 878 1503 953 prius

152 959 301 1035 epicyclas
324 969 353 1020 et
375 960 426 1022 alii
448 961 614 1022 secundarii
644 960 729 1019 orbes
753 960 999 1035 comparabantur
1031 958 1146 1018 chordis
1179 960 1360 1020 secundariis
1388 970 1418 1020 et
1438 979 1505 1022 mo·

153 1045 268 1118 bilibus,
292 1049 335 1107 sic
357 1065 435 1108 nanc
457 1059 588 1108 motuum
610 1049 735 1106 variatio
758 1046 920 1125 epicycliea
941 1048 1208 1122 repraesentabitur
1232 1065 1283 1125 per
1305 1037 1504 1123 pulsationem

152 1133 265 1192 illarum
294 1134 445 1196 mobilium
476 1134 648 1196 chordarum
659 1130 718 1216 ¹¹).
763 1134 801 1192 Et
830 1143 862 1193 at
891 1151 981 1212 supra
1009 1134 1192 1210 planetarum
1223 1139 1250 1192 in
1274 1152 1380 1211 genere
1412 1139 1503 1196 iuter·

151 1219 230 1279 valla
252 1225 393 1295 maxima,
418 1227 552 1296 minima,
575 1222 734 1281 mediocria
762 1223 919 1298 generibus
943 1230 1046 1280 cantus
1076 1221 1169 1281 tribus
1193 1223 1426 1299 respondebant,
1461 1227 1504 1283 sic

151 1324 225 1366 nunc
248 1310 431 1385 singulorum
454 1321 550 1371 motus
574 1309 736 1387 cpicyclici,
760 1311 866 1385 quibas
888 1315 1038 1368 mutantur
1053 1308 1217 1382 intervalla,
1241 1312 1393 1387 aptissime
1414 1319 1503 1388 pote-

150 1404 213 1452 raut
236 1398 451 1456 accommodari
479 1398 518 1457 ad
540 1397 643 1457 eadem
665 1414 789 1473 genera,
821 1414 884 1456 cam
907 1396 963 1455 hoc
986 1396 1167 1468 discrimine,
1202 1403 1234 1455 ut
1260 1414 1382 1472 qaorum
1405 1407 1503 1458 motus

35 1533 38 1536 .
149 1483 336 1559 epicyclicus'
352 1486 446 1561 major
467 1496 514 1545 est
537 1494 619 1544 motu
643 1486 803 1544 ecoentrico
825 1485 1016 1560 reversioque
1040 1487 1069 1543 in
1092 1484 1222 1563 epicycla
1247 1484 1382 1559 celerior,
1414 1503 1503 1562 quam

150 1572 176 1626 ia
199 1573 380 1651 ecceatrieo,
403 1577 423 1629 ii
446 1582 648 1649 comparentur
670 1574 770 1648 generi
793 1572 956 1646 diatonico,
982 1572 1053 1647 qaia
1074 1575 1162 1631 etiam
1186 1575 1214 1630 in
1237 1570 1290 1630 illo
1313 1573 1501 1632 intervallum

149 1657 300 1732 quodlibet
321 1660 495 1719 tetrachordi
523 1663 619 1718 minus
643 1671 688 1718 est
714 1659 825 1734 junctis
849 1658 964 1718 duobus
988 1659 1122 1735 reliquis;
1153 1676 1278 1735 qaorum
1309 1677 1376 1719 varo
1400 1669 1498 1720 motas

148 1745 322 1821 apicyclicus
344 1750 454 1820 minor,
483 1751 610 1807 reversio
633 1746 744 1806 tardior
766 1746 804 1805 ab
827 1745 1057 1832 magnitudinem
1088 1747 1227 1824 epieyeli,
1243 1748 1301 1816 ,eis
1323 1764 1418 1823 genas
1442 1766 1496 1808 eu·

148 1831 329 1891 harmoniam
351 1834 449 1909 detur,
476 1838 505 1892 iu
530 1852 588 1912 qao
611 1838 700 1893 etiam
723 1833 911 1893 intervallum
934 1850 1024 1892 auam
1047 1833 1222 1894 tetrachordi
1244 1845 1365 1912 superat
1391 1835 1496 1910 juncta

93 1949 95 1953 ·
148 1920 259 1996 reliqua
282 1920 357 1996 dua;
388 1939 511 1999 quoram
534 1923 658 1997 denique
681 1925 809 1981 reversio
833 1922 967 1997 aequalis
997 1923 1191 1998 inutraque,
1222 1939 1276 1981 seu
1297 1926 1396 1999 potius
1430 1925 1495 1999 epi-

148 2006 246 2084 tyclas
269 2008 383 2084 nullus,
414 2011 465 2086 qui
487 2012 590 2070 ceteris
613 2009 798 2088 peculiariter
820 2011 863 2068 sic
885 2008 970 2067 dictis
999 2019 1029 2068 et
1057 2011 1198 2085 superiori
1221 2017 1304 2084 parte
1335 2012 1364 2066 in
1388 2027 1496 2070 cause·

148 2097 267 2170 quentia
289 2100 375 2156 motis
396 2098 588 2174 respondent,
611 2099 632 2154 ii
655 2113 687 2156 se
703 2089 857 2156 ‘associent
879 2096 1072 2170 chromatica,
1102 2098 1130 2154 in
1154 2113 1212 2172 qao
1235 2097 1413 2156 tetrachordi
1436 2098 1496 2159 duo

148 2181 302 2242 intervalla
327 2185 431 2259 juncta
458 2195 526 2243 sant
556 2183 693 2259 aequalia
713 2184 836 2259 reliquo.
881 2183 932 2242 Sic
961 2184 1049 2264 igitur
1080 2182 1259 2243 diatonicum
1281 2202 1374 2260 genas
1403 2185 1495 2246 babet

147 2269 311 2339 Saturnum,
334 2269 442 2332 Jovem
465 2283 495 2332 et
517 2271 702 2344 Mercurium,
727 2273 798 2348 quia
820 2270 924 2329 harum
946 2270 1071 2348 epicycli
1092 2273 1219 2329 minores
1235 2283 1305 2330 suut
1326 2280 1355 2332 et
1372 2274 1495 2334 celerius

146 2359 353 2430 restituantur,
383 2376 472 2434 qaam
494 2362 690 2432 eccentr'rcas3
714 2359 950 2418 enharmonium:
981 2357 1106 2417 Martem
1129 2367 1159 2417 et
1181 2357 1340 2432 Venerem,
1372 2361 1441 2435 qaia
1463 2360 1495 2419 hi

88 2461 95 2478 ²
147 2446 289 2502 maximos
312 2445 459 2523 epicyclos
483 2447 592 2506 haheat
614 2458 643 2505 et
665 2446 775 2505 tardius
797 2444 1000 2519 revolventes,
1024 2462 1112 2520 quam
1135 2447 1307 2520 ecceutrici;
1335 2446 1495 2508 chromati-

147 2548 211 2589 cam
235 2530 374 2607 danique:
406 2533 505 2593 Solem
528 2543 557 2592 et
580 2532 710 2602 Lanam,
739 2535 810 2610 quia
843 2530 982 2609 epicyclis
1005 2530 1131 2604 talibus,
1162 2534 1211 2608 qai
1242 2535 1383 2609 superiori
1412 2543 1495 2612 parte

126 2629 319 2698 'moveantar
340 2621 369 2676 in
393 2622 610 2698 consequentia,
634 2623 751 2679 omnino
775 2630 874 2680 carent
886 2617 932 2695 1ί).
978 2618 1132 2696 Propertio
1162 2619 1280 2695 quidam
1312 2630 1407 2680 motas
1430 2624 1495 2699 epi·

146 2706 246 2783 cyclici
271 2707 309 2764 ab
332 2724 464 2783 apogaeo
488 2708 526 2768 ad
549 2718 659 2767 motum
682 2711 876 2768 eccentricam
898 2725 918 2765 a
940 2707 1005 2766 fixis
1028 2707 1131 2766 eadem
1153 2716 1199 2766 est
1218 2711 1248 2765 iu
1262 2707 1394 2784 singulis,
1418 2725 1495 2784 quae

145 2796 257 2853 numeri
280 2794 494 2856 revolutionum
525 2794 749 2874 epicyelicaram
778 2794 817 2856 ad
840 2813 992 2856 numeram
1014 2793 1231 2854 revolutionum
1254 2798 1494 2857 eccentricaram:

146 2881 319 2940 inSatarno
344 2886 382 2942 57
407 2884 445 2943 ad
469 2888 497 2958 2,
521 2882 645 2943 inJove
670 2885 709 2941 65
733 2882 771 2941 ad
796 2885 824 2954 6,
848 2885 876 2939 in
892 2882 989 2943 Marte
1005 2884 1045 2942 37
1063 2882 1100 2942 ad
1117 2885 1167 2956 42,
1192 2886 1220 2940 in
1237 2882 1352 2944 Vertere
1375 2884 1446 2944 5ad
1464 2886 1492 2958 8,

145 2974 173 3026 in
198 2968 344 3029 Mercurio
371 2974 429 3030 145
453 2970 491 3030 ad
515 2973 572 3045 46,
596 2973 695 3030 omnia
716 2976 958 3047 praeterpropter.
1003 2970 1107 3045 Itaque
1138 2978 1254 3047 propter
1276 2970 1330 3030 bas
1361 2972 1495 3048 singulo-

142 3074 209 3114 rum
239 3060 441 3133 proportiones
469 3058 566 3118 lacum
602 3060 691 3118 etiam
718 3059 766 3117 bic
793 3057 882 3117 habet
915 3060 1094 3133 comparatio
1125 3074 1191 3117 cum
1205 3132 1208 3139 Ἰ
1224 3059 1316 3118 variis
1346 3061 1495 3119 sonituum

142 3146 220 3221 bigis
230 3140 282 3221 ¹¹).

229 3231 368 3308 Sequitur
390 3235 491 3292 tertias
513 3232 618 3292 modas
641 3231 891 3301 considerationis,
915 3232 944 3288 in
964 3247 1027 3306 vqua
1045 3231 1209 3306 jungantur
1231 3232 1350 3291 effectus
1369 3235 1493 3312 epicyoli

144 3327 173 3377 et
196 3321 363 3393 ecccntricl,
386 3320 477 3397 fitque
499 3323 572 3379 ratio
597 3318 684 3378 valde
706 3317 868 3395 multiplex.
914 3316 990 3377 Nam
1012 3335 1079 3377 cum
1106 3319 1243 3395 planetae
1266 3319 1337 3378 fiant
1366 3322 1394 3377 in
1417 3338 1493 3397 apo·

141 3423 218 3480 gaeo
241 3410 394 3471 eccentrici
418 3408 591 3486 tardissimi,
624 3409 652 3463 in
676 3423 809 3482 apogaeo
832 3403 955 3481 cpieycli
978 3403 1171 3481 velocissimi,
1205 3408 1382 3482 compositus
1405 3411 1494 3485 igitar

143 3504 243 3553 motas
267 3511 324 3553 aun
348 3495 471 3555 eflicitur
493 3494 712 3566 velocissimus,
744 3500 867 3568 utraque
890 3508 1024 3567 apogaeo
1044 3492 1163 3567 juncto,
1186 3493 1238 3552 sed
1261 3503 1345 3567 tuuc,
1368 3497 1393 3553 si
1417 3513 1492 3571 apo·

141 3599 250 3656 gaeum
273 3581 395 3659 epicycli
424 3594 453 3641 et
475 3585 642 3657 perigaeum
665 3582 819 3640 ecceutrici
849 3582 1007 3639 sociantur.
1053 3579 1250 3639 Tardissimas
1278 3597 1347 3643 vero
1370 3598 1491 3659 compo·
1596 3618 1599 3627 ι

140 3672 264 3728 sitorum
294 3669 400 3729 desinit
428 3670 562 3729 omnibus
590 3668 761 3745 aequaliter
784 3669 813 3724 in
840 3669 998 3726 stationem
1020 3684 1130 3726 meram
1156 3667 1283 3744 indeque
1312 3671 1491 3729 convertitur

28 3812 29 3835 ,
142 3758 171 3813 in
194 3757 489 3833 retrogradationem,
513 3756 588 3815 adeo
610 3764 657 3829 at,
682 3773 748 3815 cum
770 3754 890 3831 planeta
913 3763 958 3813 est
980 3756 1009 3811 in
1033 3762 1195 3814 retrocessa
1219 3755 1437 3826 velocissimus,
1460 3756 1490 3815 id

28 3842 29 3865 ¹
137 3844 353 3919 quadamtenus
374 3843 549 3920 respondeat
571 3843 701 3901 tarditati
725 3844 854 3901 amnium
875 3842 1106 3903 remississimae.
1150 3843 1306 3920 Estigitur
1326 3843 1386 3904 alia
1409 3861 1490 3905 cam·

137 3934 255 4006 paratio
284 3931 535 3991 velocissimorum
562 3930 753 4003 directorum,
787 3929 846 3989 alia
874 3929 1123 4005 retrogradorum,
1154 3930 1214 3989 alia
1244 3931 1489 3990 intermediorum.

138 4017 198 4077 Sed
220 4036 287 4078 eam
310 4021 417 4078 sintin
441 4021 570 4095 quinque
592 4017 719 4094 planetis
741 4019 848 4093 gemini
873 4017 1065 4091 velocissimi,
1088 4018 1247 4078 secundum
1271 4017 1329 4077 dua
1353 4022 1490 4096 opposita

28 4106 29 4113 ’
137 4103 205 4164 loca
228 4108 390 4178 eccentrici‚
415 4109 443 4162 iu
466 4104 657 4182 luminaribus
680 4112 881 4163 tantumunus
897 4103 1108 4174 velocissimus,
1132 4105 1342 4181 retrogradatio
1361 4108 1487 4166 statiuve

137 4192 236 4264 nulla,
262 4202 344 4275 patet
365 4193 444 4269 qaod
467 4194 557 4251 missa
578 4191 842 4268 retrogradatione,
873 4192 1001 4250 statione
1025 4201 1054 4250 et
1075 4191 1128 4252 illa
1150 4192 1335 4252 multitudine
1356 4201 1489 4252 mutuum

135 4280 376 4341 intermediorum
398 4297 492 4356 usque
515 4279 551 4338 ad
568 4282 741 4363 stationem,
765 4279 924 4337 debeamus
948 4278 1081 4356 planetas
1104 4283 1233 4356 quinque
1255 4281 1329 4339 inter
1350 4297 1381 4340 se
1404 4296 1486 4340 oom-

134 4385 243 4443 parare
266 4385 356 4427 musa
380 4367 629 4426 velocissimurum
652 4375 782 4441 tantam,
806 4376 835 4424 et
859 4371 1002 4442 quatenus
1026 4368 1045 4423 ii
1069 4366 1217 4443 linguntur
1236 4383 1349 4444 semper
1371 4384 1435 4427 esse
1458 4368 1488 4424 in
1526 4400 1529 4415 ·

136 4472 276 4531 apogaeo
300 4451 504 4537 epicycliffl).
549 4454 633 4513 'l'uac
656 4470 754 4513 eoram
777 4463 874 4512 motus
899 4452 992 4511 diurni
1015 4464 1189 4530 apparentes
1217 4455 1273 4513 aab
1296 4451 1418 4514 zodiaco
1441 4453 1487 4512 lris
1513 4510 1517 4523 ,

134 4545 276 4602 extremis
300 4542 480 4618 explicantur
500 4544 644 4602 numeris:
668 4540 785 4601 Saturni
809 4540 927 4617 quidem
951 4542 1023 4600 iuter
1049 4545 1064 4599 7
1089 4544 1152 4600 etti
1175 4543 1287 4600 minuta
1309 4543 1395 4601 unias
1416 4558 1487 4617 gra·

132 4628 207 4703 das,
235 4628 325 4689 Jovis
348 4632 421 4688 inter
439 4632 484 4688 ·13
508 4640 538 4689 et
564 4630 616 4701 18,
646 4627 750 4687 Martis
773 4632 847 4688 inter
870 4629 911 4687 39
935 4636 965 4687 et
987 4628 1046 4701 50,
1077 4627 1199 4689 Veneris
1221 4630 1295 4688 inter
1319 4630 1358 4688 73
1382 4637 1411 4688 et
1435 4631 1484 4703 76,

129 4715 276 4777 Mercurii
300 4719 373 4776 inter
396 4718 437 4776 90
460 4726 491 4777 et
513 4717 573 4776 135
597 4717 720 4775 circiter.
766 4714 880 4790 Quibus
904 4714 979 4775 adde
1002 4714 1191 4776 motasSalis
1213 4717 1348 4774 interii
1372 4722 1402 4775 et
1424 4713 1484 4790 ol‘,

100 4801 244 4866 ‘Lanae
265 4807 339 4865 inter
365 4808 400 4863 ll
426 4810 456 4863 et
482 4807 519 4863 15
542 4804 663 4880 padus.
705 4802 810 4877 ltaque
831 4803 950 4878 Jupiter
972 4796 1060 4878 duplo
1084 4803 1206 4864 celerior
1227 4820 1291 4862 esse
1314 4809 1411 4878 petest
1428 4802 1486 4862 Sa-

130 4899 240 4967 utrae,
272 4910 331 4968 quo
361 4891 448 4971 mado
478 4892 551 4954 baec
575 4893 643 4969 biga
666 4889 880 4966 comparabitur
903 4906 969 4950 cam
991 4893 1181 4953 consonantia
1209 4891 1360 4973 diapasoa.
1404 4889 1505 4951 Marsv

186 5012 288 5067 Kepleri
299 5011 375 5066 opera
387 5010 414 5056 V.
1289 4996 1330 5061 26
1354 5060 1357 5071 ,
