3567 5625
273 408 337 468 too
485 377 487 380 ’
783 398 1103 455 palmatianum.

273 581 401 642 varietas
423 587 555 638 motuum
577 579 606 635 in
629 576 757 653 planetis
780 577 913 654 singulis,
942 596 1001 638 non
1023 586 1121 656 potest
1143 580 1199 638 nisi
1224 583 1305 642 varia
1327 589 1357 641 et
1378 580 1530 660 multiplex
1557 579 1620 640 lieri

272 670 493 747 proportionum
521 667 596 734 itrter
618 681 669 723 eos
692 665 887 725 consideratio
918 673 947 725 et
969 666 1078 728 laboris
1100 684 1158 726 non
1182 670 1302 728 minimi.
1346 668 1424 729 Sunt
1452 672 1529 728 enim
1550 668 1619 746 pla·

274 757 350 816 netis
373 755 509 815 omnibus
538 755 583 811 sui
608 755 761 812 eccentricl
770 748 837 832 11¹),
869 770 993 829 quorum
1025 753 1073 815 vel
1095 756 1224 815 solorum
1256 774 1346 816 causa
1375 757 1417 816 illi
1448 756 1521 815 liunt
1542 756 1619 815 tardi

273 843 320 904 vel
345 844 479 917 veloces;
501 848 570 900 sunt
592 848 621 900 ct
643 839 783 917 epicycli,
816 843 866 916 qui
888 858 946 900 non
970 849 1082 901 tantum
1106 843 1267 904 velociores
1290 844 1357 902 illos
1379 854 1502 921 possunt
1524 844 1619 903 lacere

273 949 362 1008 quam
384 930 572 1002 eccentricns,
595 926 646 987 sed
669 935 699 987 et
714 927 1010 1003 planestationarios,
1033 934 1188 990 autetiam
1205 928 1455 1006 retrogradosW).
1482 930 1518 989 In
1534 931 1620 991 Luna

272 1027 302 1079 et
323 1011 468 1078 Mercurio
497 1022 654 1094 apparatus
684 1014 781 1075 adhuc
803 1015 991 1093 multiplicior
1013 1014 1109 1096 esti).
1153 1018 1211 1079 Sed
1243 1018 1372 1095 generali
1396 1019 1540 1078 divisione
1567 1026 1620 1079 ant

272 1116 368 1166 motus
391 1107 617 1166 eccentrlcorum
640 1104 760 1162 seorsim
783 1103 960 1162 considerari
983 1115 1115 1181 possunt,
1138 1116 1190 1166 aut
1212 1113 1309 1165 motus
1325 1107 1521 1183 epinyclorum
1537 1124 1620 1167 seor-

272 1197 346 1268 sim,
360 1192 453 1254 veluti
476 1191 556 1264 nudi,
581 1198 609 1250 et
631 1193 780 1266 proportio
803 1190 907 1249 horurn
935 1190 973 1251 ad
996 1191 1063 1251 illos
1091 1195 1121 1251 in
1142 1193 1269 1270 planetis
1291 1195 1430 1274 singulis,
1461 1204 1512 1253 aut
1535 1192 1621 1255 deni-

272 1299 330 1358 que
353 1282 507 1359 compositi
529 1286 625 1337 motas
648 1278 791 1355 cujusque
814 1297 850 1338 ex
873 1288 953 1338 motu
978 1282 1138 1340 eccentrico
1159 1289 1188 1340 et
1203 1282 1371 1359 epicycllco.
1418 1281 1514 1341 Primo
1530 1281 1620 1341 mods

273 1380 370 1429 rnotus
392 1368 575 1446 planetarum
606 1368 680 1425 inter
702 1383 734 1426 se
757 1365 840 1425 relati
871 1373 994 1444 possunt
1017 1371 1178 1444 comparari
1208 1373 1289 1428 sonis
1316 1370 1545 1429 consonantibus
1568 1369 1618 1428 sel

272 1457 509 1530 dissonantibus3
536 1453 664 1513 secundo
686 1452 774 1512 modo
802 1455 938 1530 planetae
961 1456 1070 1530 singuli
1093 1456 1277 1515 invenientur
1299 1457 1407 1517 habere
1440 1455 1555 1534 aliquid
1577 1460 1620 1514 si-

271 1543 340 1604 mile
363 1560 501 1620 generum
523 1549 643 1615 cantus3
665 1543 767 1600 tertius
789 1541 911 1614 modus,
936 1543 1045 1621 quippe
1068 1544 1301 1619 apparitionibus
1322 1553 1480 1624 cognatus,
1505 1561 1620 1603 rursum
1704 1563 1710 1568 ·

273 1632 360 1691 inient
382 1631 629 1707 comparationem
650 1628 831 1705 singulorum
861 1646 928 1688 cum
950 1629 1143 1690 tetrachordis
1170 1639 1199 1691 et
1222 1634 1300 1692 tonis
1333 1631 1534 1708 disjunctivis,
1566 1649 1621 1693 nec

274 1722 369 1778 minus
391 1726 421 1777 et
443 1735 509 1777 cum
530 1719 739 1776 consonantiis.

360 1806 458 1865 Prima
486 1805 574 1882 igitur
604 1810 633 1862 et
663 1802 911 1882 principalissima
938 1807 1118 1883 comparatio
1149 1807 1188 1864 sit
1216 1815 1348 1867 motuum
1381 1810 1620 1867 eccentrlcorum.

273 1895 327 1955 Est
349 1901 447 1954 autem
469 1892 542 1951 lraec
564 1892 629 1967 ipsa
651 1907 769 1968 quoque
792 1893 924 1966 gemina3
955 1892 1004 1952 vel
1026 1895 1103 1950 enim
1125 1901 1222 1954 motus
1250 1896 1325 1954 inter
1346 1912 1378 1954 se
1401 1894 1488 1954 medii
1517 1896 1621 1969 singu-

272 1982 367 2041 lorum
390 1988 611 2057 comparantur,
607 1978 675 2038 vel
698 1979 859 2039 velociores
882 1996 949 2050 oum
964 1980 1171 2039 tardioribus
1163 1999 1191 2038 ru
1208 1981 1341 2061 singulis,
1365 1989 1394 2042 et
1409 1981 1515 2058 singuli
1533 1985 1620 2039 unius

274 2087 339 2129 cunt
361 2067 484 2145 singulis
506 2067 692 2168 reliquorum
737 2066 790 2125 Est
821 2068 910 2143 igitur
939 2067 1099 2126 mediorum
1126 2078 1259 2129 motuum
1281 2070 1475 2129 consideratio
1498 2072 1619 2146 propria

273 2136 360 2233 hujus
382 2156 455 2229 loci,
485 2161 532 2229 ut,
563 2154 633 2229 quia
655 2156 786 2232 proxime
814 2153 974 2230 deprimis
997 2155 1183 2232 planetarum
1205 2156 1338 2233 sphaeris
1361 2159 1488 2234 egimus,
1520 2166 1618 2215 motus

274 2248 362 2305 etiam
384 2243 481 2303 illos
469 2260 532 2318 Jam
555 2241 758 2318 producamus,
781 2244 831 2317 qui
854 2244 954 2344 pr'nnis
977 2241 1035 2300 illis
1057 2225 1190 2319 sphaeris
1212 2248 1305 2321 primo
1331 2252 1361 2303 et
1384 2262 1434 2322 per
1456 2262 1488 2304 se
1511 2247 1620 2303 insunt

273 2332 339 2392 Hae
360 2334 447 2408 igitur
468 2331 671 2408 proportiones
693 2328 779 2389 facile
810 2332 938 2389 numeris
960 2331 1172 2406 exprimuntur,
1205 2335 1275 2409 quia
1305 2332 1465 2392 mediorum
1487 2343 1622 2391 motatum

272 2422 422 2498 proportio
448 2417 540 2477 veluti
564 2418 619 2477 sub
642 2417 778 2494 signifero
802 2417 910 2477 circulo
933 2415 1035 2476 eadem
1050 2425 1095 2477 est
1119 2436 1184 2478 cum
1199 2423 1386 2498 proportione
1402 2437 1506 2479 eversa
1521 2420 1622 2495 perio-

273 2506 385 2568 dorum.
436 2504 477 2565 Ut
504 2508 574 2582 quia
602 2503 721 2564 Saturni
745 2503 882 2583 periodus
912 2511 957 2563 est
984 2504 1023 2563 ad
1045 2504 1132 2565 Jovis
1155 2507 1307 2582 periodum
1336 2510 1412 2566 sicut
1435 2509 1475 2566 30
1505 2506 1546 2566 ad
1573 2508 1641 2579 ta,-

273 2612 362 2671 quare
386 2596 450 2654 vice
473 2611 558 2653 versa
580 2591 734 2652 Saturniae
762 2591 906 2670 sphaerae
938 2601 1034 2651 motus
1064 2593 1119 2651 sub
1142 2593 1207 2654 fixis
1237 2603 1282 2655 est
1311 2595 1350 2653 ad
1372 2593 1480 2655 Joviae
1509 2605 1623 2653 motum

271 2675 591 2761 mwmwm‘

359 2767 425 2829 Hoc
447 2769 546 2844 itaque
569 2776 655 2844 pacto
680 2774 724 2829 est
747 2767 822 2827 intev
844 2773 942 2827 motus
964 2764 1083 2827 Saturni
1106 2766 1236 2828 ctJovis
1260 2770 1419 2846 proportio,
1443 2785 1521 2846 quae
1544 2770 1622 2829 inter

275 2859 347 2918 bet
369 2860 388 2917 9
411 2857 481 2930 lere,
505 2858 578 2914 inter
600 2853 717 2914 Saturni
741 2863 770 2915 et
791 2855 913 2927 Martis,
946 2872 1022 2930 quae
1045 2857 1119 2915 inter
1144 2859 1182 2916 16
1206 2865 1236 2917 et
1261 2860 1276 2915 1
1300 2856 1348 2917 vel
1378 2860 1417 2915 tr
1449 2866 1478 2917 et
1501 2858 1520 2915 3
1545 2857 1622 2931 lere3

273 2950 348 3005 inter
371 2944 489 3005 Saturni
514 2952 542 3003 et
565 2941 658 3017 Solis,
690 2943 814 3003 Veneris
837 2952 867 3004 et
888 2942 1035 3015 Mercurii,
1059 2959 1136 3019 qnae
1160 2945 1202 3004 30
1224 2944 1262 3003 ad
1290 2949 1323 3019 ¹3
1352 2947 1428 3005 inter
1449 2944 1570 3004 Saturni
1593 2952 1624 3002 et

273 3033 385 3117 Lunae,
410 3049 487 3108 qnae
511 3033 573 3091 364
597 3030 687 3090 adl.
732 3029 781 3090 Sic
804 3033 878 3090 inter
901 3030 988 3090 Jovis
1018 3039 1047 3090 et
1068 3030 1187 3101 Martis,
1219 3049 1294 3108 quae
1317 3034 1391 3091 inter
1414 3033 1432 3091 6
1457 3035 1544 3105 etl,
1573 3030 1624 3089 vel

273 3124 349 3181 inter
374 3121 413 3180 19
437 3127 467 3179 et
489 3120 507 3177 3
531 3120 667 3196 propius3
689 3120 764 3177 inter
786 3117 874 3178 Jovis
898 3126 927 3178 et
948 3116 1042 3193 Solis,
1066 3118 1191 3180 Veneris
1214 3128 1244 3178 ct
1266 3119 1416 3195 Mercurii,
1445 3136 1522 3195 qnae
1546 3120 1624 3177 inter

273 3211 311 3267 12
336 3217 366 3268 st
397 3211 412 3266 l
447 3205 494 3265 vel
527 3208 600 3265 inter
626 3207 686 3265 101
712 3206 793 3264 ct9.
839 3205 918 3265 Inter
940 3204 1030 3265 Jovis
1051 3213 1082 3265 et
1104 3190 1220 3280 Lunae,
1249 3224 1325 3283 quae
1352 3209 1426 3265 iuter
1451 3209 1511 3266 141
1536 3208 1622 3265 etl.

274 3295 353 3354 Inter
381 3294 485 3354 Martis
509 3299 546 3352 et
573 3291 667 3366 Solis,
700 3292 821 3352 Vcneris
851 3301 881 3352 et
903 3291 1058 3366 Mercurii,
1087 3312 1163 3370 quae
1191 3297 1267 3353 inter
1289 3295 1351 3353 916
1380 3301 1409 3354 et
1432 3294 1513 3367 4873
1546 3296 1624 3351 inter

273 3381 377 3442 Martis
401 3388 430 3443 et
452 3381 569 3455 Lunae,
592 3396 668 3457 qaae
691 3382 765 3441 iuter
787 3382 827 3439 97
852 3386 881 3440 et
906 3383 920 3439 1
947 3380 993 3438 vel
1018 3381 1060 3440 80
1083 3390 1113 3440 et
1136 3384 1164 3440 3.
1209 3383 1289 3441 lnter
1309 3381 1400 3456 Solis,
1424 3380 1549 3441 Veneris
1574 3379 1623 3439 vel

273 3470 427 3543 Mercurii,
450 3476 479 3527 et
501 3471 576 3527 inter
597 3467 716 3541 Lunae,
740 3485 816 3544 quae
843 3470 880 3527 12
905 3467 943 3526 ad
969 3469 984 3526 l
1009 3467 1057 3527 vel
1082 3470 1144 3527 235
1167 3468 1205 3528 ad
1232 3471 1279 3528 19.

253 3602 260 3609 ,
358 3557 461 3633 Neque
491 3558 640 3634 praeteriri
670 3555 758 3615 debet
779 3572 834 3615 nec
855 3555 926 3628 lroc,
958 3552 1036 3630 quod
1059 3557 1136 3614 sicut
1165 3557 1194 3613 in
1220 3564 1379 3631 systemate
1406 3558 1518 3615 musico
1543 3555 1623 3615 duae

275 3644 400 3705 chordae
429 3643 563 3704 diversae
594 3645 735 3703 crassitiei
762 3642 841 3702 tendi
871 3653 995 3719 possunt
1024 3644 1053 3699 in
1078 3659 1168 3701 unum
1195 3640 1338 3715 sonitum,
1373 3660 1471 3702 crassa
1499 3643 1624 3718 quidem

273 3734 437 3805 remissius,
460 3731 576 3807 gracilis
601 3748 670 3791 vero
693 3730 810 3805 dunas,
833 3730 970 3789 methodo
995 3729 1062 3804 illa,
1092 3748 1153 3807 qua
1182 3729 1334 3791 docuimus
1363 3729 1437 3790 libro
1459 3728 1499 3790 ΙΙ.
1524 3734 1625 3807 gemi-

272 3827 342 3878 nata
371 3818 560 3879 monochordi
590 3819 788 3897 applicatione
815 3824 945 3894 systema
968 3819 1126 3891 iustruere,
1157 3820 1201 3877 sic
1233 3820 1321 3878 etiam
1354 3819 1383 3876 in
1415 3816 1525 3876 mundo
1562 3828 1625 3877 tres

274 3906 443 3981 inaequales
473 3904 633 3983 sphaerae,
663 3904 743 3965 Solis
771 3907 913 3978 maxima,
942 3904 1064 3965 Veneris
1094 3905 1207 3978 media,
1238 3905 1375 3966 Mercurii
1398 3905 1624 3980 angustissima,

273 4001 384 4052 motum
413 4010 502 4052 unum
537 3994 592 4052 sub
621 3992 745 4053 andiaco
775 3992 985 4069 periodquue
1017 3995 1132 4053 unicam
1164 3997 1301 4069 temporis
1330 4002 1398 4053 sunt
1420 3990 1624 4067 sortitaeVfl).

214 4132 220 4141 ,
273 4078 386 4157 Quodsi
403 4080 467 4156 jam
489 4083 665 4142 accesserint
685 4080 724 4140 ad
747 4078 802 4140 hos
824 4078 936 4139 medios
959 4088 1056 4139 motus
1080 4080 1236 4141 intervalla
1257 4081 1437 4158 singulorum
1459 4082 1536 4140 inter
1559 4089 1628 4140 tar-

273 4167 394 4228 ditatem
416 4170 446 4226 in
469 4186 603 4246 apogaeo
627 4169 780 4228 eccentrici
809 4175 839 4226 et
859 4167 1046 4227 velocitatem
1074 4170 1104 4224 in
1126 4170 1282 4247 pangaea,
1310 4167 1395 4228 lacile
1417 4175 1516 4246 patet,
1546 4171 1628 4229 inter

272 4257 358 4317 binos
385 4254 519 4334 planetas
546 4272 634 4333 posse
666 4257 790 4316 existere
821 4257 1024 4334 proportiones
1054 4255 1129 4315 alias
1156 4263 1246 4331 atque
1268 4255 1352 4316 alias.
1397 4255 1515 4314 Mutata
1544 4259 1627 4316 enim

181 4418 183 4425 Ι
273 4347 358 4403 unius
382 4343 557 4417 velocitate,
587 4350 619 4402 ut
641 4345 780 4417 termino,
811 4350 948 4403 manente
970 4342 1099 4420 reliquo,
1129 4347 1346 4420 proportionem
1369 4345 1476 4402 mutari
1497 4361 1627 4404 necesse

273 4439 317 4490 est
346 4439 429 4490 tanta
461 4449 513 4507 per
542 4429 673 4507 singulos
703 4432 870 4491 accessione
899 4430 947 4491 vel
976 4432 1190 4504 subtractione,
1225 4440 1365 4507 quantam
1388 4432 1442 4491 lert
1476 4431 1627 4508 cujusque

161 4524 163 4537 ’
273 4519 481 4579 eccentricitas.
527 4518 724 4579 Veruntamen
753 4536 813 4578 non
839 4518 896 4580 soli
919 4521 1072 4579 eccentrici
1100 4517 1320 4597 (praeterquam
1350 4520 1381 4576 in
1402 4518 1627 4591 luminaribus),

273 4604 326 4667 sed
350 4608 438 4668 etiam
462 4605 586 4685 epicycli
608 4609 730 4665 incitant
752 4606 800 4667 vel
823 4606 976 4666 debilitant
998 4616 1105 4666 motus.
1150 4606 1254 4682 Itaque
1270 4606 1343 4665 haec
1356 4623 1424 4682 pars
1439 4607 1527 4682 primi
1542 4607 1630 4666 modi

273 4711 426 4754 commune
455 4693 526 4770 quid
553 4694 643 4753 habet
669 4708 734 4752 cum
764 4693 853 4753 modo
885 4696 978 4754 tertio.
1023 4695 1220 4754 Transeamus
1252 4711 1330 4754 nnnc
1356 4693 1394 4752 ad
1425 4693 1631 4770 epicyclorum

272 4780 544 4857 considerationem,
567 4798 643 4857 qaae
666 4798 786 4841 numero
809 4779 939 4839 secunda
960 4781 1022 4840 luit.
1068 4782 1151 4843 Haec
1174 4785 1250 4842 enim
1268 4782 1417 4859 peculiare
1440 4790 1470 4841 et
1492 4782 1631 4842 insolens

272 4869 386 4948 aliquid
408 4869 506 4929 habet.
552 4868 586 4927 In
610 4866 750 4946 epicyclis
773 4868 850 4928 enim
872 4869 947 4926 ratio
969 4876 1101 4928 motuum
1130 4877 1175 4930 est
1197 4871 1343 4930 contraria
1364 4870 1493 4929 motibus
1516 4887 1631 4931 eccen-
