3567 5625
275 366 339 432 trs
789 330 1142 430 unaarumumu'

161 537 169 552 ¹
273 543 386 601 tioribus
404 552 468 603 aute
485 562 571 603 annos
589 550 624 605 14
649 551 679 619 (L
699 556 772 622 tte),
799 559 827 608 et
851 552 879 606 in
906 551 973 608 libro
997 551 1031 605 de
1049 549 1134 607 Stella
1150 551 1229 605 Nora
1253 553 1318 604 ante
1334 562 1421 603 muns
1441 547 1474 603 ib
1491 547 1532 616 (Π.
1551 546 1620 615 etti,

273 637 380 679 rursum
397 625 426 680 iu
444 625 536 681 Tertio
554 626 753 685 Interveniente
770 636 834 685 ante
852 632 967 687 annosi
987 631 1100 698 (1.609),
1119 635 1146 683 et
1164 627 1280 698 denique
1298 628 1326 682 in
1343 626 1541 683 Dissertatione
1557 643 1621 681 cum

273 704 370 758 nuncio
388 705 494 761 sidereo
513 707 626 764 Galilaei
644 715 708 764 ante
727 725 812 765 annos
831 710 847 766 6
874 714 914 769 (il.
934 715 993 772 obe)
1012 725 1065 764 non
1082 723 1171 778 pauca
1187 706 1319 773 disserui,
1345 705 1412 761 iacit
1437 713 1528 761 tamem
1553 722 1620 761 nou·

272 780 407 839 nullorum
425 787 559 842 cacozelia
576 793 604 843 et
621 789 762 858 supinitas,
780 797 811 844 ut
830 789 912 844 etiam
930 788 1060 848 hocloco
1079 788 1115 843 sit
1131 786 1233 856 aliquid
1252 785 1403 843 dicendum.

356 899 459 957 Notent
476 903 558 971 igitur
575 910 687 958 saturae
709 903 823 959 studiosi
850 913 905 960 um
921 903 1011 960 initia
1027 919 1108 974 quam
1125 917 1287 973 progressus
1304 901 1474 958 inventorum
1491 907 1519 957 et
1536 901 1620 957 intro

271 979 413 1036 ductorum
439 999 570 1039 novorum
597 987 763 1052 aspectuum
798 984 830 1040 In
848 983 980 1055 Mysterio
1000 983 1228 1054 cosmographico
1255 981 1362 1037 ostendi
1386 997 1422 1037 ex
1447 981 1621 1046 harmonicis,

271 1067 374 1128 septem
392 1063 501 1118 omuino
519 1079 580 1120 esse
598 1062 743 1118 divisiones
767 1063 885 1120 chordae
910 1064 1094 1120 harmonicas.
1119 1064 1159 1117 sic
1185 1069 1370 1129 comparatas,
1398 1066 1428 1115 nt
1453 1069 1547 1131 partes
1564 1066 1620 1114 tam

269 1138 340 1193 inter
357 1156 395 1208 se,
414 1159 495 1211 quam
514 1158 574 1200 cum
592 1143 697 1210 integra
714 1140 816 1198 chorda
834 1149 990 1198 consonent.
1027 1143 1094 1198 Cum
1112 1142 1154 1195 bis
1177 1148 1282 1211 septem
1300 1139 1477 1196 divisiouilm
1494 1141 1623 1205 chordae,

246 1215 339 1299 'qaae
355 1219 427 1276 lines
444 1229 519 1277 recta
536 1230 594 1289 est,
614 1219 856 1277 manuducentibus
874 1222 1030 1276 Ptolemaeo
1049 1228 1077 1275 et
1096 1220 1218 1277 Cardena
1236 1218 1413 1274 animadverti
1431 1219 1620 1289 cognationem

268 1296 437 1354 intercedere
454 1299 566 1354 totidem
585 1297 761 1354 divisionibus
779 1300 871 1354 circtdi
896 1316 946 1370 per
971 1298 1180 1369 applicationem
1198 1296 1328 1351 linearum
1346 1304 1495 1361 mentum,
1521 1296 1621 1366 quibus

268 1371 371 1441 figurae
388 1377 526 1443 regulares
544 1378 728 1434 inscribuntur
750 1378 864 1448 circul03
894 1385 1071 1434 cantantem
1095 1377 1147 1431 hae
1170 1377 1243 1432 latus
1263 1376 1417 1447 sexanguli,
1443 1377 1516 1432 latus
1541 1377 1620 1456 quin·

268 1454 404 1522 quungnli,
421 1456 493 1513 latus
510 1457 704 1528 quadranguli,
725 1457 797 1513 latus
815 1458 958 1527 trianguli,
977 1459 1109 1514 subteneo
1126 1455 1213 1511 tribus
1231 1458 1348 1528 octavis,
1367 1456 1496 1514 subtensa
1514 1457 1621 1513 duabus

268 1529 369 1597 quintis
395 1535 519 1604 partibus
536 1537 629 1594 circuli
647 1551 697 1590 eeu
719 1536 767 1592 uui
792 1536 891 1605 angulo
915 1535 1126 1606 quinquanguli,
1153 1541 1182 1591 et
1208 1536 1347 1592 diameter.
1383 1536 1558 1606 cognationis
1575 1535 1620 1591 lex

267 1606 336 1662 haec
354 1622 409 1680 est,
437 1614 511 1683 quod
529 1615 645 1671 circulus
663 1613 705 1669 his
724 1621 829 1685 septem
856 1616 943 1671 modis
967 1615 1069 1671 (lineus
1086 1630 1136 1670 seu
1154 1613 1277 1683 signatus
1294 1617 1322 1669 in
1342 1631 1396 1670 uua
1413 1614 1537 1685 qualibet
1554 1613 1620 1669 divi·

268 1687 344 1744 sione
363 1690 469 1749 duabus
487 1697 567 1766 notis,
586 1711 678 1751 arcum
696 1695 810 1764 ejusque
829 1695 987 1751 subtensam
1004 1695 1219 1763 terminantibus,
1239 1696 1262 1750 si
1280 1696 1443 1751 extendatur
1460 1697 1488 1750 in
1505 1701 1620 1764 rectum,

267 1764 396 1823 diremtus
423 1771 451 1827 in
477 1790 533 1829 una
559 1782 683 1830 notarum
709 1774 812 1844 datque
839 1775 944 1831 chorda
966 1782 994 1829 et
1019 1780 1189 1844 supponatur
1210 1773 1364 1843 magadium
1385 1781 1467 1830 nome
1484 1772 1619 1843 reliquae:

267 1853 359 1911 partes
386 1854 510 1920 magadio
532 1854 676 1910 distinctae
705 1861 733 1908 et
755 1854 828 1910 intes·
849 1870 879 1910 sa
902 1863 930 1908 et
952 1870 1014 1909 eum
1041 1861 1100 1908 tota
1122 1852 1224 1908 chorda
1249 1859 1408 1907 consonant.
1445 1852 1512 1908 Cum
1537 1852 1621 1919 igitur

267 1921 363 1980 harum
381 1940 484 1999 septem
503 1933 596 1989 circuli
614 1932 784 2003 divisionum,
802 1934 1026 2005 respondentium
1043 1941 1147 2005 septem
1167 1933 1343 1989 divisionibus
1360 1931 1523 1987 harmonicis
1541 1929 1621 1985 chor·

267 2002 326 2071 dae,
344 2015 461 2074 quatuor
478 2012 545 2078 sint,
564 2028 634 2081 quae
652 2011 769 2069 formant
786 2022 923 2084 aspectus,
943 2013 976 2068 ab
994 2014 1138 2082 astrologis
1157 2014 1296 2070 observari
1313 2012 1417 2083 solitos,
1437 2010 1541 2067 scilicet
1559 2026 1621 2066 sex-

266 2083 418 2155 anguiarls,
437 2090 673 2161 quadrangularis,
692 2093 866 2164 tmangularis
884 2100 913 2150 et
931 2094 1110 2161 diametraiis,
1129 2093 1278 2150 efficientes
1296 2092 1429 2163 sextilem,
1447 2091 1620 2160 quadratum,

267 2160 365 2251 finum
384 2173 412 2219 et
429 2168 595 2236 oppositum,
624 2179 652 2225 et
675 2188 735 2226 cum
759 2180 888 2228 constans
907 2173 1076 2241 experientia
1097 2179 1260 2239 testaretur,
1288 2170 1390 2240 figuras
1407 2170 1457 2226 bas
1475 2168 1568 2225 valere
1586 2166 1621 2222 ad

265 2241 428 2297 incitandam
447 2253 571 2302 naturam
589 2249 774 2321 sublunarem,
799 2254 907 2322 quoties
925 2253 1039 2308 duorum
1061 2253 1233 2323 planetarum
1250 2252 1319 2307 radii
1336 2250 1417 2306 talem
1435 2247 1540 2304 zodiaci
1558 2262 1621 2317 par·

266 2323 320 2372 tarn
338 2320 526 2394 intercipiunt,
546 2342 600 2380 uon
617 2328 705 2385 minus
725 2346 806 2399 quam
824 2330 942 2387 chordae
961 2330 1106 2388 divisiones
1124 2330 1319 2401 respondentes
1337 2329 1430 2385 valent
1447 2328 1483 2382 ad
1500 2326 1622 2382 suaviter

265 2394 457 2459 demulcendas
474 2420 568 2459 aures:
596 2405 622 2461 in
640 2407 711 2464 hanc
730 2410 883 2479 opinionem
901 2410 1013 2480 transii,
1039 2411 1193 2467 Creatorem
1211 2417 1259 2466 aut
1276 2427 1311 2466 ex
1328 2407 1490 2465 harmonicis
1508 2405 1641 2461 rationi·-

152 2531 155 2538 ,
264 2471 315 2529 bus
333 2476 496 2539 desumsisse
513 2482 588 2554 leges
608 2485 817 2544 ordinandorum
830 2497 997 2560 aspectuum,
1015 2499 1063 2545 aut
1080 2489 1114 2546 ad
1133 2489 1267 2545 coelestes
1278 2495 1406 2560 aspectus
1424 2494 1621 2555 attemperasse

265 2568 343 2646 aures
361 2556 506 2627 humanas,
530 2565 782 2620 concordantiamm
797 2567 913 2633 judices.
949 2568 1015 2623 Inde
1033 2585 1096 2624 vcro
1115 2569 1291 2638 sequebatur,
1313 2574 1439 2638 oportere
1457 2582 1508 2622 nos
1527 2563 1620 2635 plures

266 2641 346 2724 ettam
364 2642 393 2690 et
410 2639 518 2693 omnino
536 2651 642 2710 septem
667 2642 694 2696 in
720 2643 796 2698 coelo
815 2646 960 2701 obseruare
978 2656 1106 2717 aspectus
1128 2656 1238 2719 praeter
1254 2647 1485 2716 conjunctionem,
1514 2644 1621 2700 scilicet

264 2721 345 2768 etiarn
363 2716 517 2786 quintilem,
543 2717 713 2788 biquiutitem
732 2730 761 2776 et
779 2726 969 2797 sesquadrum3
996 2728 1078 2783 sicuti
1096 2736 1161 2783 suut
1182 2728 1210 2782 iu
1228 2727 1331 2782 musica
1348 2731 1457 2796 praeter
1473 2725 1620 2780 unisonum

264 2799 369 2861 septem
387 2793 456 2850 aliae
474 2812 555 2852 voces
573 2798 770 2857 concordantes
788 2820 849 2859 cum
868 2805 933 2874 ima,
960 2806 1082 2876 singulae
1106 2823 1140 2862 ex
1165 2805 1279 2876 singulis
1304 2804 1480 2861 divisionibus
1499 2804 1619 2861 chordae

189 2906 192 2915 ’
264 2881 340 2926 ⁰1²⁸ss
347 2915 354 2943 ι
378 2875 953 2953 utimini&⁸1¹⁰effectuiudaequetur.
987 2884 1168 2955 Sequentibus
1191 2885 1268 2941 annis
1287 2901 1348 2938 cum
1368 2883 1512 2953 diligenter
1530 2892 1619 2941 atten-

167 2966 171 2977 ¹
264 2950 354 3004 derem
373 2952 407 3006 ad
426 2953 496 3025 dies,
516 2955 613 3024 quibus
631 2958 701 3012 tales
720 2968 848 3029 aspectus
867 2963 1041 3032 contingunt,
1060 2966 1166 3035 quoties
1185 2964 1236 3020 soli
1254 2963 1423 3021 incidebant.
1441 2963 1620 3020 animadverti

264 3029 437 3099 creberrime,
464 3034 605 3101 quintilem
631 3044 659 3091 ct
677 3037 847 3106 biquiutilem
866 3041 992 3097 efficaces
1015 3058 1090 3111 esse,
1116 3042 1251 3098 interdum
1274 3043 1356 3099 etiam
1373 3040 1542 3112 sesquadrus
1559 3057 1620 3098 sese

264 3107 380 3176 prodere
397 3107 548 3167 uidebatur.
585 3115 711 3170 conclusi
729 3117 825 3186 igitur}
853 3119 994 3175 addendos
1012 3138 1072 3177 esse
1090 3131 1144 3178 tres
1167 3123 1218 3176 hos
1237 3128 1365 3190 aspectus
1383 3120 1507 3190 reliquis,
1534 3120 1618 3191 idque

264 3184 298 3238 ad
317 3184 492 3241 Maestlinum
510 3194 537 3253 (l
557 3196 617 3252 201)
636 3201 664 3247 et
681 3193 835 3251 Fabricium
855 3198 884 3263 (1.
898 3204 949 3251 eoa
968 3219 987 3252 s.
1007 3204 1068 3271 eta)
1086 3201 1231 3271 perscripsi
1249 3208 1276 3255 et
1295 3216 1366 3256 auno
1385 3202 1463 3258 1602.
1482 3201 1618 3257 'lhesibns

262 3264 297 3319 de
309 3265 504 3323 Fundamentis
520 3270 700 3342 Astrologiae,
719 3275 819 3344 quibus
837 3275 912 3331 illius
930 3276 994 3333 anni
1011 3280 1203 3348 prognosticon
1223 3294 1283 3335 eum
1300 3278 1467 3349 complexus,
1486 3279 1619 3349 evulgavi

262 3344 306 3398 Ex
324 3344 377 3399 hoc
394 3346 486 3416 itaque
504 3358 626 3419 tempore
643 3355 767 3408 certatim
785 3363 950 3423 prognostae
968 3354 1012 3412 his
1030 3364 1144 3413 utuntur
1171 3358 1335 3427 aspectibus.
1372 3357 1425 3413 Sed
1443 3358 1544 3413 accidit
1561 3359 1619 3428 qui·

252 3421 384 3512 busdam,
405 3432 435 3480 ut
452 3427 706 3497 sesquiquadratum
724 3433 752 3486 in
771 3433 1000 3503 semiquadratum
1019 3436 1190 3507 mutaverint,
1210 3452 1259 3491 seu
1277 3451 1369 3491 errore
1386 3436 1489 3491 librarii
1506 3437 1617 3504 inducti,

263 3517 387 3592 ssve‘sus
405 3504 622 3568 ratiocinatione.
650 3510 707 3566 sice
730 3513 847 3580 deniqne
872 3514 1042 3569 auctoritate.
1079 3516 1149 3571 Nam
1173 3533 1233 3571 cum
1253 3531 1302 3585 cgo
1321 3533 1371 3585 pro
1389 3516 1617 3585 sesquiquadrato

262 3581 404 3673 breuitatis
422 3600 505 3639 causa
523 3587 691 3656 scripsissem
711 3592 889 3661 sesquadrum
919 3594 1001 3662 (quod
1028 3595 1171 3650 ridebatur
1188 3612 1287 3651 sonare
1311 3595 1420 3651 latinius
1438 3613 1521 3665 quam
1538 3597 1618 3652 tsine·

261 3658 335 3728 trlrs),
352 3665 541 3734 typographus
562 3667 662 3723 alicubi
681 3671 767 3740 sigma
787 3672 905 3727 medium
924 3672 1016 3727 omisit
1034 3674 1221 3743 expressitque
1240 3673 1416 3744 soquadrum;
1436 3679 1464 3728 et
1481 3674 1536 3729 hac
1552 3689 1617 3728 voce

263 3743 378 3794 utuntur
395 3741 477 3797 bodie
495 3743 578 3814 aliqui
597 3763 646 3816 pro
672 3750 830 3818 sesquadro.
869 3751 954 3820 Atqui
978 3752 1128 3822 sequadrbs
1151 3759 1229 3808 sonat
1253 3752 1453 3821 semiquadrnm
1471 3768 1521 3808 scu
1540 3752 1617 3808 semi·

262 3817 436 3892 quadratum,
464 3830 496 3878 ut
514 3823 613 3880 sebbva
630 3828 808 3899 semilibram,
837 3830 973 3886 semodius
998 3830 1191 3887 semimodium.
1226 3831 1324 3900 Itaque
1346 3831 1391 3886 alii
1414 3831 1523 3902 decepti
1540 3833 1617 3886 semi·

156 3896 158 3903 ’
262 3895 465 3967 quadratoe,id
485 3905 891 3979 estoctiles,computantpro
912 3912 1077 3981 sesquadris,
1097 3911 1305 3980 t5⁰pro1sb⁰.
1335 3910 1413 3979 Quod
1432 3928 1493 3967 cum
1511 3918 1617 3968 ceteros

170 3978 176 3985 ‘
262 3977 411 4035 monuisset
427 3981 531 4039 Marius
556 3985 584 4039 iu
606 3989 779 4055 prognosu'co
802 3990 866 4045 anni
885 3991 969 4053 tots.
997 3992 1104 4049 exstitit
1124 4000 1215 4047 tamen
1233 3989 1403 4059 amolum,
1430 3991 1477 4060 (lui
1495 3998 1528 4047 ¹st
1544 3998 1616 4048 ‘00‘0

261 4051 363 4109 iactum
382 4068 539 4117 constanter
557 4071 689 4135 tueretur,
708 4068 755 4137 qui
773 4070 854 4124 etiam
868 4070 922 4125 buc
934 4070 999 4125 mihi
1015 4072 1119 4141 tribuit,
1138 4084 1172 4126 ex
1190 4086 1251 4126 mea
1262 4070 1399 4126 sententia
1415 4071 1617 4141 semiquadrum

261 4133 467 4224 observandum,
487 4144 559 4210 qaod
573 4160 626 4216 ego
639 4163 692 4201 non
711 4162 745 4202 ex
763 4149 846 4203 animi
863 4151 1007 4217 sentemia,
1025 4151 1074 4207 sed
1087 4151 1183 4208 saltem
1200 4158 1232 4207 ut
1248 4150 1428 4219 objectionem
1446 4150 1616 4220 scripserant

262 4211 371 4268 Scilicet
388 4217 459 4271 ratio
477 4236 537 4276 mea
552 4222 610 4290 jam
629 4239 662 4277 ex
681 4224 843 4282 harmonicis
861 4229 997 4297 explicata
1016 4246 1069 4284 non
1087 4230 1154 4285 satis
1172 4231 1273 4286 insedit
1289 4231 1421 4287 lectorum
1438 4230 1550 4298 anisnis,
1568 4231 1616 4284 ita·

261 4306 314 4358 que
331 4291 446 4385 velutin
460 4300 677 4370 supplementum
696 4305 755 4372 ejus
774 4316 917 4362 accersunt
934 4308 1151 4378 praecellentiam
1169 4311 1342 4381 semiquadri,
1359 4309 1407 4364 sed
1426 4323 1460 4362 ex
1477 4306 1618 4377 principiis

260 4368 340 4460 louge
358 4373 426 4429 altre.
463 4378 494 4432 ln
513 4380 547 4435 iis
565 4397 629 4435 vero
647 4384 801 4454 principiis,
821 4403 891 4455 quae
910 4384 1043 4457 tunc'ego
1063 4389 1209 4458 sequebar,
1229 4390 1333 4446 nullum
1351 4388 1441 4442 locum
1459 4386 1559 4442 babuit
1575 4402 1616 4441 se·

259 4450 417 4537 miquadrus
435 4456 477 4509 sel
496 4458 592 4527 octilis,
611 4459 663 4515 boc
681 4469 731 4529 est,
750 4463 845 4519 divisio
864 4465 982 4521 chordae
1001 4474 1117 4536 cognata
1135 4469 1289 4535 octangulo.
1313 4467 1407 4523 Divisa
1425 4465 1496 4520 enim
1515 4463 1617 4525 chorda

259 4542 287 4580 111
308 4531 319 4583 t
340 4538 368 4584 et
385 4535 414 4602 t,
442 4535 494 4589 etsi
512 4545 680 4605 segmentum
700 4543 711 4595 l
733 4558 793 4596 cum
812 4550 871 4597 tuta
888 4543 906 4598 8
924 4550 1068 4612 consonat,
1096 4552 1187 4600 tamen
1205 4562 1293 4617 neque
1316 4547 1455 4603 residuum
1473 4547 1491 4602 7
1509 4545 1613 4610 cnmfl,

258 4622 348 4698 neque
372 4613 385 4665 1
406 4629 466 4668 cum
485 4619 502 4672 7
519 4626 677 4674 consonant.
714 4619 797 4675 Secns
820 4628 863 4675 est
887 4621 915 4676 in
942 4621 1090 4691 sesquadro
1115 4639 1164 4677 seu
1187 4625 1309 4691 trioctili,
1335 4625 1382 4682 ubi
1400 4624 1519 4681 circulus
1537 4634 1565 4680 et
1580 4620 1614 4677 ad

201 4724 203 4733 ,
259 4700 319 4756 eJns
337 4692 491 4763 exemplum
508 4696 611 4752 chorda
628 4696 756 4754 dividitur
771 4700 799 4754 in
818 4701 875 4754 bet
886 4703 918 4770 53
937 4707 1089 4756 consonant
1106 4703 1177 4758 enim
1188 4711 1244 4760 tam
1262 4711 1404 4776 segmenta
1420 4705 1479 4761 iet
1491 4705 1517 4767 b,
1535 4716 1614 4772 qnam

259 4776 348 4829 totum
365 4771 384 4832 8
401 4780 429 4833 et
446 4790 508 4832 cum
525 4776 542 4834 3
561 4783 589 4836 et
607 4793 668 4834 cnm
685 4778 702 4834 5
722 4783 862 4835 consonat.
