3567 5625
654 410 739 479 libor
755 410 801 479 IV.
821 414 914 493 Caput
929 416 963 477 V.

30 624 32 653 ι
132 614 197 669 qnos
215 597 328 655 matitia
346 595 464 654 drenlns
482 597 539 653 sais
557 612 619 652 enm
636 596 767 667 arcubus,
785 612 842 654 non
859 595 951 658 aliter,
970 595 1021 652 nisi
1037 608 1094 649 mn

132 683 191 732 neat
207 677 245 747 id,
264 677 339 747 qnod
358 691 419 732 esso
437 676 542 741 dicitnr,
564 682 701 744 qnatenus
719 691 756 731 se.
774 684 802 732 et
813 675 929 743 liguram
941 675 1023 730 babet
1044 672 1095 728 cir.

131 755 249 813 wlarem
268 764 297 812 et
308 774 368 813 earn
379 758 513 826 integram
524 759 633 814 refluet
670 759 701 825 2)
719 757 918 811 consonantiae
933 769 989 809 non
1001 767 1095 807 onnes

131 835 237 905 aequali
256 836 461 906 propinquitate
478 836 700 907 propagabantur
722 832 859 890 acirenlo
880 833 994 903 ejusque
1011 829 1095 900 perti·

131 913 195 983 bus3
219 930 284 969 nam
309 915 417 986 aliquae
439 923 528 969 ortum
550 932 629 970 strum
646 915 802 971 referebant
824 916 860 971 ad
880 920 974 984 partes
991 910 1094 976 circuli,

132 1004 265 1062 qnatenus
284 995 351 1063 ipsis
368 1011 423 1049 non
441 1000 472 1049 ut
490 994 584 1049 obtuli
601 994 730 1063 partibus,
749 994 797 1047 sed
815 1001 846 1049 ut
858 992 940 1048 rectis
951 990 1030 1046 lineis
1049 1006 1093 1046 ac·

133 1072 241 1128 ridebat
259 1072 370 1142 aliquid,
389 1073 484 1129 eadem
502 1088 540 1128 so.
559 1072 663 1142 divisio,
682 1090 752 1145 quae
765 1074 866 1129 olrmrlo
880 1073 943 1139 toti,
961 1077 1093 1127 utosten·

132 1168 190 1207 sum
212 1151 284 1206 libro
307 1151 356 1207 ΠΙ.
392 1154 494 1209 Contra
514 1158 558 1208 est
577 1154 606 1207 in
632 1154 801 1222 aspectibus,
828 1155 888 1222 ejns
913 1153 997 1221 euim,
1021 1149 1096 1219 qaod

133 1237 235 1285 tanturn
248 1231 349 1311 megalo
366 1231 525 1301 respondet,
542 1246 670 1286 mansura
687 1231 762 1287 nullo
780 1232 861 1287 modo
883 1237 976 1301 potest
993 1231 1096 1285 btbms

133 1320 285 1380 respectum
302 1309 480 1366 rectitudinis.

216 1402 438 1480 Propositio
460 1402 501 1463 11.
546 1401 644 1480 Major
672 1410 717 1463 est
740 1402 943 1463 radiationum·
960 1403 1097 1478 cognatio

136 1507 198 1550 tum
225 1490 328 1567 liguris
350 1489 554 1566 regularibus,
579 1507 669 1566 qnam
693 1497 757 1550 erat
779 1493 1045 1551 consonantiarum.

218 1572 356 1628 Probatur
378 1573 496 1643 primum
520 1590 536 1628 a
561 1572 800 1628 cucumierentiali
822 1573 919 1641 figura.
960 1573 1030 1629 Nam
1054 1569 1101 1625 ubi

136 1652 250 1708 circulus
268 1653 381 1720 integer,
398 1653 436 1706 ibi
454 1662 482 1708 et
500 1653 587 1722 figura
604 1652 736 1723 regularis
755 1651 873 1721 integra:
893 1651 942 1707 aed
954 1651 1041 1721 magis
1059 1657 1103 1706 est

137 1732 251 1788 dmulus
275 1734 382 1802 integer
405 1733 433 1786 iu
456 1731 627 1788 dimetiendis
650 1731 832 1786 radiationum
856 1731 979 1799 angulis,
1004 1746 1054 1801 per
1078 1731 1104 1789 1.

137 1828 196 1882 argo
220 1821 251 1867 et
268 1811 358 1882 figura
375 1817 501 1880 respectu
524 1809 706 1867 radiationum
729 1808 813 1876 magis
841 1816 871 1863 ut
889 1810 997 1878 integra
1015 1808 1103 1865 consi-

138 1889 223 1945 derari
250 1900 350 1960 potest
387 1891 488 1945 Contra
512 1890 540 1944 in
565 1888 761 1945 consonantiis,
791 1893 822 1941 ut
847 1888 966 1943 circulus
988 1887 1102 1956 ejusque

137 1978 225 2037 partes
237 1968 266 2022 in
280 1977 384 2024 rectum
393 1977 522 2038 poterant
534 1970 645 2026 exenni
658 1969 739 2024 salsis
757 1967 950 2035 consonantiis,
969 1967 1009 2022 sio
1021 1966 1103 2019 etiam

60 2104 64 2110 ,
138 2048 223 2102 omnia
241 2047 345 2117 figurae
362 2048 501 2103 laterado
520 2050 633 2105 eandem
661 2058 689 2105 et
706 2068 787 2107 unam
804 2057 905 2106 rectam
927 2044 1036 2102 extendi
1054 2059 1103 2112 po·

138 2134 223 2182 teram
241 2142 330 2197 eaque
348 2146 409 2184 cum
427 2145 481 2184 uno
499 2128 603 2200 figurae
627 2130 713 2185 latere
730 2129 871 2185 rectilineo
895 2126 985 2180 iacere
1003 2136 1099 2178 conso-

139 2205 264 2261 nantiam.
302 2206 361 2261 Hoc
378 2223 442 2261 rero
459 2218 541 2278 pacto
561 2210 600 2265 uti
618 2210 746 2279 circulus,
765 2209 804 2264 sio
819 2208 901 2263 etiam
918 2204 1006 2273 figura
1023 2201 1103 2257 recti-

138 2283 205 2340 linea
223 2300 303 2340 snam
320 2284 508 2357 figurationem
526 2290 635 2359 amittit,
656 2297 686 2344 ut
703 2287 791 2357 figura
809 2286 925 2355 amplius
944 2300 1000 2338 nou
1018 2283 1061 2336 sit

221 2364 361 2419 Probatur
382 2363 543 2421 secundo'a
565 2367 678 2423 centrali
699 2365 793 2435 figura.
829 2362 931 2435 Anguli
955 2369 1019 2416 sunt
1036 2359 1103 2427 tigu-

139 2458 226 2497 rarum
249 2442 398 2511 elementa;
417 2443 475 2513 jam
498 2446 552 2501 duo
574 2446 642 2500 radii
666 2444 771 2500 iaciant
795 2443 923 2512 angelium
946 2442 974 2496 in
999 2446 1103 2508 centro,

139 2523 181 2591 qui
199 2520 346 2590 aliquoties
372 2524 505 2592 repetitus
532 2531 701 2579 consummat
717 2522 846 2593 figuram,
875 2528 907 2575 ιιι
929 2525 1044 2591 apparet
1070 2533 1103 2571 ex

139 2599 320 2655 schematibus
338 2598 422 2655 bisce.
458 2601 490 2656 Id
509 2609 598 2657 autem
616 2619 670 2656 nou
688 2600 771 2656 flebat
789 2601 816 2655 in
835 2608 897 2656 ortu
915 2599 1104 2655 consonantia-

139 2694 210 2749 rum;
228 2678 323 2732 nullus
340 2679 411 2732 enirn
428 2680 467 2734 ibi
485 2681 538 2735 init
554 2688 696 2749 respectus
714 2680 806 2749 anguli
824 2681 853 2735 in
871 2687 976 2735 centro.
1011 2677 1101 2746 Magis

138 2757 218 2827 igitur
236 2757 384 2813 familiares
401 2765 465 2814 snut
482 2758 586 2831 figurae
604 2760 774 2831 aspectibus,
792 2774 873 2832 quant
892 2758 1084 2816 consonantiis.

222 2937 451 3015 Propositio
473 2940 529 2999 111.
575 2933 774 3018 congruentia
804 2942 961 3018 figurarum
991 2945 1059 3022 plus
1089 2953 1189 3026 potest
1221 2950 1251 3007 in
1283 2946 1496 3008 constituendis

140 3026 420 3102 configurationibus
442 3028 624 3105 efficacibus,
647 3048 736 3107 quam
759 3033 788 3092 iu
811 3035 1020 3092 consonantiis.

225 3145 397 3211 Argumenta
422 3144 505 3214 bajas
530 3147 570 3201 rei
593 3147 679 3202 multa
702 3155 859 3219 suppetunt.
896 3153 920 3216 1)
939 3151 1123 3221 congruentia
1141 3157 1183 3206 est
1206 3151 1361 3222 proprietas
1385 3153 1497 3220 figurae,

142 3231 277 3290 qnatenus
295 3222 385 3289 figura
402 3231 461 3278 tota
477 3233 521 3280 est
537 3225 710 3296 speciemque
727 3228 825 3299 babet;
847 3229 924 3297 atqrd
940 3229 1044 3298 figura,
1062 3238 1197 3300 qnatenus
1215 3229 1287 3287 banc
1304 3230 1422 3300 speciem
1439 3237 1499 3285 tots

141 3298 233 3371 babet,
253 3303 371 3370 primum
389 3302 517 3373 ipseper
534 3322 564 3360 sc
581 3306 668 3374 magis
685 3314 728 3362 est
746 3306 1134 3377 oognataconflgurationibns
1145 3324 1227 3377 qnam
1240 3308 1431 3372 consonantiis,
1449 3323 1499 3377 per
1547 3323 1551 3332 ¹

142 3394 182 3445 pr.
201 3380 227 3445 2,
247 3380 347 3435 deinde
365 3382 461 3437 dividit
477 3384 607 3440 cironlum
626 3393 657 3441 ut
676 3393 762 3441 totum
780 3386 944 3450 barmoniae,
962 3385 1078 3442 dmnlm
1096 3400 1160 3440 vero
1172 3385 1252 3442 etiam
1270 3385 1358 3453 magis
1374 3393 1417 3441 est
1434 3400 1498 3441 oon·

139 3458 349 3527 figurationibus
373 3472 519 3530 cognatus,
542 3481 623 3533 quam
645 3465 841 3533 consonantiis,
864 3480 915 3535 per
936 3481 976 3534 pr.
1001 3467 1027 3519 1.
1064 3464 1155 3532 Quiane
1179 3470 1308 3532 utroque,
1339 3469 1367 3517 et
1392 3463 1499 3532 privato

140 3535 245 3604 banne
264 3539 373 3596 nomine
392 3552 420 3595 et
437 3545 573 3598 communi
590 3544 693 3613 figurae
712 3551 739 3598 st
756 3544 863 3613 circuli,
887 3543 1081 3611 congruentiae
1098 3557 1207 3610 quoque
1224 3541 1370 3610 figurarum
1389 3541 1417 3594 in
1435 3556 1499 3595 con·

139 3615 352 3684 figurationibus
371 3637 452 3689 quam
469 3622 497 3676 in
515 3623 698 3677 consonantiis
719 3624 757 3678 vis
776 3631 818 3678 est
835 3622 929 3691 major.
965 3623 990 3684 2)
1008 3623 1033 3677 A
1052 3638 1165 3677 numero
1183 3619 1337 3690 figurarum.
1374 3619 1497 3687 Usurpa·

139 3696 227 3753 rimus
246 3698 320 3752 enim
337 3699 390 3754 boc
406 3715 456 3768 per
474 3702 610 3757 axiomata
628 3703 790 3770 praemissa,
809 3701 913 3771 figuras
930 3717 991 3756 esse
1009 3699 1134 3756 efficaces
1156 3716 1205 3769 per
1223 3715 1287 3754 suas
1305 3698 1497 3768 proprietates.

136 3773 190 3829 Ubi
208 3791 277 3847 ergo
304 3778 390 3848 magis
415 3780 564 3850 respondet
591 3797 719 3836 ntsmerus
744 3779 965 3850 efficiendorum,
989 3779 1027 3834 ibi
1048 3779 1135 3849 mmor
1155 3791 1254 3833 caussa
1282 3774 1408 3844 cognatio
1434 3791 1494 3830 cam

136 3852 250 3925 effectu
270 3856 367 3913 salum
384 3860 571 3929 probabiliter.
607 3862 692 3931 Atqui
709 3868 740 3915 ut
757 3875 895 3930 conpone
911 3859 1015 3929 figurae
1032 3874 1137 3929 paucae
1155 3863 1227 3925 sunt,
1244 3856 1285 3911 ita
1301 3855 1382 3911 etiam
1401 3869 1498 3924 aspen·

138 3942 184 3990 tns
203 3937 302 4007 pauci,
331 3940 405 4007 quod
422 3941 592 4011 experientia
609 3948 738 4010 testatnr3
768 3940 822 3996 nisi
843 3941 914 3994 enim
928 3941 1010 4010 pauci
1028 3945 1133 4006 essent,
1160 3951 1259 4007 magna
1281 3940 1356 3991 esset
1373 3932 1499 3990 conlusio

137 4012 260 4086 illorum,
277 4019 560 4089 msgua‘ircquentia,
582 4020 620 4074 ita
637 4026 669 4074 ut
686 4019 777 4087 anguli
795 4020 909 4074 seorsim
934 4019 991 4073 suis
1016 4018 1110 4084 diebus
1135 4015 1272 4070 observari
1297 4028 1351 4067 non
1369 4018 1498 4081 possent;

136 4103 164 4148 at
186 4105 308 4165 possunt
326 4098 477 4167 obseruari,
503 4116 558 4155 non
582 4106 646 4155 sunt
664 4099 747 4170 igitur
768 4098 867 4153 induiti
890 4107 1017 4158 numero:
1045 4099 1140 4150 contra
1168 4091 1361 4147 consonantiae
1383 4102 1500 4160 possunt

137 4172 265 4228 infinitae
283 4191 357 4242 esse,
375 4180 595 4248 augmentatione
612 4179 814 4235 intervallorum
834 4192 884 4247 per
900 4176 1047 4245 diapason3
1075 4178 1107 4228 ut
1255 4190 1305 4242 ιιι.
1318 4191 1351 4240 aa

136 4251 248 4309 scibiles
265 4253 370 4326 figurae
386 4258 508 4314 infinitae
525 4268 597 4315 sunt.
632 4261 659 4328 3)
672 4260 719 4326 ‚Ab
737 4257 856 4315 assentis
872 4257 1057 4321 terminorum,
1074 4253 1103 4306 in

136 4331 239 4398 quibua
258 4333 411 4391 contutant
427 4338 617 4406 proportiones
634 4339 698 4395 binc
715 4347 743 4393 et
761 4338 832 4393 inde.
867 4335 970 4404 Motus,
989 4347 1103 4405 qnorum

137 4408 249 4464 allectio
269 4411 338 4478 soni,
357 4413 385 4468 in
401 4415 464 4483 fieri
480 4416 687 4472 considerantur
705 4425 732 4471 et
750 4423 884 4486 quatenns
897 4422 1005 4484 tompus
1023 4427 1102 4468 oocu-

137 4499 216 4556 pant·
235 4489 404 4547 radiationes
421 4494 507 4564 magis
525 4493 553 4548 in
571 4512 626 4553 raas
642 4506 838 4552 momentaneo.
875 4495 952 4549 Sicut
967 4493 1039 4549 enim
1050 4492 1104 4546 hoo
1169 4543 1173 4564 ,

135 4576 278 4626 momento
295 4577 339 4626 est
356 4570 467 4640 aliquod
485 4589 591 4644 corpus,
609 4576 648 4630 sic
665 4575 746 4630 etiam
764 4574 816 4629 hoa
840 4579 978 4628 momento
996 4577 1039 4625 est
1055 4570 1103 4625 ali·

136 4661 190 4715 qua
207 4648 340 4713 radiatiot
367 4650 400 4705 de
418 4660 492 4707 motu
510 4669 587 4721 vero,
610 4652 684 4724 quod
701 4654 853 4724 praeteriit,
868 4652 896 4707 id
915 4669 969 4707 non
987 4658 1029 4705 est
1047 4665 1102 4704 arn-

135 4725 224 4796 plius,
251 4729 326 4799 quod
344 4731 482 4801 sequitur,
506 4734 535 4789 id
552 4733 672 4789 nondum
690 4738 745 4802 est,
767 4734 794 4786 in
812 4740 949 4788 momento
966 4728 1033 4785 nibil
1052 4736 1104 4783 est.

137 4809 325 4882 Congruentia
341 4828 407 4867 raro
425 4813 510 4882 magis
527 4811 635 4868 ridetur
652 4826 746 4866 eorum
763 4827 825 4868 esse
842 4827 913 4882 qnae
930 4817 1003 4882 nant,
1022 4824 1104 4878 quam
1200 4795 1215 4832 l
