3567 5625
255 390 320 450 sso
722 390 889 462 sapenos·
906 371 1131 466 mossarum

254 565 402 642 bnjnsque
434 567 700 643 comprehensionis
722 572 762 644 (si
784 586 845 646 qua
871 570 925 629 illa
947 571 976 627 in
1000 570 1142 641 numia,
1169 573 1202 625 nt
1226 572 1272 625 cst
1292 562 1476 637 harmonica,
1495 561 1603 622 ‘locum

254 653 445 728 rranciecltor)
474 657 681 714 eaeoellontiom
711 658 889 717 ιὸιιιιῡιιηι
943 656 1000 732 Qui
1032 673 1097 714 cons
1114 656 1168 713 =sit
1194 655 1445 730 comparationum
1476 668 1606 709 mearum

254 757 371 816 scopus,
395 741 546 801 ostendere
568 742 679 803 scilicet
701 744 867 818 lectoribus,
891 743 971 821 quod
993 745 1173 814 harmonica,
1195 760 1256 800 rein
1278 739 1526 810 mathematicam,
1549 754 1606 812 ego

255 829 367 887 tradam
390 829 608 903 mathematice,
639 838 671 890 tu
694 831 876 906 Humatioe,
909 834 997 891 unitor
1017 833 1120 906 igitur,
1152 845 1203 888 cur
1232 829 1315 886 illum
1346 836 1377 886 tn
1399 827 1471 885 mihi
1500 843 1606 903 pergas

254 916 394 988 ablatum,
418 933 505 991 quem
528 917 663 977 omnibus
686 922 825 997 orationis
840 928 908 979 tuac
925 918 1037 979 voculis
1054 917 1216 976 confirmari
1235 916 1383 990 altiusque
1399 913 1485 989 defigi
1503 915 1607 973 cernis.

341 1002 399 1063 Sed
428 1004 582 1064 audemus
613 1009 716 1080 etiam,
747 1008 818 1084 quid
847 1017 878 1067 tu
900 1011 974 1067 areis
1004 1007 1129 1082 objicias
1157 1003 1454 1063 demonstrationibus
1477 1002 1607 1060 musicis.

254 1090 342 1150 noae
364 1094 461 1166 inquis
484 1092 613 1152 chordas
635 1096 773 1170 aequans
795 1099 937 1155 ιιιιιιοιιιι
957 1094 1150 1169 sicamque
1170 1091 1378 1167 ιοιιρίιιιάιιιίι,
1401 1088 1453 1149 red
1471 1088 1610 1147 diversos

252 1180 418 1256 grossitiei,
448 1185 661 1239 marmoustier
691 1185 796 1241 varius
824 1186 859 1240 in
885 1184 1032 1258 praeibas
1061 1188 1089 1239 ιι
1117 1182 1215 1238 acam
1241 1177 1366 1237 reddere
1393 1178 1497 1235 ιοὶιιιι
1544 1177 1606 1234 hat

254 1264 354 1324 desine
377 1266 448 1323 mihi
471 1266 592 1343 obloqui
615 1272 643 1326 in
666 1271 847 1347 professione
869 1287 945 1342 mea,
969 1279 1020 1330 ant
1043 1288 1062 1327 a
1083 1285 1129 1327 me
1153 1267 1232 1326 duce
1250 1266 1341 1341 loqui.
1386 1264 1536 1335 Diversus,
1563 1266 1609 1321 vis

254 1350 365 1426 diemo,
395 1370 485 1412 sonos
513 1354 603 1413 edunt
631 1374 722 1416 causa
751 1359 894 1416 acuminis
924 1365 953 1416 ot
982 1358 1146 1434 gravitatis.
1184 1355 1284 1429 ‘Atqui
1311 1354 1337 1410 si
1363 1350 1495 1411 dioneos
1518 1350 1610 1409 edunt

127 1437 133 1444 “
254 1457 352 1514 sonos,
375 1457 434 1500 nou
456 1451 611 1501 censentur
633 1435 802 1519 aequaliter
824 1453 934 1504 tonos.
978 1444 1109 1502 Primum
1132 1443 1220 1518 igittrr
1249 1448 1364 1517 oportet
1387 1439 1462 1498 duas
1483 1436 1610 1502 enudas

254 1545 320 1586 esse
343 1539 442 1588 tensas
465 1529 503 1588 ad
526 1532 692 1603 unisonum,
716 1549 775 1607 quo
798 1531 886 1605 lacto,
906 1533 970 1609 jam
992 1531 1115 1591 medem
1138 1530 1225 1607 plane
1247 1530 1427 1587 divisionum
1449 1526 1530 1601 leges
1555 1544 1609 1583 vn-

252 1615 355 1673 lebunt
388 1620 416 1673 in
448 1625 586 1692 utraque,
619 1618 693 1677 nihil
722 1620 898 1695 impediente
928 1619 1046 1678 diversa
1066 1619 1211 1678 crassitie.
1256 1618 1344 1688 histo,
1375 1616 1608 1690 moerorisque

254 1719 357 1760 rocam
385 1705 474 1762 imam
499 1703 527 1762 G
548 1707 667 1781 sintque
700 1709 743 1764 sic
765 1706 895 1780 dionae,
926 1718 958 1765 ut
980 1707 1154 1765 altrinsecus
1181 1714 1261 1764 stein
1282 1704 1383 1763 besses
1405 1701 1454 1760 val
1477 1700 1608 1761 dodran-

253 1797 311 1864 tes,
346 1793 496 1867 utriusque
526 1801 586 1850 tam
613 1794 775 1852 subtilioris
802 1811 890 1871 quern
923 1791 1076 1853 crassioris
1106 1795 1157 1852 bes
1187 1793 1308 1852 sonabit
1334 1807 1448 1849 rursum
1479 1789 1605 1848 earrdens

189 1943 192 1950 ¹
253 1893 356 1935 vocem
375 1878 428 1951 D,
452 1889 568 1938 servato
592 1884 682 1940 etiam
703 1883 733 1938 in
756 1884 888 1957 partibus
912 1881 1039 1941 chordae
1060 1883 1203 1956 unisono,
1228 1883 1380 1955 utriusqus
1403 1876 1531 1954 dodrans
1555 1895 1607 1936 so·

253 1965 336 2023 nabit
362 1964 403 2037 0,
425 1965 497 2024 nihil
520 1968 649 2027 turbabit
671 1967 788 2028 diversa
811 1970 968 2029 crassitics.

340 2050 415 2127 Quin
438 2070 534 2130 neque
557 2054 634 2114 hanc
656 2058 797 2115 marionis
819 2066 889 2116 tuae
911 2056 1086 2134 particulam
1108 2057 1173 2115 sina
1193 2054 1362 2114 testimonio
1377 2051 1518 2128 relinquis
1542 2051 1607 2126 ejus

251 2138 386 2198 aifimni
411 2143 476 2213 mei,
501 2142 580 2217 quod
603 2143 639 2202 de
662 2152 691 2202 te
713 2144 823 2202 dictum
845 2146 988 2205 bassaris.
1034 2137 1198 2218 Αιιιριιωι
1226 2151 1266 2201 ιι·
1280 2144 1328 2200 ais
1353 2158 1442 2200 sonos
1462 2140 1608 2199 tuom

252 2226 384 2285 ὀιιιιιῑοιι·
405 2235 432 2285 ιι
452 2231 587 2303 puriori
608 2231 718 2288 mundi
738 2235 899 2305 maurice,
923 2236 1073 2292 αιιιιιοιιι
1094 2248 1168 2291 turo
1188 2232 1322 2289 isaniori
1343 2227 1455 2286 mundi
1471 2229 1606 2302 spiritui

252 2312 285 2372 Si
308 2321 338 2372 ιιι
361 2331 451 2373 sonos
473 2317 608 2392 assignas
629 2317 730 2375 mendi
752 2321 900 2395 partihrrs,
923 2323 1004 2396 prius
1026 2321 1128 2395 igitur,
1156 2327 1246 2394 quam
1272 2318 1454 2393 assignares,
1483 2318 1606 2374 seorsim

251 2399 295 2457 illi
318 2415 409 2461 erant
456 2403 496 2460 Αι
523 2413 591 2462 sunt
612 2408 678 2463 soni
701 2405 847 2466 hassiores
869 2424 888 2466 a
909 2410 1036 2467 nonsatis
1058 2407 1237 2482 majoribus,
1265 2420 1402 2463 numeros
1429 2404 1519 2476 igitur
1541 2420 1606 2461 ma·

248 2487 329 2564 J’ores
359 2490 494 2564 assignas
520 2495 661 2553 materiae
689 2491 831 2567 densiori,
862 2498 914 2570 qui
942 2505 1101 2570 numquam
1129 2496 1158 2550 in
1182 2493 1261 2551 heac
1283 2490 1404 2551 modum
1432 2499 1502 2550 ate
1534 2506 1606 2549 con·

251 2577 431 2635 sociarentur
461 2581 618 2653 materiae,
649 2581 788 2640 abstracti
817 2592 900 2641 erant
927 2601 947 2641 a
980 2585 1110 2642 marens.
1158 2581 1228 2640 Esto
1258 2588 1291 2638 ιιι
1319 2580 1378 2637 rim
1400 2576 1499 2649 illam,
1529 2595 1605 2652 quac

250 2666 377 2722 acumini
407 2672 437 2723 ct
465 2669 604 2740 gravitati
633 2679 830 2743 comparatur,
860 2686 919 2728 non
947 2672 1113 2746 acceperint
1140 2668 1358 2728 secundante
1387 2667 1425 2725 ab
1454 2665 1511 2724 hac
1535 2667 1605 2724 abs·

144 2785 147 2794 ·
250 2755 402 2826 tructione,
427 2751 478 2812 sed
502 2770 521 2811 a
542 2759 665 2814 materia
688 2758 858 2817 consociata
880 2760 1026 2833 numeris,
1050 2765 1081 2818 at
1104 2767 1182 2817 certe
1199 2759 1259 2815 rim
1274 2755 1364 2815 iilam.
1388 2770 1465 2830 qnae
1481 2770 1603 2815 acumen

251 2842 338 2898 utrius
357 2836 391 2899 ⁴et
413 2842 588 2917 gravitatem
611 2843 731 2902 alterins
754 2849 1004 2922 contemperatio
1027 2863 1151 2905 marem
1174 2844 1426 2914 eonmrdsrniam,
1454 2842 1605 2901 habebunt

249 2927 412 2986 secundum
435 2936 464 2986 te
487 2932 575 2988 etiam
598 2949 617 2988 a
638 2935 827 3007 proportione
850 2952 904 2992 sua
926 2936 1054 3007 numeri,
1085 2942 1118 2992 ut
1142 2943 1213 2991 sunt
1235 2935 1363 3011 numeri,
1395 2932 1466 3006 qnia
1492 2928 1605 2988 scilicet

249 3014 323 3074 alter
347 3016 368 3072 3
390 3016 517 3074 unitates
539 3016 644 3091 habet,
674 3018 748 3076 alter
772 3022 807 3095 43
835 3038 903 3079 nam
932 3025 958 3080 si
978 3022 1055 3081 alter
1079 3022 1097 3079 ii
1124 3020 1248 3093 habeat,
1276 3023 1352 3079 altar
1376 3021 1410 3089 t,
1436 3017 1500 3092 jam
1522 3016 1604 3075 nulla

154 3147 156 3152 s
249 3110 294 3160 est
316 3094 533 3176 concordantia,
556 3106 627 3181 quia
648 3108 797 3181 proportio
820 3107 923 3166 horum
941 3125 1133 3168 numerorum
1155 3125 1213 3166 nou
1236 3118 1282 3167 est
1303 3107 1480 3166 harmonica.
1520 3103 1604 3180 Quo-

248 3206 313 3248 rum
335 3192 465 3249 omnium
488 3208 544 3267 ego
565 3209 671 3253 causas
693 3212 729 3252 ex
752 3195 933 3271 aequalitate
962 3200 1107 3255 unitatum
1129 3198 1329 3271 quantitative
1359 3211 1453 3269 enque
1478 3191 1603 3251 divisio·

248 3278 335 3343 ubas
356 3277 458 3337 circuli
481 3278 618 3339 desumsi.
664 3280 816 3341 Habemus
845 3287 948 3360 itaque
976 3292 1007 3343 ιι
1029 3283 1217 3343 confitentem
1244 3283 1283 3342 de
1306 3284 1521 3343 abstracturum
1543 3297 1600 3337 nn·

248 3381 395 3425 merorum
418 3360 621 3444 applicatione
642 3369 680 3426 sd
702 3368 868 3443 mundans,
901 3371 1117 3447 qualiscumque
1139 3371 1191 3430 illa
1214 3371 1305 3431 dicos.
1350 3369 1411 3429 Sed
1432 3377 1463 3427 et
1485 3386 1521 3426 er
1545 3367 1600 3427 hoc

248 3450 353 3525 cluoet,
376 3469 465 3529 qnam
488 3456 542 3514 tihi
564 3456 655 3513 nullo
675 3460 714 3514 sit
735 3474 826 3531 suro,
849 3459 1021 3530 osiuonodi
1040 3452 1174 3519 unitates
1195 3459 1381 3531 amrin,
1404 3464 1437 3515 ut
1460 3456 1601 3516 conllew

247 3539 302 3598 tibi
325 3539 458 3605 formalis
486 3550 555 3600 tuus
579 3560 731 3617 numerus,
760 3543 840 3620 quod
863 3555 934 3605 tuae
957 3549 1085 3606 saintes
1116 3548 1222 3623 portin
1250 3564 1287 3605 ss
1308 3546 1433 3604 mamria
1454 3550 1599 3615 oenomai,

247 3629 356 3702 partim
380 3645 415 3687 ex
438 3631 552 3705 spiritu,
575 3647 653 3705 qaae
675 3630 735 3689 dno
758 3633 919 3693 secusdum
934 3641 974 3712 te,
997 3637 1109 3710 opinor,
1132 3650 1193 3693 non
1208 3642 1277 3693 sunt
1291 3634 1348 3691 sm
1361 3631 1468 3692 osdom
1482 3649 1599 3706 gernere

246 3713 313 3772 Non
335 3714 472 3790 equidem
494 3717 628 3790 invideo,
653 3721 741 3778 miror
761 3723 872 3795 magis,
897 3721 949 3781 sed
972 3720 1040 3780 hinc
1062 3730 1265 3797 argumentum
1289 3719 1374 3793 duco,
1400 3729 1478 3779 reate
1501 3737 1549 3779 me
1571 3726 1600 3777 et

239 3817 284 3859 ex
308 3819 363 3861 usu
385 3801 503 3863 lectoris
525 3805 645 3875 secisse,
669 3805 749 3880 quod
771 3806 827 3867 hoc
850 3808 1005 3868 discrimen
1028 3809 1174 3881 indicari,
1198 3817 1231 3868 ιιι
1252 3811 1343 3882 sciat,
1365 3806 1447 3884 apud
1470 3815 1499 3865 to
1522 3807 1599 3869 Her-

245 3891 383 3949 meticam
405 3893 528 3950 inraniri
551 3892 743 3967 harmoniam,
765 3895 844 3970 apud
867 3914 916 3956 me
936 3897 1192 3971 mathematicam,
1215 3899 1317 3971 itaquo
1339 3896 1422 3956 nullo
1442 3897 1549 3954 merito
1571 3902 1599 3952 te

234 3976 318 4035 ,mihi
342 3980 436 4037 irasci.

334 4063 389 4123 Ad
413 4063 598 4141 hnalysin
621 4066 740 4126 XVIII.
785 4068 854 4129 Jarn
878 4075 994 4146 quoties
1014 4072 1072 4132 hoc
1093 4073 1164 4131 mihi
1185 4069 1376 4148 repetendum
1390 4078 1445 4143 est,
1469 4086 1530 4129 non
1544 4069 1598 4129 hoc

247 4169 314 4212 esse
336 4169 467 4211 marum
488 4153 748 4228 reprehensionem
771 4159 924 4226 truentum,
948 4167 980 4218 ut
1001 4168 1090 4220 tuam·
1105 4176 1161 4236 ego
1184 4159 1401 4239 philosophiam
1424 4160 1597 4229 cuminam,

166 4236 168 4239 ’
246 4239 294 4299 rel
317 4240 476 4315 υιιιρσιιιηι
506 4244 712 4317 perunna,
744 4243 790 4304 rel
822 4249 934 4304 ocrim
954 4248 1191 4321 repulsandum,
1225 4245 1273 4306 vol
1299 4245 1343 4304 illi
1367 4247 1423 4305 hoc
1452 4245 1503 4305 rol
1526 4242 1597 4304 illud

247 4328 399 4403 objiciam,
424 4326 471 4386 rel
495 4327 612 4404 culpam
633 4332 687 4389 tihi
711 4331 886 4409 cujusquam
908 4335 949 4392 rei
974 4337 1122 4411 imputem.
1168 4337 1232 4411 Ago
1253 4351 1374 4410 nempe,
1401 4332 1493 4393 dicito
1516 4332 1596 4405 mibi,

246 4417 296 4473 ribi
319 4422 427 4473 temere
449 4414 486 4472 ds
506 4418 568 4475 nris
589 4434 642 4492 epo
664 4411 1003 4496 quintanensium,
1026 4424 1134 4498 quihus
1152 4414 1194 4482 'td'
1210 4423 1262 4482 liat
1283 4420 1404 4482 serbis?

331 4502 423 4576 Ilico,
448 4511 477 4561 tc
498 4503 639 4562 mundum
661 4508 774 4566 ratione
796 4507 1005 4568 semidiametri
1028 4510 1165 4569 divisisse
1190 4512 1302 4569 intras
1324 4519 1423 4587 partes
1444 4507 1597 4584 sequias,

149 4644 154 4649 .
247 4597 278 4646 at
298 4607 401 4649 rerum
423 4589 491 4649 dico
514 4589 550 4650 de
573 4600 625 4651 tna
646 4595 807 4670 pyramide,
832 4605 864 4654 ut
886 4613 964 4673 qnae
986 4597 1114 4657 tenditur
1136 4616 1155 4657 a
1178 4596 1404 4669 connumerandi,
1426 4595 1507 4672 quod
1523 4595 1597 4655 Ter-

245 4693 306 4734 rsm
328 4678 411 4753 iacis,
435 4676 473 4738 ad
496 4680 765 4753 circumiacentium,
789 4691 892 4759 estque
916 4683 1012 4743 divisa
1033 4688 1148 4745 ratione
1162 4684 1354 4762 longitudinis
1376 4687 1407 4743 is
1422 4693 1482 4744 tres
1495 4690 1597 4761 partes

245 4765 392 4840 aequales
438 4764 515 4840 Quin
539 4769 627 4827 etiam
649 4768 734 4828 lateri
757 4769 814 4829 hoc
837 4769 914 4830 ultro
937 4771 1059 4847 rideris,
1091 4773 1159 4832 dum
1182 4774 1291 4833 lactum
1321 4790 1445 4834 asemas
1466 4771 1519 4832 lol.
1542 4771 1597 4829 ib·

246 4849 322 4912 Nam
343 4856 369 4913 si
390 4856 541 4933 proportio
563 4871 635 4917 rere
656 4857 858 4934 amplitudinis
880 4869 1102 4935 repraesentata
1122 4870 1216 4939 esset,
1243 4879 1351 4939 negas,
1380 4869 1413 4933 et
1434 4876 1505 4921 rere
1527 4860 1598 4936 qoi-
