3567 5625
1333 460 1712 533 Congruentia.
1783 459 1951 518 Liber
1983 458 2056 515 11.
2927 451 3050 515 123

340 657 535 725 gruunt
567 651 734 719 igitur
766 635 931 704 trium
965 647 1221 715 utrinque
1255 640 1626 705 rhomborum,
1666 634 1878 693 obtusis
1922 634 2353 703 conjunctorum,
2401 634 2592 684 ternae
2627 623 2948 684 eminentiae
2994 625 3050 679 in

337 732 514 786 hiatus
548 728 927 798 recipiuntque
964 726 1075 781 suis
1110 724 1349 781 hiatibus
1384 722 1602 776 illorum
1640 716 1975 772 eminentias.
2014 713 2112 776 (Vv
2149 719 2200 765 et
2234 717 2316 775 fig.
2354 710 2477 771 21.).

509 810 599 865 Sic
639 809 863 876 triginta
910 805 1123 860 rhombi
1166 804 1338 874 plani,
1388 793 1756 869 proportionis
1810 793 2166 863 diagonorum
2215 787 2461 848 alterius,
2514 786 2722 841 faciunt
2767 782 3051 838 rhombum

336 890 567 944 solidum
600 885 1120 943 triacontaedricum
1157 884 1263 951 (Xx
1301 891 1351 936 ot
1384 887 1466 944 ng,
1506 878 1633 944 22).
1847 908 1944 958 mg,
1975 908 2041 949 2¹·
2568 902 2664 950 rig.
2691 897 2761 942 22.

339 969 498 1036 Quini
522 967 669 1028 enim
693 973 750 1020 et
775 964 926 1034 quini
947 962 1190 1031 rhombi,
1227 960 1443 1029 angulis
1463 958 1636 1013 acutis
2640 1000 2643 1003 .

340 1045 615 1117 conjuncti
653 1045 723 1099 ad
774 1041 1100 1112 effigiandos
1156 1039 1295 1094 duos
1333 1039 1537 1094 solidos
1583 1049 1650 1091 ex

340 1125 605 1195 oppositis
642 1124 824 1193 plagis
869 1128 1110 1189 stantes,
1150 1137 1273 1176 cum
1308 1119 1462 1174 hient
1501 1118 1647 1186 apud
1743 1163 1751 1176 ,Α
1795 1120 1924 1183 'lm

340 1205 566 1258 obtusos
594 1202 935 1271 conjunctos,
963 1200 1248 1269 quinorum
1277 1205 1332 1254 et
1361 1198 1643 1267 quinorum

339 1282 691 1337 rhomborum
740 1279 952 1336 obtusis
996 1279 1116 1334 aliis
1166 1279 1398 1347 implent
1432 1276 1644 1341 hiatus;

342 1362 579 1429 denique
627 1361 684 1413 in
718 1359 1005 1429 utriusque
1038 1359 1211 1414 veluti
1245 1365 1424 1414 testae
1469 1354 1646 1411 medio
1803 1404 1811 1424 fl

342 1455 481 1495 zona
517 1457 590 1494 ex
639 1440 828 1495 decem
874 1437 1171 1493 rhombicis
1208 1436 1511 1506 composita
1549 1434 1649 1488 cir-
1747 1440 1755 1460 ⁵
1787 1420 1984 1524 ·³'³2',···'·.·..·.:·

342 1519 506 1573 cumit
543 1517 885 1587 conjungens
921 1525 1207 1585 utramque
1242 1523 1457 1571 testam.

514 1598 644 1652 Non
662 1613 784 1653 esse
805 1613 937 1653 vero
962 1596 1148 1665 plures
1173 1594 1444 1664 perfectas
1469 1592 1650 1647 rh‘om-

342 1677 533 1731 borum
571 1678 982 1744 congruentias,
1029 1675 1109 1730 sic
1156 1675 1437 1743 probatur.
1511 1672 1652 1726 Sunt
2995 1708 3003 1717 .

342 1757 485 1810 enim
523 1755 634 1810 duo
681 1755 868 1825 anguli
914 1754 1065 1824 plani
1112 1751 1379 1808 rhombici
1415 1752 1587 1823 acuti,
1640 1755 1748 1811 duo
1800 1755 2012 1821 obtusi,
2061 1766 2291 1821 quorum
2337 1760 2552 1815 semper
2588 1745 2781 1796 acutus
2817 1752 2960 1792 unus
3006 1744 3062 1793 et

342 1851 484 1890 unus
522 1835 756 1903 obtusus
789 1835 1002 1891 faciunt
1038 1834 1178 1889 duos
1213 1838 1419 1900 rectos,
1469 1849 1570 1889 nec
1620 1836 1806 1904 plures
1841 1834 2018 1891 tribus
2055 1829 2266 1889 obtusis
2305 1828 2637 1893 congruunt,
2661 1823 2752 1874 *ne
2799 1822 3061 1885 superent

343 1922 583 1983 quatuor
625 1921 826 1968 rectos.
897 1912 1107 1982 Quodsi
1155 1926 1285 1978 ergo
1331 1917 1445 1966 tres
1493 1912 1670 1969 solum
1716 1921 1911 1969 acutos
1947 1907 2319 1979 conjunxeriS,
2369 1905 2433 1960 fit
2482 1909 2543 1959 ut
2589 1902 2645 1955 in
2683 1896 2848 1966 cubo,
2893 1897 3079 1962 hexaffi

341 1994 512 2048 edron
549 1992 887 2048 rhombicum
926 2009 1048 2048 cum
1085 1989 1296 2047 duobus
1332 1991 1510 2047 solum
1547 1993 1736 2050 solidis
1771 1991 1964 2061 acutis,
2017 1986 2333 2058 longissime
2372 1979 2725 2045 distantibus,
2770 1976 2938 2032 ceteri
2976 1992 3059 2031 so-

340 2074 435 2128 lidi
471 2076 529 2128 in
567 2074 748 2128 medio
785 2073 1028 2143 corporis
1077 2087 1188 2126 non
1223 2077 1435 2125 tantum
1472 2072 1704 2142 distant3
1749 2088 1860 2126 nou
1909 2073 2193 2125 servantur
2226 2063 2392 2133 igitur
2443 2060 2594 2129 leges
2644 2054 2972 2112 definitionis
3008 2056 3060 2123 8,

341 2168 482 2221 quae
516 2167 630 2206 nou
666 2151 904 2206 admittit
940 2150 1077 2206 duos
1114 2149 1262 2205 solos
1300 2150 1531 2218 angulos
1567 2151 1625 2207 in
1662 2150 1851 2206 eadem
1875 2149 2140 2218 sphaera,
2175 2147 2461 2213 praeterea
2486 2153 2554 2191 ex
2582 2137 2613 2191 6
2636 2133 2825 2189 solidis
2851 2131 3059 2188 obtusis

342 2232 573 2301 quilibet
609 2232 883 2287 clauditur
916 2247 949 2286 a
983 2230 1198 2285 duobus
1237 2230 1449 2285 obtusis
1485 2229 1663 2298 planis
1701 2235 1757 2284 et
1792 2242 1902 2283 uno
1938 2230 2117 2286 acut0,
2155 2236 2295 2291 quae
2319 2214 2697 2286 irregularitas
2733 2229 2949 2266 rursum
2977 2216 3062 2265 est

341 2319 532 2366 contra
569 2310 933 2366 definitiones.
1005 2310 1155 2378 Ergo
1192 2325 1305 2363 non
1353 2318 1467 2363 tres
1504 2317 1713 2363 tautum
1750 2306 1903 2375 plani
1953 2303 2101 2359 acuti
2147 2301 2293 2355 coire
2340 2297 2554 2353 debent.
2630 2295 2702 2347 At
2747 2307 2923 2362 neque
2961 2307 3058 2345 sex

342 2388 502 2457 acuti,
539 2388 769 2443 totidem
807 2388 1017 2444 scilicet
1051 2388 1417 2455 rhomborum,
1455 2391 1669 2441 coeunt.
1742 2386 1801 2440 Si
1822 2383 1965 2440 enim
2002 2378 2204 2450 singuli
2228 2378 2432 2440 habent
2458 2372 2814 2442 quantitatem
2842 2372 2871 2442 ζ
2899 2370 3061 2425 unius

343 2467 503 2532 recti,
560 2466 744 2522 obtusi
780 2466 1061 2522 habebunt
1098 2468 1322 2537 duplam
1356 2466 1732 2534 quantitatem,
1769 2463 1980 2518 scilicet
2015 2465 2074 2532 ᾗ,
2144 2463 2200 2513 et
2235 2456 2314 2510 sic
2359 2462 2470 2508 tam
2508 2458 2619 2506 tres
2659 2450 2843 2505 obtusi
2900 2466 3062 2517 quam

343 2561 441 2603 sex
475 2548 628 2604 acuti
662 2547 978 2603 formabunt
1013 2550 1048 2603 4
1082 2556 1277 2616 rectos,
1314 2562 1424 2600 nec*
1453 2544 1539 2598 vel
1562 2543 1642 2598 illi
1676 2542 1764 2596 vel
1801 2542 1858 2597 hi
1884 2538 2195 2596 formabunt
2219 2532 2479 2602 angulum
2509 2528 2757 2599 solidum,
2795 2528 2892 2582 sed
2929 2535 3063 2583 ster·

343 2635 475 2680 nent
511 2627 827 2682 continuam
865 2626 1166 2697 planitiem,
1202 2634 1264 2680 ut
1298 2627 1356 2680 in
1389 2624 1565 2693 figura
1601 2623 1663 2677 G.
1736 2623 1833 2678 Sin
1868 2627 2051 2677 autem
2088 2614 2235 2672 acuti
2271 2612 2510 2667 minores
2535 2614 2835 2674 sumantur,
2875 2607 3060 2661 obtusi

344 2706 580 2773 majores
618 2711 781 2760 erunt
815 2712 872 2760 et
906 2714 1019 2761 tres
1056 2707 1393 2776 superabunt
1438 2709 1673 2773 quatuor
1708 2709 1908 2757 rectos.
1980 2699 2128 2765 Ergo
2167 2694 2305 2749 duae
2354 2697 2566 2746 tantum
2622 2695 2749 2743 sunt
2782 2684 3061 2755 perfectis-

344 2787 512 2842 simae
547 2785 865 2842 rhombicae
899 2786 1312 2858 congruentiae;
1361 2799 1497 2851 una,
1548 2782 1605 2838 in
1642 2798 1749 2852 qua
1787 2787 2024 2850 quatuor
2055 2773 2203 2832 acuti
2240 2770 2421 2840 anguli
2461 2766 2732 2824 rhombioi
2769 2770 2971 2822 coeunt
3005 2765 3058 2819 in

343 2865 597 2933 solidum,
633 2864 823 2933 altera,
860 2866 916 2920 in
952 2881 1063 2934 qua
1097 2868 1367 2934 quinque;
1407 2864 1606 2932 quibus
1642 2870 1823 2916 tamen
1860 2857 2165 2914 associatur
2200 2851 2390 2919 cubuS‚
2427 2857 2689 2917 tanquam
2713 2845 3064 2901 rhomborum

346 2944 585 2997 omnium
604 2943 945 3012 principium,
982 2945 1109 3014 quia
1131 2945 1353 3013 planum
1377 2943 1548 3010 ipsius
1575 2946 1660 2995 est
1684 2939 1916 2993 laterum
1942 2932 2248 3005 aequalium
2277 2936 2523 2998 quatuor,
2564 2934 2624 2982 ut
2646 2923 3064 2981 rhombicorum.

518 3017 823 3078 XXVIII.
873 3020 1345 3095 PropositiO.
1434 3016 1738 3077 Perfectae
1783 3017 1842 3072 in
1887 3012 2078 3073 solido
2125 3006 2540 3082 congruentiae
2571 3000 2787 3078 gradus
2821 3001 3061 3059 inferio-

348 3108 422 3165 ris
466 3107 699 3184 species
744 3115 879 3166 sunt
921 3107 1231 3182 tredecim3
1297 3124 1369 3166 ex
1414 3105 1627 3181 quibus
1671 3103 1948 3164 tredecim
1999 3100 2259 3157 oriuntur
2304 3089 2694 3150 Archimedes.
2737 3105 2999 3165 corpora.

523 3189 661 3244 Cum
698 3190 840 3244 enim
874 3192 1204 3246 misceantur
1235 3189 1294 3243 in
1330 3187 1437 3243 hoc
1472 3187 1645 3255 gradu
1679 3187 1886 3255 figurae
1923 3183 2183 3245 diversae,
2224 3190 2391 3244 quare
2427 3189 2524 3243 per
2564 3188 2791 3243 propos.
2821 3172 2903 3224 21.
2941 3172 3066 3226 mis-

345 3271 618 3326 cebuntur
652 3276 748 3322 aut
785 3269 1011 3325 duarum
1066 3273 1163 3326 aut
1196 3269 1358 3324 trium
1406 3267 1711 3334 specierum
1758 3264 1981 3331 figurae.
2056 3257 2263 3327 Quodsi
2309 3253 2563 3322 duarum,
2613 3259 2745 3307 tunc
2796 3250 2937 3304 inter
2974 3266 3066 3305 eas

348 3349 432 3402 vel
465 3350 599 3403 suut
639 3349 837 3416 trigoni
874 3349 958 3404 vel
996 3367 1104 3405 non
1141 3355 1284 3403 sunt.
1354 3347 1527 3414 Igitur
1569 3362 1637 3399 ex
1672 3343 1900 3411 trigonis
1922 3348 1993 3396 ‘et
2029 3334 2330 3404 tetragonis
2382 3331 2523 3387 fiunt
2558 3329 2733 3385 solida
2768 3328 2897 3396 tria,
2952 3329 3065 3397 qui·

353 3429 454 3483 hus
494 3427 716 3497 quidem
755 3429 859 3483 def.
897 3432 945 3486 9.
986 3435 1271 3499 competat.
1345 3428 1483 3483 Nam
1519 3426 1616 3482 illa
1650 3424 1829 3494 rejicit
1864 3422 2068 3476 formas
2103 3418 2270 3472 hasce
2307 3421 2444 3478 tres,
2502 3409 2559 3464 in
2596 3410 2792 3479 quibus
2836 3406 3068 3461 solidum

355 3505 616 3576 angulum
651 3508 936 3578 claudunt,
991 3526 1112 3564 cum
1149 3525 1258 3564 uno
1297 3505 1629 3574 tetragonico
1666 3504 1832 3573 plano
1868 3499 2096 3568 angulo.
2146 3502 2260 3550 tam
2296 3491 2402 3545 duo
2444 3503 2606 3557 quam
2642 3495 2756 3541 tres
2792 3484 2941 3554 plani
2976 3484 3069 3537 tri·

356 3587 550 3655 goniei,
593 3595 689 3641 aut
725 3605 847 3643 cum
885 3589 1094 3645 duobus
1131 3587 1482 3657 tetragonicis
1517 3600 1659 3640 unus
1697 3581 2026 3650 trigouicus3
2063 3575 2191 3645 quia
2226 3573 2282 3626 iu
2557 3595 2656 3644 1³13.
2686 3591 2772 3634 23¹.

354 3663 526 3734 primo
586 3681 720 3722 casu
754 3684 895 3722 unus
931 3668 1080 3723 solus
1114 3676 1433 3739 tetragonus
1470 3675 1577 3730 est,
1614 3661 1784 3729 fitque
1820 3657 2100 3714 dimidium
2138 3658 2284 3706 octa-

356 3747 468 3802 edri
504 3756 566 3803 et
605 3747 790 3816 anguli
826 3748 985 3803 solidi
1021 3756 1149 3803 sunt
1184 3746 1617 3811 diversiformes3
1663 3743 1720 3797 in
1757 3739 1998 3794 secundo
2037 3737 2144 3791 duo
2182 3731 2285 3786 soli

356 3826 646 3896 tetragoni,
701 3827 757 3880 in
806 3827 969 3881 tertio
1014 3826 1121 3881 duo
1170 3825 1273 3880 soli
1312 3826 1540 3897 trigoni,
1580 3837 1721 3891 quae
1758 3835 1859 3888 per
1893 3818 1977 3872 10.
2027 3818 2157 3869 sunt
2189 3811 2283 3864 im-

353 3907 633 3978 perfectae
672 3905 1073 3973 congruentiae.
1149 3907 1380 3961 Restant
1416 3921 1546 3974 ergo
1584 3902 1732 3957 modi
1766 3900 1839 3968 hi,
1878 3898 1935 3952 in
1960 3894 2157 3966 quibus
2195 3908 2286 3946 an-

356 3990 539 4056 gulum
580 3984 815 4040 solidum
854 3984 1115 4040 claudunt
1151 3984 1317 4054 plani.
1391 3985 1650 4054 Primum,
1687 3987 1924 4051 quatuor
1946 3973 2194 4044 trigonici
2232 3972 2289 4024 et

357 4085 494 4123 unus
539 4065 940 4134 tetragonicus:
988 4072 1115 4120 sunt
1165 4065 1307 4120 enim
1351 4065 1587 4119 minores
1634 4063 1667 4116 4
1715 4059 1897 4116 rectis.
1971 4056 2290 4121 Congruunt

357 4148 522 4218 igitur
558 4160 659 4200 sex
696 4145 967 4211 tetragoni
1006 4150 1062 4199 et
1096 4145 1321 4214 triginta
1358 4144 1466 4199 duo
1507 4144 1582 4212 (id
1618 4146 1704 4196 est
1738 4140 1809 4194 20
1844 4144 1900 4192 et
1938 4136 2019 4204 12)
2069 4132 2287 4201 trigoni,

359 4235 410 4280 et
444 4227 511 4281 fit
546 4225 724 4293 figura
759 4223 1236 4291 triacontaedrica,
1285 4224 1430 4293 quod
1484 4219 1703 4291 appello
1742 4218 1995 4272 Cubum
2032 4215 2283 4268 simum.

355 4304 455 4357 Hic
489 4304 546 4358 in
584 4302 863 4357 schemate
899 4303 1079 4371 pictus
1116 4311 1200 4357 est
1233 4303 1343 4357 23¹.
1763 4340 1769 4346 -
2084 4341 2097 4350 ,

530 4382 785 4449 Quinque
822 4381 964 4435 euim
1001 4382 1249 4450 trigonici
1285 4381 1435 4449 plani
1484 4386 1540 4433 et
1593 4392 1734 4432 unus
1772 4375 2141 4445 tetragonicus
2194 4387 2282 4426 su·

357 4470 547 4531 perant
582 4468 820 4528 quatuor
855 4468 1033 4513 rectos
1051 4499 1066 4526 ‚
1119 4476 1237 4515 cum
1278 4462 1513 4517 debeant
1546 4458 1616 4513 ad
1654 4456 1884 4512 solidum
1920 4452 2282 4508 claudendum

359 4558 475 4597 esse
528 4541 767 4595 minores
814 4546 1046 4607 quatuor
1091 4541 1255 4595 rectis
1291 4555 1390 4609 per
1425 4540 1509 4593 16.
1584 4536 1673 4592 Sic
1708 4534 1870 4591 etiam
1918 4538 2154 4602 quatuor
2189 4533 2281 4586 tri-

362 4621 535 4691 gonici
575 4626 633 4674 et
669 4620 776 4675 duo
813 4619 1137 4687 tetragonici
1170 4618 1380 4673 faciunt
1414 4624 1649 4686 quatuor
1680 4622 1881 4670 recten.
1912 4683 1921 4690 ·

532 4698 785 4754 Secundo
823 4699 930 4752 duo
967 4698 1217 4766 trigonici
1254 4705 1308 4752 et
1345 4697 1452 4751 duo
1488 4694 1812 4766 tetragonici
1855 4693 2033 4749 minus
2073 4692 2279 4747 habent

362 4785 591 4847 quatuor
625 4777 814 4846 rectis3
860 4778 951 4833 hic
985 4778 1150 4846 igitur
1186 4783 1491 4846 congruunt
1532 4778 1569 4832 8
1603 4775 1804 4843 trigoni
1848 4779 1906 4828 et
1939 4774 1973 4829 6
2009 4773 2278 4839 tetragoni

362 4858 426 4911 ad
470 4857 821 4911 formandum
869 4872 1036 4912 unum
1080 4854 1757 4925 tessareskaedecaedron,
1821 4851 1969 4924 quod
2015 4853 2273 4908 cubocta-

362 4936 529 4990 edron
560 4934 805 5004 appello.
872 4936 1089 4992 Pictum
1132 4941 1219 4991 est
1253 4933 1344 4990 hie
1393 4939 1537 4992 n'um.
1572 4933 1685 4991 23².
1754 4934 1880 4989 Duo
1934 4946 2062 4987 vero
2108 4931 2271 5000 trigo·

364 5014 467 5071 uici
500 5031 626 5071 eum
657 5015 834 5072 tribus
869 5014 1219 5086 tetragonicis
1257 5020 1521 5085 superant
1554 5014 1588 5068 4
1621 5020 1819 5070 rectos.
