3567 5625
662 404 744 466 Liber
761 405 808 460 lll.
828 405 916 474 Caput
933 402 1006 461 XVI.
1442 403 1502 464 411

161 575 340 644 opposituml:
367 578 396 633 id
418 585 485 649 puto
508 578 662 634 Ptolemaeo
687 580 789 649 negotii
805 584 912 634 tantum
929 578 1086 649 reliquisse,
1113 581 1145 634 ut
1160 594 1211 648 pro
1228 574 1390 634 uacatione
1407 572 1505 644 capitis

161 654 301 727 problema
317 657 419 712 nudum
437 658 574 713 censuerit
590 655 803 727 relinquendum.

246 751 320 806 Nota
336 752 383 808 iv.
420 753 538 808 Rursum
555 753 607 808 boc
625 754 718 811 tmbat
734 754 963 825 comparationem
981 754 1139 824 perlectam,
1157 752 1295 825 quodSol,
1314 756 1441 822 respectu
1457 748 1506 805 aa

161 830 234 885 turni
252 837 363 886 acutum
380 832 523 888 terminum
541 833 626 902 ipsius
646 832 776 905 diapason
795 834 928 902 obtinens,
947 850 1002 888 non
1019 842 1109 890 tamen
1127 834 1243 890 habetur
1263 831 1345 887 etiam
1362 847 1412 900 pro
1430 828 1506 888 femi·

161 911 223 964 nino
242 908 365 979 planeta,
384 917 411 966 et
429 910 501 981 quod
520 912 670 967 Mercurius
688 913 834 981 promiscui
854 927 937 968 sexus
956 912 1085 982 habetur,
1111 928 1174 970 cum
1195 919 1359 968 tamennon
1378 908 1506 970 sortiatur

161 1003 258 1044 sonum
276 1006 394 1059 marem,
413 990 543 1061 diapason
561 991 758 1048 terminantem.

246 1085 322 1140 Nota
337 1086 371 1142 V.
407 1086 479 1142 Satis
496 1087 582 1143 multa
598 1088 644 1143 hic
655 1095 720 1144 sunt
737 1093 857 1159 aggesta,
870 1102 960 1158 neque
972 1095 1062 1144 tamen
1076 1086 1273 1158 astrologorum
1284 1082 1394 1141 traditio
1406 1087 1449 1138 est
1460 1097 1505 1137 ex·

160 1177 264 1230 pressa
292 1165 411 1221 Rursum
428 1166 498 1220 enim
516 1166 561 1221 bic
579 1165 715 1236 discrepat
731 1169 792 1237 hoc,
816 1167 890 1238 qnod
909 1168 1017 1238 Jupiter
1038 1176 1066 1224 et
1083 1165 1248 1234 Mercurius,
1270 1165 1346 1220 Mars
1369 1170 1397 1217 et
1413 1162 1506 1217 Venus

159 1237 270 1308 domos,
297 1242 405 1312 Jupiter
422 1249 450 1298 et
468 1245 555 1314 Mars,
580 1245 673 1301 Venus
690 1255 719 1303 et
735 1248 887 1304 Mercurius
914 1247 1094 1303 exaltationes
1111 1245 1213 1301 babent
1239 1243 1394 1313 oppositas,
1417 1253 1506 1309 neque

159 1325 251 1374 tamen
268 1318 302 1375 iis
319 1321 358 1376 sic
375 1321 535 1377 combinatis
552 1324 719 1394 respondent
737 1328 797 1381 soni
815 1328 947 1396 diapason
964 1327 1104 1382 1010100100.

150 1441 153 1446 .
248 1396 280 1451 ln
298 1414 403 1465 genera
421 1399 495 1469 qnod
512 1398 606 1455 domos
625 1409 653 1455 et
670 1403 850 1460 exaltationes
867 1405 972 1466 attinet.
1003 1404 1085 1474 longe
1103 1402 1157 1458 alia
1173 1418 1254 1472 quam
1272 1399 1437 1464 harmonica,
1454 1411 1506 1451 nec

159 1475 297 1542 profunde
314 1478 516 1548 philosophica,
539 1480 587 1534 sed
611 1479 678 1537 leris
703 1484 794 1553 potius
817 1491 846 1539 et
867 1485 980 1556 puerilis
1002 1499 1085 1539 causa
1101 1479 1208 1538 ridetur
1229 1494 1290 1534 esse
1306 1474 1505 1533 distributionis

161 1554 301 1622 signorum
316 1558 388 1613 iuter
404 1558 536 1628 planetas.
571 1559 690 1616 Primum
708 1562 774 1616 ordo
792 1561 963 1632 planetarum
980 1562 1073 1633 primis
1091 1561 1248 1626 auctoribus
1265 1558 1310 1613 bic
1327 1563 1387 1612 erat
1403 1556 1431 1610 in
1449 1552 1505 1609 aui·

160 1650 222 1700 mo,
248 1636 276 1690 in
294 1653 349 1704 quo
366 1644 429 1707 post
445 1638 562 1692 Martem
579 1638 671 1694 Venus
689 1641 827 1709 sequitur,
852 1651 917 1712 post
941 1642 1011 1698 banc
1028 1641 1198 1710 Mercurius,
1224 1648 1284 1694 tum
1300 1636 1364 1706 Sol,
1390 1635 1506 1703 deniquo

160 1714 246 1768 Luna
282 1716 343 1770 Jam
365 1732 383 1771 a
399 1716 548 1785 penultimo
567 1717 630 1772 Sole
653 1718 759 1776 initium
777 1721 904 1776 domuum
926 1721 1157 1777 attribuendarnm
1182 1717 1342 1775 estfactum
1360 1713 1506 1782 datumque

161 1793 193 1860 ei,
214 1801 245 1849 ut
264 1793 436 1865 calidissimo,
455 1797 561 1867 signum
573 1797 681 1862 Leonis,
700 1806 730 1854 ut
748 1799 939 1854 calidissimam
951 1799 1014 1855 anui
1031 1805 1136 1869 partam
1155 1797 1272 1863 signans,
1290 1794 1353 1851 Sole
1371 1810 1408 1847 ac.
1426 1794 1455 1848 in
1473 1807 1505 1847 eo

159 1879 295 1928 versante.
332 1875 399 1930 Cum
423 1881 512 1931 autom
537 1875 583 1931 Sol
607 1884 681 1932 esset
703 1876 882 1946 penultimus,
904 1879 1023 1932 Leonem
1042 1877 1123 1931 etiam
1146 1873 1290 1945 oportebat
1313 1887 1373 1929 esse
1399 1874 1504 1941 siguum

159 1952 352 2021 penultimum,
378 1953 430 2007 boc
447 1963 490 2008 est
507 1970 577 2023 pene
599 1955 749 2023 proximum
769 1954 917 2009 cervicibus
941 1970 990 2009 seu
1007 1954 1100 2009 vertici
1117 1960 1220 2011 nosue.
1255 1954 1349 2008 Lunae
1366 1951 1450 2022 igitur
1466 1954 1505 2007 ln·

160 2032 240 2087 timae
258 2033 362 2087 Cancer
379 2031 535 2102 debebatur,
553 2034 661 2104 signum
677 2034 772 2088 vertici
790 2035 950 2102 proximum.
987 2033 1102 2089 Duobus
1120 2033 1204 2103 signis
1222 2033 1256 2088 de
1274 2047 1385 2087 numero
1403 2032 1504 2088 duode-

160 2112 236 2167 nario
254 2115 293 2179 (et
309 2112 369 2181 ipso
388 2112 545 2180 arbitrario,
570 2120 600 2169 ut
618 2113 724 2169 ostendi
742 2113 812 2168 libro
830 2115 865 2169 de
881 2114 959 2168 Nova
978 2112 1071 2181 Stella)
1089 2113 1117 2168 in
1135 2112 1204 2168 duos
1222 2109 1346 2181 planetas
1364 2111 1505 2181 decepte·

160 2191 238 2245 nario
256 2191 402 2258 absumtis,
426 2207 473 2246 eos
492 2192 613 2261 quidem,
642 2192 688 2260 qui
706 2192 836 2261 peculiari
850 2192 913 2261 jure
931 2193 1072 2248 luminaria
1094 2191 1160 2247 dicti
1180 2188 1311 2261 peculiari
1327 2189 1407 2245 etiam
1424 2188 1505 2244 modo

160 2270 269 2340 singula
286 2275 390 2325 autom
409 2271 486 2339 signa
503 2271 643 2340 possidere
661 2279 725 2327 sunt
738 2271 823 2341 jussi3
842 2272 1065 2341 relinquebantur
1082 2269 1192 2325 residua
1208 2268 1302 2324 decem
1318 2269 1405 2339 signa,
1422 2268 1451 2322 in
1464 2281 1505 2321 re·

160 2350 255 2406 uduos
277 2351 397 2419 quinque
422 2350 546 2419 planetas
569 2351 657 2405 etsie
679 2350 743 2406 bina
765 2350 793 2405 in
815 2351 937 2421 singulos
963 2350 1154 2407 distribuenda.
1190 2350 1281 2419 Atque
1304 2349 1344 2403 ric
1360 2343 1505 2412 Mercurio,

160 2427 207 2495 qui
226 2428 349 2495 proxime
367 2428 543 2484 luminaribus
562 2428 736 2494 succedebat,
760 2428 882 2497 proxima
899 2429 1120 2497 signasGemini
1138 2436 1166 2483 et
1183 2429 1279 2496 Virgo,
1298 2426 1397 2482 Veneri
1415 2438 1505 2481 succa·

160 2506 236 2560 denti
253 2508 331 2574 signa
349 2506 530 2574 succedentia,
549 2508 655 2566 Taurus
673 2509 810 2575 ethlbra,
829 2508 913 2563 Marti
930 2508 1062 2578 superiori
1079 2510 1214 2577 configna,
1234 2506 1313 2563 Aries
1326 2515 1354 2561 et
1366 2502 1504 2572 Sumptus,

159 2586 221 2640 Jori
233 2601 304 2654 pene
316 2602 443 2655 supremo
460 2587 634 2655 praecedens,
651 2588 744 2644 Pisces
759 2595 787 2642 et
799 2602 917 2657 sequens
930 2586 1100 2656 Sagittarius,
1118 2587 1235 2643 Saturno
1249 2585 1380 2641 altissimo
1397 2581 1506 2637 residua

160 2665 239 2736 signa
257 2667 437 2735 Capricornus
464 2674 492 2720 et
519 2666 669 2735 Aqrrarius,
692 2667 779 2721 Solari
796 2666 882 2722 Leoni
907 2673 935 2722 et
951 2667 1051 2722 Lunari
1071 2669 1173 2722 cancro
1195 2664 1333 2735 opposita,
1355 2662 1506 2717 sepiebant

160 2743 352 2800 limitationes
379 2760 443 2798 vero
469 2744 586 2813 planetis
605 2745 738 2815 oppositis
757 2746 912 2815 assignatae
930 2745 958 2800 in
976 2745 1061 2815 signis
1079 2742 1225 2815 oppositis,
1253 2749 1370 2813 quatuor
1396 2739 1505 2812 quidem

159 2824 347 2893 superioribus
369 2824 396 2878 in
423 2829 539 2892 quatuor
563 2824 746 2879 cardinalibus
769 2825 865 2893 siguis,
889 2823 960 2892 Soli,
985 2824 1031 2893 qui
1054 2826 1142 2893 aperit
1160 2840 1260 2881 annum
1279 2825 1305 2878 in
1323 2823 1430 2889 Ariete,
1459 2819 1525 2875 ubic

159 2901 260 2969 aperit;
286 2917 350 2971 ergo
373 2902 525 2956 contrariae
547 2901 685 2958 facultatis
707 2903 834 2974 planetae
856 2903 974 2958 Saturno
998 2904 1024 2958 in
1050 2903 1127 2973 signo
1151 2904 1231 2961 etiam
1254 2902 1379 2972 opposito
1397 2901 1504 2968 Librae,

158 2981 221 3035 Jori
239 2979 394 3035 succedenti
411 2979 439 3033 in
458 2982 575 3050 Cancro,
594 2981 685 3036 altiori
702 2981 894 3043 cardinalium,
912 2983 994 3038 Marti
1011 2982 1133 3039 inferiori
1149 2984 1178 3038 in
1197 2981 1374 3051 Capricorno,
1396 2980 1505 3035 residuo

160 3058 353 3123 cardinalim,
378 3057 476 3112 Veneri
494 3059 521 3112 in
540 3059 621 3115 domu
640 3062 715 3118 ,loris
733 3062 827 3130 amici,
846 3060 952 3117 scilicet
967 3060 995 3115 in
1013 3061 1146 3129 Piscibus,
1164 3061 1288 3130 proximo
1306 3059 1383 3128 signo
1401 3058 1505 3113 exalta

158 3139 241 3193 tionis
259 3135 339 3203 Solis,
357 3136 422 3204 quia
438 3143 466 3190 et
482 3136 575 3193 Venus
593 3141 746 3210 propinqua
765 3140 835 3209 Soli,
862 3139 1010 3207 Mercurio,
1034 3140 1160 3210 planetae
1177 3139 1321 3209 opposito,
1339 3138 1368 3193 iu
1385 3136 1508 3204 Virgine,

158 3215 241 3269 domo
258 3215 381 3285 propria,
408 3215 484 3283 signo
502 3216 625 3274 Piscibus
640 3218 784 3289 opposita·
809 3218 906 3277 Lunae
923 3216 1038 3286 denique
1056 3217 1175 3275 solitarie
1192 3219 1221 3273 in
1238 3218 1342 3285 Tauro,
1367 3215 1446 3285 signo
1463 3228 1505 3269 se·

159 3294 253 3363 quenti
272 3294 343 3349 Solis
361 3294 566 3363 exaltationem,
592 3298 672 3353 sicuti
690 3298 765 3366 prius
783 3298 877 3353 eadem
895 3297 975 3351 Luna
996 3294 1105 3349 domum
1124 3301 1185 3350 erat
1199 3302 1281 3351 nacta
1297 3292 1504 3363 praecedentem

158 3373 269 3427 domum
288 3372 367 3427 Solis.
403 3374 479 3428 llaec
496 3374 523 3428 ni
541 3374 623 3429 fallor
639 3376 757 3444 genuina
774 3384 802 3431 et
819 3375 931 3445 propria
948 3389 1032 3429 causa
1049 3375 1102 3429 luit
1119 3372 1330 3439 distributionis,
1353 3378 1385 3427 nt
1402 3371 1505 3426 frustra

158 3452 223 3519 sint,
243 3452 289 3519 qui
307 3451 387 3506 sliam
404 3466 438 3506 ex
457 3453 545 3506 causis
563 3452 727 3510 harmonicis
745 3455 830 3509 velint
847 3455 978 3523 indagare
996 3455 1044 3509 aut
1062 3468 1096 3509 ex
1114 3468 1275 3523 quacunque
1293 3453 1347 3507 alia
1364 3450 1504 3507 facultate.

246 3530 300 3584 Hic
317 3529 398 3583 finem
415 3530 510 3597 capitis
528 3545 601 3584 eram
620 3531 755 3599 iacturas,
785 3549 845 3587 cnm
865 3548 928 3587 ecce
951 3532 979 3586 in
996 3531 1163 3589 macrobium
1180 3533 1263 3589 incidi
1280 3533 1325 3589 lib.
1343 3533 1364 3586 Ι.
1383 3533 1412 3585 in
1430 3531 1505 3585 Som-

157 3610 233 3663 nium
252 3607 385 3676 Scipionis
402 3609 441 3662 sic
459 3608 635 3665 scribentem:
660 3611 715 3682 Qui
731 3627 795 3667 vero
812 3612 946 3681 strigorem
961 3611 1042 3665 Jooio
1058 3612 1177 3667 bumana
1192 3615 1286 3682 pareri
1298 3626 1463 3683 prosperum
1480 3613 1506 3663 a

157 3690 316 3754 adstarem,
334 3692 431 3741 contra
448 3687 552 3742 Martia
568 3689 688 3744 nitidam
698 3696 724 3746 ct
741 3689 889 3745 terribilem
908 3688 998 3743 Terris
1015 3689 1130 3749 0000011,
1147 3690 1263 3763 altarum
1280 3695 1397 3747 tractam
1414 3692 1454 3742 est
1471 3701 1506 3740 ca

157 3768 300 3823 mauram
317 3767 406 3820 colore
424 3765 500 3829 (roura
515 3766 601 3836 salqct
617 3766 705 3835 Jooa,
723 3768 822 3823 midai
839 3767 964 3833 Martia),
982 3767 1099 3821 alterum
1116 3782 1151 3821 aa
1167 3767 1318 3823 10011111οΜ
1335 3782 1440 3832 comem,
1458 3764 1506 3834 qai

157 3845 191 3900 de
208 3845 254 3899 bis
269 3845 354 3899 stellis
371 3843 409 3897 cd
425 3843 563 3898 bominum
580 3847 666 3901 attam
683 3862 797 3901 manure
813 3847 908 3901 voluat
925 3846 1043 3901 01100000
1059 3846 1101 3900 uel
1117 3861 1263 3915 prospera.
1298 3845 1373 3901 Nam
1385 3845 1504 3913 pleraru-

157 3941 208 3995 que
227 3924 261 3979 dc
279 3923 384 3977 Martia
400 3922 478 3977 010110
496 3924 642 3993 terribilia,
665 3925 700 3980 dc
716 3925 796 3980 Joma
817 3924 957 3979 001010ήο
979 3924 1129 3992 diffiniam.
1167 3924 1286 3979 Casuum
1307 3925 1333 3979 si
1353 3923 1414 3992 quis
1433 3922 1505 3989 sorte

157 4006 244 4059 altius
265 4008 395 4072 0000001,
418 4001 490 4055 trade
513 4002 615 4061 doma
636 4004 838 4070 muleeolcatiu,
863 4011 895 4059 ut
916 4005 995 4059 meua
1017 4004 1139 4069 malefica
1162 4018 1217 4057 csse
1239 4002 1360 4069 dicutur,
1384 4001 1455 4055 sicat
1471 3998 1505 4053 dc

157 4082 264 4137 Martis
282 4086 308 4135 ct
325 4078 441 4135 Saturni
457 4080 542 4135 stellis
559 4082 744 4148 existimatur,
769 4088 819 4137 aut
841 4098 891 4136 aar
907 4082 1058 4138 notabilior
1079 4082 1232 4151 benignitas
1248 4080 1329 4135 Jcois
1346 4086 1372 4134 ct
1393 4078 1505 4133 Veseris

154 4162 230 4214 irater
245 4158 426 4233 perwtlsliaeoa
444 4157 586 4225 robosem,
605 4176 665 4214 eum
682 4160 719 4215 ait
735 4160 892 4214 divinorum
908 4175 967 4214 msc
983 4165 1100 4215 actara:
1122 4160 1153 4214 ia
1169 4158 1288 4213 rudiam
1300 4159 1442 4228 proferam
1458 4175 1503 4214 ra·

155 4240 260 4293 tionem
282 4237 358 4306 apud
377 4253 463 4291 asum
487 4238 613 4304 omnimo,
635 4237 822 4307 prodactam,
844 4239 948 4293 temam
983 4238 1060 4293 Nam
1076 4238 1249 4293 Pteleraccus
1265 4239 1297 4292 r'a
1313 4238 1391 4293 labris
1407 4238 1504 4307 tribua,

153 4332 223 4387 quoa
240 4313 275 4369 de
291 4314 437 4370 baresanis
449 4318 607 4385 composuit,
621 4317 754 4386 patefecit
765 4332 884 4383 caueam,
904 4332 987 4387 quam
997 4316 1112 4371 breviter
1125 4315 1273 4384 mpucobo.
1293 4315 1370 4372 Certe
1380 4324 1444 4372 sard
1456 4324 1504 4372 cto.

154 4397 217 4465 Ego
235 4393 330 4461 itaque
347 4395 381 4449 ab
397 4394 450 4448 boc
468 4394 598 4449 Macrobii
611 4394 725 4463 vestigio
744 4409 866 4462 exorsus,
885 4400 992 4449 textum
1004 4392 1153 4448 Ptolemaei
1171 4393 1304 4461 integrari
1321 4410 1392 4464 pene
1407 4395 1502 4451 iisdem

154 4473 258 4535 verbis,
285 4473 381 4542 qmbus
399 4474 556 4530 Macrobius
575 4480 716 4542 estuans,
742 4474 794 4527 nisi
812 4472 885 4541 quod
904 4474 1004 4541 passim
1022 4471 1140 4541 paucula
1158 4470 1323 4541 intersparsi.
1358 4474 1420 4530 Non
1437 4489 1503 4530 saue

152 4553 268 4607 fuissem
287 4566 378 4619 ausus,
395 4551 515 4607 tribuere
533 4551 586 4606 hoc
603 4551 775 4617 Ptolemaeo,
802 4550 876 4619 quod
895 4551 918 4605 ir
936 4549 1143 4619 Pythagoricum
1160 4550 1315 4618 opinionem
1334 4553 1367 4607 de
1385 4553 1504 4608 numeris

157 4636 180 4695 t,
199 4630 225 4697 2,
244 4630 301 4694 4,ss
318 4637 347 4683 et
366 4633 388 4697 1,
406 4630 433 4698 3,
451 4631 475 4697 9,
486 4631 520 4684 21
537 4628 679 4698 amplexus
696 4628 779 4684 fuerit
797 4629 884 4696 aliter,
904 4630 955 4684 nisi
973 4640 1108 4700 quatenus
1126 4642 1160 4682 ex
1178 4642 1270 4683 eorum
1288 4629 1423 4699 aliquibus
1441 4632 1503 4686 har·

152 4708 277 4763 monicae
296 4708 484 4776 proportiones
502 4707 674 4762 definiuntur.

117 4832 120 4837 .
239 4786 279 4841 At
295 4785 361 4855 quia
377 4784 532 4841 Macrobius
550 4785 603 4840 boo
619 4784 727 4839 disertis
739 4788 829 4842 verbis
848 4785 922 4855 dicit,
942 4803 972 4842 se
984 4787 1058 4856 quod
1075 4788 1177 4844 scribat
1189 4803 1224 4843 ex
1241 4788 1318 4845 libris
1335 4787 1421 4845 tribus
1434 4791 1501 4843 Har·

152 4867 322 4923 monicornm
340 4863 489 4920 Ptolemaei
506 4863 672 4933 exscribere,
698 4862 779 4920 fidem
801 4865 883 4934 igitur
900 4866 1032 4923 Macrobii
1054 4868 1132 4924 testis
1150 4868 1316 4939 sequendam
1334 4869 1435 4927 cenam.
1473 4869 1502 4926 Si
