3567 5625
779 399 921 473 Avolosie
1459 409 1530 471 suo
1585 401 1594 414 “

173 580 245 640 baec
270 582 347 642 enim
371 579 517 641 cdonbvu
540 580 735 641 subterraneis
758 583 919 656 eorvoitatis,
942 581 1012 640 foris
1035 582 1123 640 etiam
1146 580 1248 658 adjuta
1266 580 1344 641 Solis
1367 582 1523 665 caloribus,

173 669 310 729 humores
341 670 545 728 subterraneos
574 671 602 726 iu
631 685 769 747 vaporem
799 676 947 743 attenuat,
984 686 1051 728 eum
1081 671 1110 726 in
1138 668 1271 744 modum,
1305 687 1365 746 quo
1395 671 1522 732 bominis

171 759 270 815 aalma
299 756 421 816 sudores
451 755 537 814 simul
568 763 597 815 et
627 758 852 833 evaporationes
883 758 956 829 ciet,
988 758 1102 816 irritata
1135 756 1330 816 mithridatico
1359 766 1410 817 aut
1441 768 1522 820 motu

171 845 301 921 corporis
331 835 522 904 exaestuans(
560 842 629 902 Jam
665 845 823 920 vaporibus
854 844 1060 904 exhalantibus
1091 844 1195 921 reliqui
1225 852 1335 918 motus,
1367 850 1522 923 gravitatis

170 939 200 990 et
223 932 363 1004 levitatis,
388 931 492 990 caloris
515 941 544 990 et
566 931 690 1007 frigoris,
714 931 869 1009 densitatis
891 940 920 991 et
941 933 1086 1004 raritatis,
1116 934 1269 992 momentis
1292 940 1367 992 uitro
1390 953 1522 1011 sequun-

171 1025 243 1080 tur.·
274 1018 333 1078 Sed
357 1015 560 1094 argumentum
583 1022 670 1077 etlam
694 1018 849 1078 audiamus
872 1035 971 1091 unum,
994 1019 1135 1079 hactenus
1152 1022 1228 1080 enim
1250 1037 1345 1079 meras
1364 1026 1523 1083 sententias
1599 1055 1605 1061 ·

173 1105 361 1182 loquebaris:
385 1109 410 1164 si
433 1110 531 1164 anima
553 1105 661 1166 Terrae
684 1113 873 1184 tempestates
898 1110 926 1164 in
951 1111 1018 1166 aiire
1033 1110 1169 1180 concitat,
1193 1126 1301 1185 corpus
1316 1111 1411 1183 ἐρίων
1431 1125 1522 1170 auum

169 1197 237 1269 ipsu
266 1193 391 1252 doetruit
419 1201 446 1251 et
476 1194 630 1253 dducerot.
674 1192 805 1253 Hoooine
834 1195 903 1268 tibi,
934 1193 1078 1268 Robusto,
1103 1195 1285 1254 absurdum?
1317 1206 1346 1254 et
1372 1213 1521 1274 nunquam

171 1290 255 1339 tuam
277 1283 340 1356 ipse
364 1281 494 1357 linguam
525 1298 620 1342 errore
642 1283 852 1359 praecipitatus
875 1283 1073 1356 momordisti,
1107 1299 1257 1358 nunquam
1280 1281 1377 1342 sulcos
1402 1286 1432 1342 iu
1456 1293 1522 1346 cute

170 1371 256 1444 egisti
279 1369 452 1443 unguibus?
497 1369 543 1427 An
567 1369 639 1429 forte
663 1386 719 1428 uon
744 1376 795 1427 tua
816 1368 874 1427 hoc
897 1372 1041 1447 praestitit
1063 1371 1176 1443 anima,
1208 1369 1260 1430 scd
1284 1370 1385 1430 dentes
1414 1381 1443 1431 et
1465 1390 1522 1431 un-

171 1469 244 1532 gues
267 1458 389 1514 seorsim
412 1457 449 1514 ab
473 1456 594 1515 anima?
638 1456 749 1515 Verum
772 1464 804 1514 tu
829 1454 867 1514 ad
889 1460 1050 1516 sententias
1074 1460 1242 1516 reverteris:
1265 1462 1374 1517 aalma
1395 1463 1523 1518 union-

168 1544 240 1601 sulis
261 1543 371 1601 mundi
392 1551 444 1615 esi,
468 1544 549 1601 unde
571 1551 762 1621 tempestates,
785 1551 916 1602 mundae
938 1551 989 1603 etc
1009 1544 1188 1619 procedunt.
1234 1545 1279 1605 De
1306 1549 1426 1606 cometis
1449 1548 1521 1606 nihil

171 1629 334 1709 obloquor,
362 1647 420 1689 uon
444 1634 521 1688 enim
544 1647 594 1690 eos
619 1649 654 1690 ex
677 1631 767 1690 Terra
789 1633 945 1707 minusque
977 1650 1012 1690 ea
1035 1635 1101 1692 abre
1124 1640 1224 1691 nostro
1257 1635 1324 1691 oriri
1348 1643 1435 1708 puto,
1471 1647 1523 1694 aut

174 1727 250 1777 certe
279 1720 480 1793 paucissimos.
527 1718 572 1776 Dc
606 1718 828 1794 tempestatibus
858 1718 931 1778 cedo
961 1721 1089 1778 rationes
1119 1727 1171 1779 aut
1200 1709 1290 1779 fatere
1321 1720 1393 1779 nihil
1417 1722 1469 1782 abs
1492 1732 1522 1782 te

171 1803 281 1864 dictum
304 1823 377 1864 esse.
423 1806 484 1880 Est,
508 1807 612 1881 inquis,
636 1810 686 1865 aer
708 1798 873 1883 passivum,
906 1805 985 1865 illius
1008 1809 1123 1865 animae
1145 1806 1245 1866 mundi
1268 1810 1416 1885 proprium
1439 1810 1521 1887 ejus·
1555 1839 1566 1848 ·

172 1909 230 1968 qus
269 1893 435 1952 actionibus
468 1897 562 1968 magis
604 1902 714 1970 aptum.
771 1891 872 1968 Quid?
912 1896 937 1953 si
968 1894 1004 1952 de
1038 1893 1148 1954 Terrae
1179 1897 1278 1954 anima
1307 1895 1432 1956 dicerem
1464 1914 1520 1974 ego

171 1980 267 2053 idem,
291 1982 477 2040 verisimilior
499 1979 633 2056 equidem
657 1981 729 2042 haec
753 1989 830 2040 esset
852 1979 1035 2040 familiaritas
1059 1983 1133 2040 inter
1155 1983 1285 2055 vicinos,
1309 1985 1383 2043 inter
1406 2002 1519 2060 aequa·

171 2066 224 2140 les,
249 2085 336 2143 quam
369 2077 401 2126 ut
423 2075 535 2126 tantum
559 2070 669 2144 negotii
699 2071 738 2127 sit
763 2066 805 2125 illi
836 2068 936 2126 muudi
967 2068 1138 2146 amplissimi
1172 2072 1287 2130 animae
1317 2073 1346 2129 in
1369 2072 1415 2131 his
1445 2074 1521 2131 aliris

170 2157 262 2214 nostri
286 2157 444 2231 angustiis,
478 2163 514 2213 ut
535 2156 655 2232 offatim
678 2157 734 2214 iliu
760 2154 1015 2214 mannasses
1036 2162 1117 2232 aput.
1162 2155 1272 2215 Verum
1301 2164 1330 2216 et
1357 2158 1413 2219 hoe
1434 2151 1522 2235 nego,

169 2245 315 2319 aptiorem
342 2260 406 2301 esse
440 2246 537 2301 a'e'rem
564 2241 757 2318 suscipiendis
780 2244 896 2301 animae
917 2241 1024 2302 Temos
1053 2243 1232 2316 actionibus,
1266 2262 1353 2320 quam
1381 2246 1519 2306 humores

170 2331 301 2406 eorporis
324 2329 440 2388 Terrae.
486 2328 563 2406 Quid
587 2329 726 2406 quaeris?
755 2333 805 2388 air
827 2337 910 2388 extra
933 2337 986 2402 est,
1009 2329 1113 2388 humor
1135 2331 1221 2404 intus,
1245 2333 1274 2389 ia
1296 2331 1417 2393 humore
1441 2336 1520 2393 calor

169 2418 208 2476 ab
232 2419 331 2475 anima
353 2419 516 2476 concitatus
538 2419 649 2476 invenit
670 2415 749 2493 quod
771 2423 857 2492 agat,
880 2420 932 2476 abr
950 2417 1012 2492 jam
1025 2425 1203 2476 'attenuatus
1226 2421 1286 2477 vim
1309 2420 1386 2479 illiue
1410 2425 1517 2484 evasit.

169 2504 221 2564 Sic
242 2506 304 2579 igni
326 2507 404 2563 actio
427 2511 472 2562 est
495 2507 524 2561 in
547 2504 673 2580 lignum,
698 2507 726 2561 in
750 2504 875 2563 cinerem
897 2521 956 2562 non
979 2512 1032 2564 est.

258 2590 355 2650 Velim
377 2593 467 2651 stiam
488 2594 575 2667 scire,
599 2591 745 2668 quodnam
769 2590 840 2649 illud
863 2594 902 2649 sit
923 2592 1019 2650 narde
1041 2595 1163 2650 animae
1184 2591 1371 2666 mundanae,
1402 2594 1484 2669 quod
1505 2613 1520 2652 e

167 2681 256 2739 coelis
280 2678 464 2755 quandoque
485 2680 623 2755 impluit,
647 2678 726 2755 quod
748 2695 807 2737 non
830 2680 868 2736 sit
884 2677 1075 2754 configuratio
1094 2679 1275 2754 harmonica,
1295 2688 1328 2739 ut
1345 2697 1400 2754 ego
1417 2678 1519 2755 doceo,

166 2766 220 2827 sed
253 2767 335 2843 quod
354 2766 533 2844 fortificatus
564 2767 602 2826 ab
631 2766 707 2826 illu?
744 2765 841 2826 Velim
863 2768 953 2841 scire,
988 2766 1059 2843 quid
1087 2768 1217 2828 conferat
1245 2767 1397 2829 rabulatio
1419 2775 1519 2829 inrue

166 2858 342 2930 magnetica
363 2854 406 2913 ud
426 2856 648 2931 suampieudum
670 2857 821 2930 spiritum,
847 2853 876 2912 id
900 2862 944 2913 est
965 2854 1088 2914 adrem?
1133 2856 1217 2914 Anus
1240 2856 1296 2916 boo
1320 2858 1374 2929 vis,
1399 2854 1519 2916 Terram

167 2943 317 3001 exhauriri
341 2942 527 3015 exhalatiqne
550 2942 602 3001 illa
624 2959 718 3017 eoque
741 2944 887 3000 sitientem
909 2959 974 3002 sese
997 2950 1123 3002 attractu
1149 2946 1225 3003 alitis
1247 2942 1387 3005 reficere?
1431 2943 1520 3022 Mag·
1596 2980 1600 2989 ·

166 3031 266 3087 natica
286 3028 442 3103 exhalatio,
466 3030 607 3103 Roberte,
637 3046 694 3088 non
725 3037 770 3088 est
792 3029 968 3102 materialis,
1000 3029 1052 3089 sed
1075 3031 1259 3107 potentialis3
1290 3040 1335 3090 est
1358 3032 1525 3091 enim'for:

166 3115 255 3175 malis
278 3118 405 3193 corporis
428 3119 559 3192 potentia
582 3117 710 3194 aspirare
733 3115 771 3175 ad
795 3118 932 3177 unionem
963 3135 1029 3176 oum
1052 3098 1120 3176 sibl'
1135 3118 1231 3177 simili.
1276 3116 1389 3194 Quodsi
1412 3119 1520 3180 Terrae

167 3203 205 3263 ad
230 3208 435 3279 generationes
458 3221 533 3280 opas
556 3212 601 3264 est
622 3208 699 3278 aire,
722 3203 838 3263 facilius
860 3204 909 3264 bio
931 3202 974 3262 illi
996 3205 1230 3282 suppeditabitur
1252 3205 1290 3264 ab
1313 3208 1400 3281 intus,
1424 3206 1520 3266 calore

168 3293 336 3351 extenuatis
359 3290 539 3350 humoribus.
1354 3298 1357 3305 '

258 3379 373 3451 Crebris
396 3396 414 3437 a
437 3388 465 3438 te
488 3380 648 3451 sententiis,
672 3378 808 3448 Roberte,
833 3376 971 3436 dissideo.
1017 3376 1174 3437 Problema
1192 3379 1370 3454 jucundum,
1393 3397 1444 3438 cur
1466 3399 1518 3440 su·

170 3465 242 3525 deut
264 3483 409 3524 marmora
426 3467 535 3542 pluviis
557 3464 780 3541 ingruentibus?
824 3463 870 3526 Tu
894 3463 1060 3540 respondes,
1084 3469 1181 3525 adrem
1200 3467 1262 3543 jam
1282 3467 1450 3526 humectum
1472 3471 1519 3526 in·

167 3550 253 3629 gredi
275 3552 424 3630 salemque
452 3555 602 3613 marmoris
624 3553 778 3612 resolvere.
824 3550 961 3610 Pondera
983 3568 1051 3626 ergo
1074 3570 1199 3612 marmor
1231 3561 1260 3613 et
1282 3555 1373 3627 refer,
1405 3562 1516 3630 quanto

168 3640 198 3697 id
222 3642 261 3698 sit
284 3641 392 3699 factum
415 3641 519 3713 levius,
542 3642 567 3699 si
589 3648 702 3700 tantum
724 3640 795 3699 salis
817 3639 895 3697 forae
917 3640 1005 3697 misit.
1050 3639 1113 3715 Ego
1130 3640 1246 3716 quidem
1270 3658 1365 3718 spero,
1388 3659 1435 3701 me
1457 3643 1519 3703 lec·

167 3731 225 3787 tori
249 3727 465 3789 satisfacturum
487 3728 599 3787 melius.
644 3728 709 3787 Nou
733 3728 828 3786 solum
852 3742 1067 3796 marmoroso
1091 3744 1204 3806 semper
1226 3727 1281 3788 boe
1302 3736 1441 3805 praestat,
1466 3729 1518 3789 sed

165 3824 238 3874 tunc
262 3824 390 3888 tantum,
421 3816 538 3892 quaudo
560 3818 650 3891 frigus
679 3822 708 3873 et
729 3816 864 3873 marmori
894 3821 924 3873 et
947 3813 1044 3872 densis
1074 3817 1207 3874 omnibus
1237 3818 1395 3892 impactum
1416 3816 1519 3877 basret
1567 3812 1570 3820 ’

165 3907 318 3975 tenacius,
349 3910 417 3962 tuno
441 3904 539 3962 subito
562 3904 769 3981 superveniens
792 3918 885 3974 vapor
907 3901 1060 3961 humectus
1092 3911 1121 3961 et
1151 3902 1266 3980 tepidus
1288 3901 1444 3963 resolvitur
1467 3922 1519 3964 oo·

165 4007 255 4049 eursu
287 3990 384 4066 frigidi
415 3992 574 4067 inaquam
598 3990 795 4066 adhasrstquo
826 3989 990 4065 superficiei
1019 3992 1178 4050 marmoris.
1223 3991 1298 4050 Nam
1329 3991 1428 4067 teplds
1450 4000 1520 4051 sunt

125 4066 129 4073 ’
165 4085 197 4137 et
221 4094 307 4156 rara,
339 4095 415 4154 quae
438 4078 534 4153 frigidi
558 4094 678 4138 occursu
701 4077 879 4136 condensata
911 4077 1007 4136 locum
1030 4080 1150 4154 capiunt
1171 4081 1384 4154 angustiorem,
1419 4081 1518 4155 itaque

162 4163 286 4241 tepidae
310 4174 407 4242 partes
431 4168 543 4225 vicinae
565 4166 738 4237 succedunt,
772 4183 809 4224 ne
832 4164 917 4223 detur
938 4182 1073 4224 vacuum.
1118 4165 1165 4224 Ita
1194 4165 1227 4224 fit
1256 4173 1288 4225 ut
1320 4167 1518 4244 adrvtepidus

161 4253 278 4312 feratur
299 4252 337 4311 ad
359 4270 492 4311 marmur.
537 4253 602 4312 Non
625 4253 730 4331 probat
751 4253 838 4329 igitur
859 4252 916 4311 hoc
938 4253 1118 4328 exemplum,
1149 4257 1246 4311 a'e'rsm
1276 4255 1304 4311 in
1328 4253 1448 4314 Tenum
1472 4256 1518 4312 in·
1555 4268 1560 4277 “

161 4339 249 4416 gredi
276 4382 283 4411 ,
307 4341 332 4398 si
355 4340 424 4399 foris
447 4339 597 4403 adhaeret.
643 4339 731 4399 Aliud
755 4346 956 4415 argumentum
981 4339 1062 4398 ducis
1093 4358 1111 4398 a
1133 4339 1276 4416 pluviosis
1299 4343 1518 4401 constitutioni·

161 4429 222 4488 bus
246 4433 390 4504 putasque
414 4426 589 4487 defecturam
612 4430 699 4486 maris
723 4430 847 4504 copiam,
871 4428 897 4485 si
919 4426 985 4486 iude
1008 4430 1131 4486 materia
1153 4436 1183 4487 et
1198 4444 1255 4485 non
1273 4428 1310 4488 ab
1326 4431 1401 4486 adire.
1438 4428 1515 4487 Puto

159 4533 223 4593 ego
248 4523 358 4588 contra,
384 4513 560 4574 defecturam
583 4518 657 4574 airis
681 4517 794 4592 copiam
817 4513 910 4572 multo
933 4515 1028 4573 eitius.
1074 4512 1123 4573 Sis
1145 4516 1221 4573 enim
1250 4516 1280 4572 in
1304 4513 1417 4591 Optiois
1447 4514 1518 4574 olim

161 4612 194 4663 et
218 4619 289 4663 vere
312 4605 428 4679 scripsi,
450 4603 517 4679 plus
541 4621 605 4664 esse
628 4605 766 4662 materiae
789 4604 818 4660 in
841 4603 929 4660 unica
951 4607 1035 4677 gutta
1055 4619 1167 4677 aquae,
1191 4619 1279 4678 quam
1302 4604 1332 4661 iu
1354 4604 1429 4661 airis
1452 4620 1518 4667 ame

158 4689 300 4769 piissimo
323 4692 439 4766 spatio,
473 4690 551 4766 quod
580 4690 691 4749 scilieet
720 4689 840 4766 impleat
862 4688 1002 4757 conclave
1033 4696 1136 4747 totum.
1182 4688 1275 4766 Igitur
1294 4686 1435 4766 majorem
1458 4709 1515 4767 ego

160 4794 322 4838 assensum
343 4794 439 4854 spero,
462 4781 511 4853 qui
535 4777 651 4855 pluvias
674 4794 731 4836 nou
755 4794 790 4836 ex
814 4776 1025 4849 a'e'riseirterni,
1047 4787 1081 4834 ut
1104 4784 1145 4850 ta,
1168 4776 1220 4836 sed
1236 4795 1271 4837 ex
1286 4781 1404 4856 vaporis
1418 4776 1517 4838 adhue
1572 4832 1575 4837 .

158 4885 180 4928 a
205 4867 329 4937 matrice
351 4882 406 4925 suu
428 4866 616 4947 subterranea
643 4866 768 4942 tepentis
797 4862 1026 4925 condensatione
1048 4878 1165 4941 genero.
1212 4864 1282 4925 Erat
1305 4868 1381 4925 enim
1411 4865 1517 4927 humor

218 4973 316 5028 Kspleri
329 4974 405 5027 opera
416 4974 445 5019 V.
1311 4971 1351 5032 28
