3567 5625
298 379 362 439 342
808 369 957 426 Ptolemaei
973 370 1128 426 Harmonia

296 552 444 628 faciliora3
468 559 498 613 et
518 569 631 613 rursum
653 569 719 612 cunr
742 570 795 633 ea,
818 567 895 629 quae
917 553 983 611 risu
1005 552 1123 628 cognita
1145 529 1227 626 suut,
1254 553 1377 632 poeticis
1400 550 1643 636 descriptionibus

297 646 550 717 repraesentantur
572 640 610 700 ad
632 643 742 716 vivum,
764 647 799 699 ut
819 648 887 699 suot
908 640 1048 699 fluctuum
1071 648 1207 716 aspectus
1236 650 1265 699 et
1286 640 1418 700 locorum
1440 640 1530 700 facies
1553 643 1643 699 situs-

302 745 359 804 que
383 738 413 787 et
433 745 549 805 pugnae
573 736 602 788 et
624 727 781 788 affectuum
804 729 893 786 animi
917 729 1139 787 constitutiones
1153 728 1347 802 subitaneam
1371 727 1445 786 adeo
1461 728 1588 804 quidem,
1612 735 1644 786 ut

296 814 461 875 auditorum
491 817 580 876 animi
611 816 762 892 speciebus
789 824 970 874 narratarum
1009 824 1037 876 et
1068 812 1277 893 descriptarum
1306 832 1401 880 rerum
1429 816 1644 875 conformentur

296 920 354 962 noo
377 919 478 976 secus,
501 919 537 962 ac
557 905 583 961 si
606 902 670 962 illas
694 920 790 962 coram
814 897 1091 980 intueremurfflV).

383 1023 435 1084 Sic
457 1027 556 1100 itaquo
578 1025 627 1103 fit,
660 1032 693 1083 ut
715 1024 773 1084 duo
796 1026 844 1083 isti
866 1040 971 1084 sensus
997 1040 1057 1083 nou
1079 1023 1247 1096 eovsolum,
1277 1021 1355 1099 quod
1380 1027 1498 1101 propria
1519 1025 1644 1101 quilibet

243 1107 246 1116 '
297 1110 415 1186 objecta
436 1113 576 1188 percipit,
606 1111 658 1172 sed
682 1114 770 1170 etiam
793 1128 837 1185 eo,
862 1111 940 1187 quod
964 1111 1115 1172 conferunt
1137 1127 1241 1187 operas
1269 1119 1299 1170 st
1321 1119 1442 1171 conatus
1464 1120 1582 1171 mutuos
1605 1112 1644 1172 ad

294 1198 436 1257 discenda
466 1207 496 1259 et
525 1198 749 1275 contemplenda
778 1197 845 1271 illa,
877 1215 954 1275 quae
984 1198 1126 1274 cujusque
1156 1200 1274 1273 propria
1298 1201 1410 1258 rabone
1440 1200 1584 1259 elaborari
1615 1209 1644 1259 et

294 1285 435 1362 compleri
458 1286 582 1360 debent,
606 1295 638 1346 ut
661 1294 783 1361 utroque
805 1283 909 1356 modo,
932 1288 1068 1360 inquam,
1097 1284 1252 1363 plurimum
1273 1285 1427 1362 proficiant
1450 1286 1489 1346 ad
1512 1287 1643 1365 pulchri-

294 1374 424 1433 tudinem
449 1377 478 1433 ct
500 1373 671 1447 utilitatem,
696 1376 796 1449 sicque
817 1389 876 1430 non
900 1374 956 1450 ipsi
979 1380 1101 1445 tantum,
1124 1372 1176 1432 sed
1196 1374 1285 1431 etiam
1306 1376 1454 1447 scientiae,
1478 1391 1554 1450 quae
1575 1383 1645 1434 suut

295 1461 427 1520 alterutri
450 1461 625 1533 familiares,
649 1467 683 1519 ut
704 1475 838 1536 quaeque
860 1458 977 1519 illarum
1001 1471 1046 1519 est
1068 1462 1180 1519 ratione
1203 1462 1329 1520 maxime
1351 1463 1513 1539 particeps3
1540 1462 1644 1538 cujus·

296 1547 377 1607 modi
400 1557 445 1607 est
468 1567 503 1608 ex
525 1557 609 1625 parte
632 1546 751 1623 quidem
774 1550 855 1605 visus
878 1556 908 1606 et
929 1555 1027 1616 motus
1042 1546 1145 1606 localis
1167 1563 1276 1620 sorum,
1300 1565 1376 1623 quae
1392 1552 1457 1607 visu
1472 1550 1537 1608 solo
1560 1567 1643 1609 com-

294 1633 434 1713 prehendi
457 1644 596 1713 possunt,
627 1634 684 1694 boc
714 1642 759 1694 est
781 1632 951 1693 coelestium
976 1651 1142 1713 corporum,
1174 1639 1366 1707 astronomia,
1395 1653 1430 1695 ex
1461 1646 1544 1713 parte
1573 1654 1643 1696 vero

294 1725 492 1782 astronomiae
524 1732 554 1783 et
587 1722 770 1782 harmonicas
793 1718 1022 1801 cognationi).
1069 1721 1194 1779 Auditus
1225 1730 1254 1780 et
1280 1733 1390 1782 motus·
1406 1725 1509 1783 iterum
1540 1724 1643 1784 localis
1686 1721 1691 1740 '

294 1827 409 1882 eorum,
433 1827 509 1886 quae
532 1809 633 1870 auditu
657 1808 724 1868 solo
748 1807 952 1885 comprehendi
975 1817 1113 1890 possunt,
1136 1808 1193 1867 hoc
1215 1813 1259 1868 est
1280 1827 1431 1869 sonorum:
1458 1811 1644 1887 harmoniam

293 1897 398 1957 ambae
421 1897 537 1973 quidem
560 1898 697 1958 ministris
722 1903 751 1957 et
763 1893 971 1955 'instrumentis
995 1900 1066 1955 citra
1084 1900 1312 1956 controversiam
1327 1897 1509 1958 arithmetica
1524 1907 1554 1957 et
1568 1915 1643 1974 geo-

292 1987 396 2044 metria
417 2002 505 2056 usae,
537 1983 575 2043 ad
599 1986 792 2061 quantitatem
816 1999 886 2043 vero
919 1992 948 2043 et
970 1982 1143 2060 qualitatem
1165 1985 1324 2059 primorum
1353 1992 1484 2045 motuum
1510 1995 1665 2046 contem·¹

292 2070 440 2150 plaudam,
463 2072 653 2131 consobrinae
663 2067 748 2151 xm)
770 2078 799 2130 et
815 2072 896 2146 ipsae
913 2074 1079 2141 existentes,
1104 2072 1213 2147 quippe
1236 2072 1350 2131 duabus
1373 2083 1459 2134 natae
1484 2075 1643 2146 sororibus,

292 2161 358 2218 visu
382 2163 411 2217 et
433 2156 545 2232 auditu,
568 2180 586 2219 a
608 2159 768 2219 nutricibus
793 2175 862 2218 vero
885 2175 921 2217 ex
946 2159 1120 2234 cognatione
1142 2176 1196 2217 sua
1211 2163 1350 2235 proximis
1373 2160 1525 2234 educatae,
1547 2155 1644 2220 arith·
1713 2166 1718 2177 '

292 2248 399 2306 metica
420 2254 450 2306 et
471 2249 631 2323 geometria
643 2243 751 2323 ΚΜ).

377 2381 450 2436 Nota
467 2382 542 2437 XXI.
578 2381 674 2436 Statim
697 2386 791 2436 stota
808 2379 1014 2451 mathematica,
1040 2379 1067 2431 in
1087 2394 1166 2447 quam
1195 2388 1362 2446 excurrerat,
1389 2397 1418 2434 se
1438 2381 1585 2451 recipiens,
1610 2384 1644 2439 ad

291 2465 398 2529 partem
418 2458 477 2536 ejus
495 2458 679 2514 harmonicam
696 2458 827 2528 paulatim
845 2458 999 2525 revertitur,
1018 2457 1081 2511 dum
1101 2458 1219 2528 explieat
1237 2459 1306 2514 duos
1321 2476 1416 2515 sensus
1436 2462 1644 2518 mathematicae

291 2540 399 2611 quidem
417 2539 467 2593 toti
486 2538 653 2603 famulantes,
673 2539 721 2593 sed
740 2552 854 2606 quorum
873 2536 943 2589 alter
960 2534 1117 2590 harmoniae
1135 2538 1262 2606 proprius
1281 2541 1324 2609 sit,
1343 2540 1451 2596 auditus
1470 2542 1582 2608 scilicet,
1602 2559 1644 2598 ce

215 2627 223 2636 '
289 2620 355 2676 teris
373 2621 444 2674 enim
464 2616 660 2672 mathematicis
679 2615 828 2685 disciplinis
847 2621 952 2670 tantum
975 2629 1025 2682 per
1043 2614 1169 2668 accidens
1189 2619 1283 2682 servit,
1309 2625 1422 2688 propter
1444 2620 1548 2675 scilicet
1566 2621 1644 2674 insti·

288 2697 408 2753 tutiones
426 2695 522 2766 orales,
541 2711 612 2766 quae
632 2703 746 2765 possent
765 2696 847 2749 etiam
865 2710 915 2764 per
935 2693 1019 2748 solam
1038 2693 1181 2748 lectionem
1199 2695 1267 2765 fieri,
1285 2706 1314 2750 at
1332 2697 1488 2752 harmonica
1500 2698 1645 2767 disciplina

291 2779 350 2834 sina
375 2776 469 2837 auditu
494 2776 582 2848 (quod
606 2776 736 2832 musicam
761 2775 873 2841 attinet)
902 2772 972 2828 tradi
996 2774 1098 2844 nequit.
1141 2774 1290 2845 Propterea
1317 2775 1436 2831 ostendit
1460 2776 1643 2849 Ptolemaeus,

292 2850 427 2928 quomodo
451 2854 567 2924 uterque
592 2871 690 2910 sensus
715 2855 788 2908 circa
805 2862 909 2908 motum
937 2853 1051 2909 localem
1078 2870 1154 2908 suam
1173 2856 1309 2925 propriam
1329 2856 1467 2912 scientiam
1492 2859 1644 2928 progignat,

291 2933 365 2989 visus
383 2934 583 3000 astronomiam,
606 2932 715 2988 auditus
733 2932 915 2987 harmonicen.
954 2932 1035 2986 Certo
1054 2939 1145 2985 autem
1164 2934 1277 2991 consilio
1296 2933 1330 2988 de
1347 2935 1391 2988 his
1405 2934 1509 2991 duabus
1524 2936 1644 2992 scientiis

290 3011 442 3079 praefatur,
469 3012 627 3078 ostendens,
638 3052 641 3059 ,
652 3012 787 3080 quomodo
806 3011 879 3066 circa
897 3026 944 3065 eos
963 3026 1059 3065 sensus
1084 3011 1193 3066 auditus
1212 3022 1239 3067 et
1257 3013 1330 3066 visus
1357 3013 1408 3068 sibi
1426 3014 1540 3070 invicem
1558 3016 1643 3071 famu

290 3089 396 3157 lentur,
414 3089 518 3145 scilicet
535 3098 565 3145 ut
584 3091 627 3146 rel
646 3091 685 3145 sic
704 3090 795 3145 statim
813 3088 890 3143 initio
910 3095 1020 3158 gustum
1037 3090 1168 3157 praebeat
1192 3091 1330 3144 societatis
1349 3092 1490 3160 utriusque
1515 3096 1644 3150 scientiae

290 3166 318 3220 in
337 3167 543 3237 participatione
561 3168 767 3238 proportionum
785 3165 1003 3221 harmonicorum
1027 3167 1112 3221 etsie
1131 3168 1266 3221 axiomata
1285 3177 1451 3237 praestruat,
1479 3172 1580 3239 quibus
1598 3173 1643 3228 de·

290 3251 436 3309 monstret,
461 3246 615 3313 harmonias
640 3247 669 3300 in
687 3245 763 3300 coelo
786 3258 853 3300 esse.
891 3245 966 3298 Haeo
990 3245 1159 3301 discurrendi
1184 3247 1252 3302 ratio
1276 3246 1407 3302 lectorum
1426 3248 1564 3316 aliquibus
1589 3266 1643 3305 non

290 3323 357 3378 satis
374 3322 452 3378 firma
475 3340 526 3379 nec
541 3325 663 3394 legitima
680 3332 708 3379 et
726 3324 815 3394 logica
832 3338 892 3377 esse
912 3322 1059 3393 ridebitur,
1085 3325 1133 3378 sed
1160 3326 1257 3380 saltem
1276 3326 1437 3394 symbolica,
1462 3335 1490 3381 et
1513 3330 1643 3397 sequelae

291 3420 340 3459 seu
358 3404 520 3459 connexioni
541 3407 724 3475 qualicunque
746 3404 902 3459 fabularum
920 3401 1067 3457 Ovidisuae
1084 3403 1338 3472 Metamorphoseus
1363 3405 1482 3460 similior.
1520 3408 1557 3460 At
1582 3424 1642 3462 cnm

213 3498 217 3505 ¹
291 3483 327 3538 sit
344 3483 422 3537 locus
440 3500 490 3552 per
506 3501 538 3541 se
550 3483 689 3555 jucundus
708 3491 735 3538 et
753 3481 841 3551 utilis,
868 3482 997 3549 detegens
1016 3483 1115 3536 muum
1134 3483 1384 3537 mathematicamm
1409 3499 1592 3555 sensuumque
1610 3489 1642 3542 iis

289 3562 490 3628 inservientium
504 3562 691 3633 cognationem
710 3563 779 3617 inter
798 3576 828 3617 se
845 3567 953 3627 mutuo,
978 3561 1063 3614 lector
1081 3576 1184 3628 aequus
1203 3560 1291 3627 illam,
1317 3577 1481 3631 quacunque
1500 3558 1642 3621 occasione

290 3641 467 3712 propositam,
487 3650 563 3712 mato
582 3643 670 3697 animo
688 3641 814 3710 accipiet.
850 3641 896 3693 Me
914 3640 986 3708 quod
1004 3639 1109 3706 attinet,
1129 3639 1262 3707 explicari
1280 3640 1338 3695 libr.
1357 3642 1405 3696 ΙΙΙ.
1424 3658 1482 3711 cap.
1500 3644 1525 3710 3,
1544 3645 1643 3713 quibus

290 3722 325 3777 de
343 3721 433 3777 causis
451 3721 479 3775 iu
497 3722 621 3789 qualibet
637 3737 666 3777 re
684 3723 771 3776 totius
789 3718 908 3773 universi
927 3718 1009 3772 insint
1026 3718 1183 3773 harmoniae
1201 3727 1228 3774 et
1246 3720 1380 3788 quomodo
1400 3722 1428 3775 in
1440 3722 1569 3790 singulis3
1589 3740 1642 3780 nou

291 3799 396 3855 scilieet
413 3798 474 3855 ideo
493 3799 667 3867 singulariter
689 3786 783 3853 insunt
808 3796 835 3848 in
862 3803 944 3850 cantu
967 3797 1048 3863 inque
1074 3802 1150 3851 motu
1168 3796 1300 3867 siderum,
1327 3799 1390 3868 quia
1408 3801 1453 3854 hic
1471 3799 1570 3869 oculis,
1598 3803 1642 3857 sile

290 3878 401 3933 auribus
419 3878 574 3949 percipitur,
593 3878 641 3932 sed
654 3873 718 3947 quia
733 3875 878 3942 utrobique
890 3882 979 3928 motus
998 3883 1053 3945 est,
1069 3882 1184 3943 uterque
1201 3884 1328 3932 accurate
1346 3879 1509 3947 percipitur,
1528 3887 1643 3949 uterque

291 3956 465 4025 dispensatur
483 3973 517 4012 ex
536 3955 646 4011 arbitrio
664 3954 776 4021 mentis,
803 3953 960 4007 harmonias
982 3952 1159 4023 intelligentis
1183 3963 1212 4008 et
1237 3957 1359 4010 amantis.
1398 3956 1434 4011 Et
1451 3958 1510 4010 risu
1533 3959 1642 4025 quidem

290 4035 353 4103 lux,
380 4034 475 4090 auditu
492 4050 576 4088 sonus
594 4034 795 4102 percipiuntur,
822 4031 881 4086 illic
904 4030 1083 4100 asuperficie
1102 4048 1245 4101 corporum
1269 4033 1382 4103 delapsa
1401 4035 1518 4101 species,
1545 4035 1590 4090 hic
1609 4037 1642 4089 ab

289 4114 352 4183 ipsa
369 4112 538 4182 corpulentia
560 4126 662 4175 rerum,
692 4119 723 4166 ut
745 4118 810 4166 sunt
831 4110 860 4164 in
877 4115 955 4165 motu
973 4112 1146 4166 constitutae.
1182 4112 1280 4181 ltaque
1303 4128 1337 4166 ex
1355 4113 1413 4166 visu
1441 4113 1564 4183 simplice
1587 4132 1641 4169 non

288 4194 441 4264 judicamus
460 4192 494 4246 de
510 4191 638 4262 internis,
666 4191 718 4245 nisi
736 4190 850 4246 accedat
874 4189 1044 4269 experientia
1062 4206 1151 4244 rerum
1169 4189 1336 4244 internarum
1361 4192 1396 4245 ab
1415 4193 1535 4247 externis
1560 4209 1642 4248 uexa-

210 4262 215 4273 Χ
291 4290 359 4341 ram,
378 4278 409 4325 ut
426 4287 460 4327 ax
479 4270 574 4326 auditu
590 4269 659 4337 soni,
679 4269 713 4324 de
730 4268 843 4323 internis
861 4267 975 4322 facimus
992 4268 1130 4337 propriam
1142 4267 1334 4336 conjecturam
1371 4269 1458 4324 Aliter
1470 4271 1554 4339 igitur
1566 4273 1642 4327 audi·

292 4360 338 4408 tus
355 4351 391 4406 ds
409 4356 491 4407 cautu
509 4355 641 4417 testatur,
670 4347 750 4402 aliter
767 4346 841 4401 viam
860 4346 895 4400 de
913 4344 1100 4413 coelestibus!
1122 4345 1163 4401 illi
1182 4362 1266 4402 sonus
1292 4348 1360 4403 facit
1380 4348 1508 4404 indicium
1525 4350 1641 4418 longitu.

293 4429 363 4485 dinis
382 4436 410 4483 et
426 4427 556 4482 tensionis
580 4426 742 4481 chordarum
764 4432 830 4493 etc,
858 4423 956 4492 quibus
981 4423 1152 4478 continentur
1175 4424 1346 4491 harmoniae,
1375 4424 1439 4479 huic
1460 4427 1565 4493 anguli,
1591 4429 1640 4482 sub

292 4507 390 4578 quibus
409 4506 538 4563 coelestia
557 4506 694 4575 videntur,
723 4520 778 4558 uon
796 4501 917 4573 produnt
935 4502 1053 4557 visarum
1072 4517 1162 4557 rerum
1181 4503 1374 4571 quantitatem,
1394 4502 1442 4557 sed
1461 4508 1491 4557 ut
1507 4505 1575 4561 haec
1593 4508 1637 4561 ha·

293 4587 403 4656 beatur,
427 4589 536 4655 oportet
553 4584 607 4639 alia
625 4583 705 4653 plura
722 4599 771 4652 per
789 4582 963 4652 longissimas
982 4581 1153 4637 inductiones
1172 4583 1311 4639 accedere.
1347 4583 1472 4637 Vicissim
1489 4594 1531 4640 est
1550 4587 1637 4657 aliqua

292 4665 389 4720 horum
407 4680 535 4719 sensuum
554 4663 709 4731 similitudo,
729 4678 810 4732 quam
828 4660 1162 4732 ignorarit'Ptolemaeua
1181 4661 1262 4731 hujus
1279 4661 1333 4717 loci
1350 4667 1471 4735 propria,
1491 4667 1562 4737 quod
1580 4670 1636 4722 soni

292 4743 401 4813 quidem
419 4750 446 4797 et
464 4752 559 4798 cantus
578 4744 711 4797 humanus
729 4740 823 4796 auditu
841 4740 1045 4810 percipiuntur,
1063 4747 1237 4808 motusvero,
1258 4741 1384 4797 coelestis
1402 4742 1559 4799 harmoniae
1575 4744 1633 4797 sub

291 4821 408 4894 jectum,
434 4823 493 4878 visu
512 4836 559 4879 seu
577 4820 669 4896 aliqua
692 4820 766 4877 deus
784 4818 899 4890 analoga
916 4818 1060 4888 facultate,
1089 4835 1160 4889 quae
1185 4820 1222 4876 sit
1237 4820 1266 4876 in
1284 4819 1361 4891 Sole,
1391 4821 1489 4891 partim
1513 4823 1591 4879 etiam
1607 4821 1634 4874 ia
