3567 5625
237 379 298 439 166
665 372 950 447 6666666666
967 368 1147 426 semema

235 552 285 613 rel
305 553 470 630 progressio
492 551 676 611 arithmetica
697 558 751 626 est,
775 551 894 635 qnando
916 552 1000 610 initio
1022 550 1100 610 iaetu
1122 548 1162 609 ab
1184 548 1285 623 aliquo
1306 560 1427 606 numero
1450 558 1583 619 quoeun-

235 656 307 717 que,
332 640 478 699 adduntur
500 636 543 698 illi
566 638 704 716 aequalia
726 643 871 700 66611666

235 782 272 837 ῃ,
324 784 341 838 3
394 782 436 836 „1
480 783 513 837 33
657 752 730 812 Cum
754 770 823 828 erge
843 754 919 812 iuter
943 752 970 825 3,
996 752 1025 824 6,
1050 752 1079 821 9,
1106 753 1154 822 12,
1178 752 1247 808 item
1270 749 1343 807 inter
1366 745 1425 818 38,
1452 745 1509 814 41,
1533 742 1584 813 44,
1664 810 1668 816 ι

254 884 264 905 r
323 854 341 908 3
496 855 513 909 3
549 845 588 899 41
613 841 652 899 611
673 841 839 916 progressio
861 841 1007 899 continua
1023 838 1222 910 arithmetica,
1253 835 1339 894 litut
1368 834 1454 891 trium
1481 829 1584 887 talium

461 926 513 995 Ἦ
548 944 733 987 numerorum
756 927 893 1004 deinceps
915 926 1078 985 locatorum
1099 923 1213 984 medius
1228 921 1390 1001 appelletur
1403 918 1586 978 arithmetica

459 1010 514 1095 j
548 1015 703 1090 medietas,
727 1021 761 1074 ut
780 1016 855 1074 inter
879 1015 897 1072 6
921 1022 951 1073 61
975 1016 1013 1072 12
1037 1011 1179 1072 medietas
1201 1018 1247 1071 est
1272 1011 1307 1083 9,
1331 1011 1406 1069 inter
1421 1007 1462 1065 38
1487 1014 1517 1064 61
1539 1005 1581 1061 44

479 1098 514 1153 44
550 1101 692 1162 medietas
713 1102 898 1161 arithmetica
919 1108 964 1160 est
986 1101 1037 1158 41.

463 1166 515 1249 ,2
638 1188 764 1262 Quando
788 1206 860 1249 vero
882 1190 1009 1248 numeris
1032 1186 1147 1263 aliquot
1174 1191 1285 1243 attenta
1308 1199 1408 1243 eorum
1436 1179 1588 1256 magnitu-

306 1257 339 1311 12
481 1256 515 1308 4⁷
552 1275 620 1336 dine
642 1275 797 1336 adduntur
811 1274 935 1349 similia,
960 1284 1030 1334 tunc
1051 1283 1097 1334 est
1119 1273 1266 1350 proportio
1289 1271 1475 1347 geometrica.

584 1375 621 1447 ut,
669 1376 695 1444 6,
748 1378 773 1440 6,
824 1377 849 1444 o,
904 1377 946 1443 10,
1001 1377 1041 1443 17,
1095 1374 1130 1429 aa

670 1446 695 1512 9,
731 1444 773 1513 27,
810 1446 852 1515 15,
906 1447 950 1505 30.
1003 1447 1045 1510 51,
1081 1444 1140 1498 114.

647 1532 694 1601 62,
730 1533 775 1599 36,
809 1535 851 1600 20,
905 1535 947 1601 to,
1000 1533 1045 1599 68,
1083 1532 1140 1587 152.

324 1618 393 1675 Nam
413 1617 484 1673 61661
502 1617 538 1672 66
556 1617 572 1671 3
591 1617 700 1673 additur
717 1618 829 1688 triplum
848 1621 876 1686 9,
895 1618 935 1674 sic
953 1618 987 1673 ad
1005 1620 1021 1674 9
1039 1618 1148 1672 additur
1165 1616 1275 1685 triplum
1294 1615 1343 1679 21,
1363 1615 1435 1684 quod
1454 1623 1496 1669 est
1512 1620 1589 1668 tante

238 1698 327 1766 majus
350 1713 431 1767 qnam
452 1697 480 1765 9,
508 1704 609 1765 quanto
626 1698 643 1753 9
662 1702 704 1751 661
721 1699 809 1767 majus
835 1715 917 1769 quam
935 1699 966 1768 3,
993 1707 1021 1753 61
1048 1707 1150 1767 quanto
1172 1698 1202 1751 15
1227 1693 1378 1761 66166166
1403 1708 1483 1761 quam
1501 1695 1518 1749 5
1537 1700 1603 1765 616,

239 1777 316 1833 Sicut
335 1791 398 1844 ergo
418 1776 433 1828 3
452 1773 487 1828 66
508 1774 554 1843 12,
574 1774 646 1829 6169
665 1776 766 1847 6636,
785 1778 936 1834 61616613
955 1777 1037 1845 ada,
1057 1777 1096 1832 sie
1116 1778 1147 1832 12
1166 1774 1259 1830 6636.

325 1885 451 1944 Rursum
474 1882 548 1943 haee
570 1888 719 1961 proportio
742 1888 771 1944 iu
794 1887 851 1948 hoe
873 1885 1006 1963 exemplo
1022 1893 1066 1945 est
1082 1884 1243 1961 disjuncta:
1268 1899 1337 1958 erga
1353 1885 1501 1959 propertio
1517 1899 1591 1959 geo·

238 1974 359 2034 metrica
392 1972 548 2047 conjuncta
578 1988 631 2030 seu
664 1978 829 2049 progressio
861 1980 921 2047 est,
951 1972 1084 2050 qnando,
1114 1974 1196 2031 initio
1226 1972 1305 2030 lacto
1337 1973 1375 2029 ab
1405 1970 1505 2046 aliquo
1533 1987 1592 2028 nu·

238 2078 335 2134 mero,
358 2076 474 2135 semper
495 2056 613 2117 additur
635 2059 678 2117 illi
702 2060 748 2119 vel
771 2078 839 2138 pars
863 2062 911 2121 vel
934 2060 1087 2137 multiplex
1109 2060 1222 2120 similis.

189 2148 195 2161 “
581 2157 618 2212 Ur
722 2160 737 2212 6
965 2163 999 2217 16
1241 2158 1259 2211 6

721 2230 737 2285 9
964 2232 999 2286 30
1108 2264 1114 2273 ·
1241 2228 1259 2282 4

691 2302 738 2371 'ri
945 2305 999 2373 ’6)
1208 2302 1260 2372 'st

686 2386 737 2467 ,3-6
946 2388 999 2442 120
1208 2391 1258 2467 j

702 2473 737 2526 ss
946 2461 999 2530 ffo
1227 2474 1259 2528 16

686 2544 737 2598 141
945 2544 999 2598 480
1242 2542 1258 2597 9

686 2616 739 2685 i‘oi
946 2617 1000 2686 656
1208 2617 1259 2683 'ii

327 2714 370 2770 Ad
386 2714 516 2769 initialem
535 2713 644 2770 additur
662 2716 773 2785 triplum
789 2717 818 2770 iu
836 2716 944 2770 duobus
961 2716 1054 2785 primia
1074 2716 1213 2785 exemplis,
1234 2714 1371 2770 dimidium
1389 2714 1517 2779 intentio,
1536 2732 1596 2770 rur·

243 2811 357 2866 sumque
374 2793 409 2850 66
427 2811 503 2860 enm,
529 2794 575 2862 qni
594 2794 658 2850 hine
676 2803 719 2850 est
737 2804 833 2864 uatus,
859 2794 970 2849 additur
987 2794 1081 2848 eadem
1101 2793 1243 2864 multiplex
1269 2793 1310 2848 rel
1330 2808 1402 2862 pars.
1438 2792 1512 2862 Ergo
1531 2794 1597 2850 618

245 2875 340 2939 6612,
358 2874 460 2929 6161116
477 2873 537 2941 ipse
558 2876 590 2929 12
609 2884 651 2929 661
670 2892 752 2944 porro
769 2875 804 2929 66
826 2875 865 2942 18,
884 2874 925 2928 616
943 2873 1024 2927 etiam
1044 2877 1076 2928 lb
1094 2875 1129 2929 ad
1141 2875 1182 2929 21.
1218 2874 1271 2929 Ubi
1286 2873 1318 2927 12
1335 2881 1378 2927 est
1389 2871 1520 2928 medietas
1534 2889 1597 2942 geo·

245 2954 357 3010 metrica
379 2952 483 3009 interd
507 2960 536 3008 et
559 2954 605 3022 ts,
629 2955 670 3009 sio
692 2955 726 3009 18
748 2955 866 3009 medium
888 2954 1080 3022 geometricum
1106 2969 1156 3008 seu
1180 2952 1384 3022 proportionale
1407 2959 1450 3006 est
1474 2951 1596 3006 1616612

246 3032 326 3087 6127
344 3037 396 3086 etc.

306 928 357 997 ’5

308 1013 359 1091 Ξ

322 1100 339 1154 6

305 1171 356 1251 „³-

331 3138 416 3200 Haec
436 3143 516 3216 prins
537 3149 607 3199 sunt
628 3141 845 3217 cognoscenda,
874 3151 908 3200 ut
929 3142 1120 3218 intelligatur,
1150 3141 1220 3218 qnid
1243 3143 1282 3199 sit
1303 3142 1452 3218 proportio
1474 3140 1595 3199 harmo-

248 3229 323 3286 nica.
367 3226 442 3286 Nam
465 3227 517 3286 illa
546 3230 589 3286 616
612 3228 746 3287 delinitur
772 3250 790 3291 a
813 3229 942 3300 Rodiae,
975 3229 1054 3305 quod
1076 3226 1152 3289 ineu
1169 3234 1292 3287 rationes
1308 3232 1464 3302 aequalium
1481 3231 1598 3285 616561-

246 3319 315 3380 hero
330 3318 387 3372 rint
402 3318 507 3373 modice
524 3319 662 3387 66616666,
693 3316 723 3375 16
751 3325 796 3377 est
817 3320 945 3376 rationes
976 3320 1086 3393 priores
1114 3316 1331 3389 arithmeticae,
1365 3325 1394 3374 et
1422 3317 1598 3392 posteriores

250 3402 453 3477 geometricae.

337 3487 428 3547 Porro
458 3489 532 3548 haec
555 3488 687 3549 delinitio
712 3507 781 3550 vera
802 3507 861 3550 non
886 3499 944 3549 est:
980 3486 1014 3572 1)
1038 3489 1121 3548 multi
1149 3492 1226 3548 enim
1249 3489 1328 3550 modi
1359 3498 1427 3548 sunt
1458 3490 1546 3549 etlam
1568 3491 1599 3545 in

249 3573 376 3634 numeris
399 3592 458 3634 non
480 3575 665 3652 harmonicis,
689 3579 796 3654 quihus
818 3578 913 3637 modis
935 3580 1063 3636 rationes
1087 3577 1255 3652 aequalium
1278 3584 1307 3637 et
1324 3577 1461 3635 similium
1484 3578 1600 3652 possint

249 3679 314 3721 esse
335 3662 450 3723 modice
473 3665 625 3740 aoniusae;
656 3683 751 3742 neque
773 3677 870 3724 tamen
895 3665 952 3724 hoc
973 3664 1094 3737 6616611,
1125 3674 1159 3724 61
1180 3667 1218 3723 611
1239 3667 1387 3742 proportio
1418 3664 1597 3735 harmonica,

250 3758 364 3825 oportet
385 3753 462 3810 euim
484 3752 623 3811 accedere
653 3754 727 3812 ullas
750 3756 838 3812 etiam
869 3770 1052 3812 numerorum
1076 3751 1281 3826 habitudines,
1313 3770 1348 3810 ex
1372 3767 1434 3828 cap.
1463 3754 1497 3824 l,
1521 3753 1554 3825 2,
1579 3752 1598 3809 3

251 3836 402 3912 petendas.
449 3832 485 3918 2)
507 3837 621 3897 Multae
654 3842 781 3899 vicissim
810 3847 877 3899 sunt
901 3840 1103 3916 copulationes
1131 3856 1317 3899 numerorum
1338 3838 1538 3910 harmonicae,
1570 3840 1598 3894 in

250 3925 357 3998 quihus
380 3940 475 4000 neque
498 3926 666 4000 aequalium
688 3944 783 4002 neque
805 3926 945 3985 similium
967 3928 1095 3986 rationes
1114 3930 1305 3985 eontinentur.
1351 3921 1387 4007 3)
1412 3924 1488 4002 Quin
1511 3928 1601 3985 etiam

249 4017 318 4070 sunt
343 4010 527 4070 harmonicae
549 4015 760 4088 proportiones,
783 4016 813 4071 in
836 4014 944 4090 quibus
968 4022 1013 4073 est
1034 4014 1157 4092 simplex
1181 4015 1357 4089 geometrica
1378 4014 1544 4090 proportio,
1568 4020 1602 4072 ut

255 4101 288 4170 1,
311 4099 350 4169 2,
375 4099 408 4171 4,
438 4100 493 4156 6161
515 4097 659 4158 identicae
682 4109 749 4158 sunt
771 4117 825 4160 nee
846 4087 1075 4178 gratiamsolae
1096 4104 1213 4178 pariunt
1237 4103 1441 4179 praecipuam,
1470 4099 1544 4159 adeo
1568 4107 1602 4159 ut

251 4182 383 4243 Bodinus
406 4192 502 4259 neget,
530 4185 600 4244 illas
624 4204 659 4245 ex
682 4204 712 4245 se
737 4191 808 4263 ipsis
831 4187 945 4246 efficere
968 4198 1139 4247 concentum
1153 4188 1253 4261 ullum,
1277 4186 1407 4262 intellige
1429 4188 1601 4264 figuratnm3

251 4281 320 4330 sunt
342 4271 470 4330 vicissim
492 4271 568 4332 allae
591 4273 778 4334 harmonicae
799 4278 1012 4351 proportiones,
1036 4277 1064 4332 lu
1089 4277 1195 4350 quihus
1218 4284 1263 4335 est
1278 4272 1401 4351 simplex
1416 4275 1600 4334 arithmetica

251 4361 412 4435 proportio,
436 4368 469 4418 ut
495 4363 526 4431 l,
551 4364 589 4433 2,
613 4364 642 4434 3,
665 4365 708 4421 616
731 4367 759 4435 2,
784 4365 818 4436 3,
842 4366 872 4436 4,
896 4381 970 4440 quas
993 4366 1080 4422 etiam
1103 4363 1235 4423 Bodlnns
1258 4364 1302 4423 sui
1327 4363 1434 4421 oblitus
1455 4378 1508 4440 pro
1531 4361 1602 4422 har-

252 4447 374 4504 monicis
397 4449 539 4524 agnoscit,
563 4450 618 4507 etsi
641 4449 713 4508 nihil
735 4449 864 4510 habeant
886 4450 1041 4527 analogiae
1064 4454 1257 4527 geometricae
1285 4450 1454 4509 admixtum.
1498 4448 1548 4508 Sic
1572 4452 1601 4524 3,

254 4534 288 4607 4,
312 4533 346 4607 5,
368 4535 411 4593 616
434 4536 470 4608 4,
496 4536 529 4607 5,
555 4536 592 4609 6,
613 4539 655 4595 616
681 4541 712 4611 1,
737 4540 772 4612 3,
797 4539 832 4612 5,
855 4540 898 4597 616
921 4542 954 4611 2,
980 4541 1015 4613 5,
1040 4539 1058 4597 8
1082 4545 1154 4618 616,
1177 4555 1251 4615 quas
1272 4539 1446 4614 posteriores
1469 4536 1601 4597 Bodinus

253 4635 402 4695 perperam
424 4629 514 4698 nogat
535 4622 719 4685 harmonicus
742 4625 857 4685 eitieere
880 4632 1048 4693 concentus,
1072 4628 1246 4687 auetoritete
1261 4632 1390 4686 retunm
1414 4632 1601 4685 666166666-

253 4722 318 4765 snm
340 4706 457 4767 auditus
479 4711 640 4788 insurgens.
695 4746 696 4749 =

340 4791 393 4856 list
413 4803 512 4857 tamon
533 4799 656 4859 assertio
685 4816 757 4861 vera
778 4797 991 4875 quadamtenus
1019 4797 1055 4859 de
1078 4817 1114 4861 ea
1141 4798 1344 4877 proportione,
1376 4816 1463 4874 quam
1485 4805 1600 4860 veteres
