3567 5625
259 389 334 464 lio
765 399 797 455 In
815 397 993 455 Harmoniam
1009 397 1106 455 Mundi

259 571 432 639 nicus-deest
447 572 503 641 ills,
522 587 592 643 quae
608 578 694 629 totam
712 573 844 631 chordam
861 575 896 646 Ι12
913 572 1008 630 diuidit
1023 575 1052 629 iu
1070 579 1211 644 segmenta
1228 575 1252 643 1,
1272 574 1315 642 11,
1331 571 1503 643 respondens
1520 589 1613 643 aspec-

234 649 238 662 '
259 650 299 706 tui
317 652 472 708 semisexto.

346 731 479 788 Poterunt
494 739 586 789 umen
604 733 766 801 observare,
784 748 839 787 uon
857 739 952 788 omnes
969 730 1135 801 promiscue,
1153 747 1208 785 uon
1226 730 1342 800 creduli,
1359 730 1408 786 sed
1427 730 1616 801 moumspecti

259 815 288 866 et
303 810 440 879 pollentes
453 811 574 880 judicio,
597 818 727 882 poterunt
744 811 853 881 iuquam
871 811 1017 867 observare
1034 809 1184 865 tridecilem
1206 826 1255 865 seu
1273 809 1518 879 sesquiquintilem,
1543 814 1615 880 ioe0,

258 890 441 959 coryphaeum
458 891 562 947 sciliom
578 891 650 947 inter
668 889 860 959 secundarios,
887 890 955 946 laris
974 897 1127 947 armaturae
1143 889 1250 945 milites
1285 889 1355 944 lium
1373 888 1468 944 decibs
1492 889 1553 958 ejm
1571 907 1615 946 so·

259 970 324 1035 cina,
343 970 399 1035 36⁰,
416 969 527 1026 nimium
544 969 649 1025 ricinus
667 976 710 1024 est
726 971 872 1026 semisexto
890 968 966 1040 lorti,
985 968 1042 1039 30⁰,
1061 984 1148 1038 eoque
1165 976 1194 1023 ct
1211 966 1353 1023 obscurior
1363 965 1429 1035 ‘ujus
1446 966 1488 1022 ris
1506 975 1616 1031 (natura

257 1047 405 1116 majoribus
431 1050 461 1104 in
486 1050 640 1120 propinquo
667 1049 784 1105 stimulis
810 1052 954 1120 occupata)
981 1055 1010 1104 et
1043 1047 1180 1103 difficilior
1206 1047 1359 1104 obseruatio
1386 1047 1422 1103 ob
1447 1045 1552 1104 dierum
1578 1050 1616 1105 ri·

258 1125 404 1183 ciuitatem·

344 1207 407 1262 Nun
427 1207 580 1275 dissimulo,
600 1207 659 1277 jam
674 1207 759 1263 semei
776 1214 860 1277 atque
876 1207 978 1263 iterum
993 1207 1059 1263 mibi
1078 1210 1256 1278 tempestates
1276 1206 1431 1262 observanti
1448 1207 1536 1262 munt
1553 1222 1615 1264 essa

259 1285 341 1340 etiam
359 1285 550 1356 quincuncem,
569 1289 642 1357 150⁰,
660 1286 779 1343 validum
796 1286 951 1343 admodum.
986 1287 1026 1343 Et
1043 1302 1108 1344 ecce
1124 1287 1178 1342 hoc
1195 1301 1266 1342 anno
1290 1284 1445 1342 Fabricium
1467 1286 1497 1341 in
1522 1285 1614 1355 pra·

259 1363 361 1425 merids
378 1364 442 1419 anni
461 1366 536 1422 1618.
555 1364 771 1423 introducentem
789 1367 905 1423 eundem
923 1366 973 1423 sub
992 1368 1100 1423 nomine
1118 1365 1303 1436 quanosextt

347 1442 444 1514 Itaque
462 1444 645 1514 adjiciendum
662 1454 735 1504 esset
745 1446 848 1518 aliquid
859 1447 1011 1504 rationibus
1028 1446 1112 1517 bisce,
1131 1463 1181 1503 sau
1192 1446 1284 1515 potius
1295 1445 1415 1516 penitius
1428 1445 1617 1516 investiganda

260 1521 357 1578 stellae
375 1522 621 1593 duodecangnlaris
639 1533 744 1595 natura,
762 1543 827 1582 num
845 1525 911 1597 quid
929 1524 1078 1583 nobilitatis
1096 1534 1125 1581 et
1142 1526 1204 1594 ipsa
1220 1524 1329 1581 babeat.
1359 1524 1437 1582 Tunc
1454 1524 1536 1595 igitur
1552 1526 1616 1581 oba·

260 1610 350 1657 racter
376 1602 429 1656 iste
455 1603 561 1659 sextilis
586 1605 714 1675 proprius
741 1613 816 1662 asset
843 1606 1011 1677 quincuncis.
1048 1605 1104 1662 Sed
1126 1604 1160 1662 de
1183 1603 1227 1659 bis
1244 1603 1325 1673 abus,
1352 1603 1469 1661 siDens
1486 1605 1570 1661 ritem
1588 1612 1616 1661 et

260 1681 330 1737 vires
349 1683 523 1739 concesserit.
992 1703 995 1718 ¹
1458 1703 1460 1708 ’

348 1789 394 1857 16)
412 1803 470 1854 pag.
490 1793 548 1841 963.
584 1794 614 1842 lu
640 1794 817 1856 manuscriptio
841 1792 944 1856 liepicri
961 1791 1170 1842 Pultoviensibus
1194 1783 1260 1841 inter
1281 1791 1364 1842 multa
1389 1791 1614 1857 oivusnnnorun

260 1858 390 1912 bominum
406 1863 520 1913 themata
535 1862 694 1926 genennae
711 1863 920 1929 deprehendimus
936 1865 985 1914 boa
1001 1864 1087 1914 thema
1102 1861 1213 1927 Ksplori,
1230 1864 1311 1927 ipsius
1328 1877 1408 1915 msun
1424 1866 1555 1929 seriptum.

349 3560 415 3610 Huic
433 3563 537 3615 themati
554 3569 688 3630 subjuncta
706 3576 743 3620 est
761 3570 910 3635 descriptio,
927 3570 1016 3618 itidem
1033 3569 1066 3616 ab
1084 3570 1140 3630 ipso
1158 3567 1266 3631 iiaplero
1285 3568 1393 3630 scripta,
1411 3577 1485 3628 quas,
1505 3561 1616 3626 quamvis

262 3628 363 3684 nOmina
384 3631 489 3700 occuito,
508 3641 631 3687 neminem
655 3648 737 3689 nmen
755 3640 834 3689 allum
852 3640 978 3706 describit,
997 3653 1073 3704 qnam
1094 3640 1176 3701 ipsum
1192 3636 1336 3703 Kepiornut
1372 3634 1427 3696 Quo
1446 3638 1558 3695 tenpore
1575 3629 1618 3679 ills

262 3698 358 3759 scripta
375 3702 417 3765 sit,
434 3710 504 3767 petat
522 3722 553 3756 ex
571 3715 697 3775 contextu,
716 3712 775 3759 dum
793 3710 866 3774 dicit,
882 3711 1011 3772 scripsisse
1030 3710 1128 3757 sabaoc
1141 3723 1235 3757 aunum
1247 3707 1337 3756 aetatis
1356 3708 1468 3764 agonum
1481 3704 1525 3767 26,
1543 3716 1617 3766 qnare

262 3780 329 3815 auno
350 3772 425 3822 1597.
462 3773 584 3835 Quamuis
610 3779 657 3829 hoc
680 3782 796 3839 „tbema“
823 3778 1016 3829 muita'babaat
1033 3779 1220 3841 superstitiosa,
1247 3774 1432 3826 concedendum
1450 3774 1498 3821 erit
1515 3774 1563 3821 boc
1578 3775 1617 3831 Ju-

263 3839 334 3899 V⁰1¹ii
360 3846 413 3889 nnn
440 3846 548 3905 primum
574 3849 726 3910 astrologiae
752 3853 876 3899 vanitates
905 3850 1026 3912 carpenti.
1062 3847 1141 3897 Paulo
1168 3854 1226 3912 post
1248 3849 1341 3897 rectius
1366 3860 1418 3893 ram
1444 3842 1618 3903 sanclegiem

263 3908 369 3990 taxavit.
396 3912 455 3961 dum
477 3929 544 3966 anno
565 3922 639 3972 1802.
659 3921 790 3983 Fabricio,
817 3921 903 3969 maura
920 3921 1001 3982 ipsius
1019 3919 1183 3983 desideranti,
1202 3920 1333 3968 scriberet:
1352 3913 1498 3964 certitudini
1515 3913 1577 3961 artis
1592 3913 1619 3960 in

263 3977 433 4037 singularibus
450 3999 539 4047 parurn
560 3990 651 4040 tribuo.
681 3990 734 4055 (cir.
753 3988 803 4038 rol.
823 3991 842 4038 1.
860 4004 886 4051 p.
905 3991 957 4039 itit)
975 3989 1006 4053 s.)
1042 3988 1253 4039 Gonstellatiouss
1275 3986 1434 4050 planetarum
1451 3985 1478 4031 iu
1502 3987 1620 4047 equanto

264 4047 429 4130 descriptione
447 4057 549 4105 medem
568 4066 640 4124 suut,
655 4074 725 4125 quae
742 4074 801 4122 pag.
819 4062 869 4108 263
888 4061 1036 4119 referuntur,
1061 4074 1107 4109 nec
1124 4074 1174 4109 non
1192 4058 1305 4119 eaedem,
1327 4070 1393 4121 quae
1409 4056 1437 4103 iu
1453 4055 1535 4114 figura
1550 4067 1620 4115 prae-

263 4131 343 4166 missa
367 4131 506 4179 occurrunt.
543 4127 656 4178 Ceterum
681 4135 811 4190 notamus,
838 4130 1030 4192 descriptionem
1053 4131 1118 4179 bano
1142 4144 1191 4178 nou
1217 4129 1251 4177 ad
1273 4127 1366 4177 salumn
1390 4123 1537 4188 perductam
1561 4136 1620 4177 esst.

264 4192 431 4261 cnmlmadia
453 4196 480 4243 in
506 4200 601 4260 pagina
623 4202 761 4248 orationem
789 4200 862 4249 obtat
888 4198 1018 4262 iiapiarus,
1056 4200 1094 4247 De
1112 4201 1252 4262 sociorum,
1281 4212 1345 4263 quos
1360 4196 1438 4260 dicit,
1464 4193 1621 4258 quorundam

263 4262 317 4308 vita
334 4275 415 4323 pauca
427 4266 516 4314 'verbis
534 4268 636 4332 Kapieri
654 4268 735 4319 literis
753 4271 856 4318 minutis
875 4271 1035 4332 inseruimus,
1052 4267 1117 4317 libro
1137 4271 1191 4331 usi,
1209 4271 1235 4318 in
1253 4283 1304 4334 quo
1323 4270 1499 4317 enumerantur
1515 4264 1620 4313 studiosi

264 4330 405 4392 theologiae
424 4334 603 4401 Tubingenses,
622 4341 667 4405 qui
685 4340 717 4389 nd
735 4341 881 4405 „magistri‘
900 4340 1004 4400 gradum
1023 4341 1130 4403 promoti
1149 4346 1215 4390 sunt.

349 4420 439 4475 Homo
456 4422 508 4477 iste
526 4424 579 4481 boo
597 4424 653 4485 fato
672 4432 753 4481 natus
772 4432 830 4494 est,
857 4431 888 4478 ut
906 4423 1067 4493 plerumque
1093 4426 1174 4480 rebus
1193 4423 1348 4479 difficilibus
1366 4429 1473 4489 tempus
1492 4422 1579 4486 terat,
1605 4433 1621 4471 a

264 4499 363 4570 quibus
381 4498 427 4554 alii
445 4499 600 4559 abhorrent.
636 4505 668 4563 In
693 4504 811 4574 pueritia
828 4503 889 4568 ¹fuit
916 4511 1064 4558 metrorum
1091 4504 1223 4560 rationem
1250 4516 1395 4572 aggressus
1413 4505 1477 4553 onte
1496 4503 1620 4559 nentem.

265 4578 385 4634 mustus
403 4586 446 4634 est
463 4579 582 4636 seribere
595 4582 763 4652 Comoedias,
781 4582 906 4638 Psalmos
921 4581 1003 4650 elegit
1020 4581 1226 4651 prolixissimus,
1241 4598 1309 4653 quos
1322 4578 1458 4634 mandarit
1468 4576 1623 4632 memoriae.

265 4654 463 4723 Grammaticos
482 4659 570 4716 Crusii
597 4661 688 4717 omnia
715 4661 841 4730 exempla
867 4661 988 4715 adiscere
1015 4661 1139 4717 tentavit.
1174 4663 1208 4717 In
1234 4658 1398 4717 carminibus
1416 4657 1494 4710 initio
1513 4671 1622 4726 opernm

265 4735 339 4792 dedit
356 4736 539 4808 ἀκροστειχεσι,
558 4739 679 4810 gryphis,
698 4739 968 4809 mugrammatismis,
986 4748 1130 4809 postquam
1148 4740 1199 4794 bos
1218 4758 1251 4799 ex
1269 4757 1318 4795 suo
1336 4738 1433 4792 merito
1451 4743 1622 4791 contemnere

265 4815 354 4884 potuit
379 4817 585 4873 convalescente
609 4818 726 4888 judicio,
753 4833 899 4889 aggressus
925 4826 968 4874 est
998 4819 1073 4875 varia
1098 4824 1127 4874 et
1152 4818 1314 4875 difficillima
1330 4815 1490 4887 Lyricorum
1508 4829 1619 4885 -genera,

266 4895 374 4967 scripsit
391 4895 477 4953 melos
494 4896 676 4968 Pindaricum,
694 4896 805 4970 scripsit
822 4896 1026 4969 dithyrambica,
1043 4898 1172 4957 materias
1185 4897 1342 4970 complexus
1360 4902 1403 4954 est
1414 4893 1571 4966 insolentes,
1589 4893 1621 4951 ds
