3567 5625
265 378 330 441 aar
674 374 716 430 ns
735 371 1004 445 colummannus
1023 344 1202 431 mmmm

265 553 532 627 accommodatius,
551 555 696 631 jactatum
718 553 815 615 febrili
836 570 1031 631 paroxysmo,
1063 555 1199 630 quamvis
1220 553 1347 615 incultas
1369 555 1485 615 animae
1506 552 1617 625 vitalis,

265 651 367 703 auctor
388 643 635 715 inflammationis,
658 660 678 702 a
699 650 804 702 conatu
828 657 882 700 suo
905 643 1048 714 remittat,
1076 645 1185 719 quippe
1208 641 1345 701 detunsis
1369 660 1424 702 suo
1446 659 1565 701 munero
1588 650 1620 701 ct

264 732 386 791 matoria
409 729 503 790 febrili
525 729 573 789 rel
595 730 756 806 colliquata
787 728 836 788 vel
858 729 954 804 ejecta
985 747 1022 789 ex
1046 731 1156 788 intimis
1187 728 1307 789 sedibus
1338 747 1440 789 versus
1463 732 1617 802 exteriora,

264 835 324 878 uon
347 826 444 878 tamen
468 819 566 877 statim
589 820 669 878 omni
692 816 789 877 calore
812 815 968 891 liberatur3
997 816 1098 877 haeret
1127 819 1204 876 enim
1235 819 1259 875 is
1282 819 1311 875 in
1334 819 1457 877 materia
1479 819 1618 895 corporis,

266 923 367 977 carne,
391 906 523 979 ossibus,
546 908 644 966 nervis
667 904 733 978 diu,
758 904 856 981 quoad
879 906 942 981 ipse
965 921 1083 980 qnoque
1106 913 1201 965 tractu
1223 907 1363 981 temporis
1386 907 1521 982 exspiret.

351 991 427 1051 Sunt
449 995 538 1069 igitur
559 992 616 1054 hae
639 993 809 1054 harmoniae
837 1010 873 1053 ex
897 1009 996 1051 earum
1020 1009 1155 1065 numero,
1186 1009 1261 1068 quas
1286 1010 1376 1069 supra
1399 1011 1462 1071 cap.
1488 996 1517 1050 2.
1541 992 1621 1051 dixi·
1692 1004 1697 1019 ‘

265 1098 330 1139 mus
352 1097 411 1139 non
434 1080 590 1155 subjacere
609 1079 811 1158 providentiae
833 1079 960 1149 liberae,
988 1077 1041 1138 sed
1063 1081 1237 1139 necessitate
1259 1089 1390 1140 motuum
1414 1083 1529 1139 misceri
1552 1098 1619 1140 cum

264 1167 385 1227 infinitis
407 1170 455 1227 sui
475 1170 590 1243 generis
612 1170 789 1243 incongruis,
812 1167 920 1243 quihus
942 1166 1025 1226 Deus
1047 1174 1160 1226 mentes
1183 1165 1337 1240 ordinavit,
1360 1186 1436 1244 quae
1454 1167 1529 1241 illas,
1553 1185 1621 1227 cum

265 1254 406 1328 incidunt,
429 1263 632 1332 agnoscerent.
677 1256 768 1331 Atqui
791 1254 879 1330 longo
902 1253 1011 1325 felicior
1034 1261 1079 1313 est
1100 1264 1205 1313 natura
1219 1254 1387 1315 sublunaris
1408 1259 1437 1313 in
1451 1256 1506 1330 his,
1530 1274 1620 1332 quam

265 1360 352 1403 aures
381 1345 410 1401 in
439 1351 541 1417 cantu,
570 1342 785 1419 dignoscendis.
831 1341 958 1401 Auditus
986 1343 1063 1400 euim
1085 1358 1144 1401 non
1168 1340 1254 1402 valde
1285 1341 1447 1403 delectetur
1468 1344 1623 1403 hemonia

265 1430 400 1507 binarum
424 1448 547 1504 vocum,
578 1432 603 1489 si
628 1432 757 1507 quinque
779 1429 857 1489 alise
886 1428 1071 1489 dissonantes
1100 1429 1287 1507 obstrepant,
1315 1442 1421 1490 natura
1442 1431 1619 1505 sublunaris,

266 1527 385 1578 assume
408 1520 557 1597 perpetuis
580 1521 746 1594 incongruis
769 1517 1057 1594 configurationibus,
1082 1534 1132 1575 eas
1154 1534 1208 1594 pro
1223 1515 1313 1577 nullis
1335 1518 1433 1591 babet,
1456 1521 1526 1595 quia
1548 1522 1620 1579 novi

266 1606 338 1665 nihil
360 1606 574 1678 animadvertit,
598 1607 627 1664 in
651 1605 851 1665 harmonicum
873 1622 944 1665 vero
966 1596 1171 1680 angulum³sio
1186 1612 1231 1664 est
1248 1607 1367 1679 intenta,
1393 1623 1428 1666 ac
1449 1608 1474 1665 si
1497 1607 1621 1673 issolus

266 1701 354 1755 esset
398 1693 449 1755 Slc
471 1711 537 1753 cnm
559 1695 777 1771 prognosticam
800 1684 922 1768 aliquod
944 1691 1051 1751 millies
1073 1700 1166 1765 errat,
1191 1693 1348 1768 negligitur
1370 1701 1466 1754 tamur
1491 1693 1564 1766 hoo,
1589 1702 1622 1754 at

264 1784 290 1840 si
312 1782 403 1842 semel
426 1797 548 1858 scopum
570 1783 698 1859 attingit,
721 1781 778 1841 hoc
800 1783 941 1841 memoris
962 1779 1083 1855 dmum
1105 1788 1254 1854 consetur,
1278 1781 1336 1842 hoc
1356 1784 1486 1841 omnium
1506 1799 1621 1841 sermo·

264 1870 351 1929 nibus
373 1868 546 1930 celebratur.

350 1959 396 2018 Ex
417 1957 464 2017 his
486 1959 574 2033 igitur
596 1955 720 2031 intelligi
743 1954 845 2028 datur,
869 1954 1037 2014 harmonias
1060 1957 1088 2013 in
1112 1954 1237 2027 uocibus
1259 1955 1378 2031 quidem
1405 1956 1525 2015 arbitrio
1548 1972 1623 2015 oon·

187 2102 192 2112 ,
266 2046 347 2104 stitui
370 2044 551 2121 consilioque
574 2047 721 2117 canentis,
752 2045 780 2100 in
804 2043 920 2118 angulis
944 2060 1014 2103 vero
1045 2042 1171 2101 radiosis
1201 2041 1284 2109 nullo
1307 2053 1430 2104 naturae
1454 2043 1623 2103 sublunaris

266 2132 404 2207 consilio,
427 2132 481 2194 sed
503 2150 584 2192 mera
604 2134 779 2192 necessitato
802 2131 981 2205 geometrica
1002 2137 1135 2190 motuum
1155 2133 1321 2206 provenire.
1365 2131 1441 2190 Nam
1469 2133 1541 2206 quia
1562 2131 1622 2191 duo
1683 2154 1687 2161 ·

266 2219 403 2297 planetae
425 2222 556 2297 separari
577 2218 685 2279 debent
707 2236 759 2295 per
781 2220 871 2278 totins
886 2217 1060 2277 semicirculi
1083 2234 1135 2277 seu
1151 2216 1296 2293 graduum
1316 2218 1376 2277 180
1399 2217 1622 2293 longitudinem,

265 2308 303 2367 nt
320 2310 503 2381 necessario,
533 2314 566 2366 ut
587 2307 649 2365 suis
671 2308 757 2366 certis
780 2308 935 2367 momentis
959 2308 1047 2366 otiam
1070 2305 1221 2382 particulis
1244 2305 1309 2382 dus
1330 2305 1522 2379 harmonicis,
1554 2307 1620 2366 scil.

267 2397 318 2468 30,
343 2396 394 2468 60,
419 2396 476 2474 90,
502 2395 562 2454 120
585 2401 640 2454 stc.
663 2392 806 2469 maduum
829 2393 947 2453 distent
992 2393 1096 2471 Itaque
1118 2393 1289 2453 harmoniae
1311 2402 1415 2453 cantus
1443 2402 1626 2469 quaeruntur

266 2484 386 2543 intusa
409 2489 548 2555 cadomo,
571 2481 740 2540 harmoniae
763 2481 909 2541 radiorum
933 2490 1139 2558 exspectantur
1161 2478 1269 2544 dolorm
1289 2499 1308 2539 a
1332 2490 1436 2541 natura
1459 2482 1623 2555 sublunari,

267 2571 460 2631 observantur
482 2587 547 2629 cum
569 2567 709 2643 incidunt,
734 2567 944 2645 dignoscuntur
966 2587 985 2628 a
1007 2584 1063 2627 non
1079 2568 1256 2638 harmonicis
1278 2564 1326 2650 (et
1343 2572 1387 2628 sic
1408 2570 1446 2630 ab
1461 2568 1514 2629 illa
1535 2587 1625 2629 snum

266 2675 325 2717 carc
347 2660 508 2735 accipiunt)
531 2658 773 2733 excipiunturque
796 2664 826 2716 et
848 2653 1042 2733 applicantur.
1088 2656 1236 2714 Breviter:
1267 2655 1511 2734 configurationes
1534 2676 1625 2736 prae-

267 2747 383 2820 cinunt,
407 2754 513 2805 natura
534 2744 701 2805 sublunaris
723 2743 814 2804 saltat
835 2742 875 2802 ad
897 2741 978 2819 leges
1001 2742 1089 2820 hujus
1112 2743 1285 2803 cantilenae.

354 2833 390 2893 V.
414 2832 555 2908 Quintum
579 2832 733 2892 discrimen
756 2839 800 2891 est
822 2829 1040 2908 quodammodo
1069 2829 1284 2892 annectendum
1306 2833 1411 2906 primo.
1455 2833 1518 2892 Nec
1540 2835 1623 2892 enim

266 2920 421 2981 latitudine
444 2928 557 2980 tantum
580 2919 715 2979 differunt
737 2918 905 2979 harmoniae
936 2919 1024 2993 hujus
1055 2927 1085 2978 et
1106 2917 1308 2997 praecedentis
1334 2917 1417 2988 libri,
1447 2920 1500 2979 scd
1532 2923 1624 2981 stiam

268 3008 369 3069 ordine
392 3014 576 3085 respectuum
600 3007 795 3080 dirermmm,
829 3006 937 3083 quibus
966 3006 1078 3082 figurae
1099 3007 1294 3084 geometricae
1322 3008 1446 3082 gignant
1469 3015 1626 3085 utrumque

267 3113 360 3170 genus
383 3095 871 3171 harmonicarumproportionom,
900 3095 987 3152 tertio
1009 3112 1137 3171 namque
1159 3093 1234 3154 libro
1265 3095 1362 3170 potior
1388 3094 1444 3153 luit
1472 3106 1625 3176 respectos

266 3183 442 3257 scibilitatls,
465 3189 569 3258 quarto
592 3184 650 3241 isto
673 3184 769 3259 potior
792 3184 846 3241 erit
867 3184 1084 3258 congruentiae.
1129 3181 1188 3242 Sed
1209 3180 1245 3241 de
1269 3181 1325 3241 hoc
1340 3184 1444 3258 quinto
1459 3182 1625 3246 discrimine

172 3347 175 3354 Δ
265 3270 328 3348 jem
351 3289 416 3349 cap.
440 3272 469 3333 5.
493 3289 529 3330 ex
552 3270 683 3348 prolesso
706 3287 844 3347 agemus,
866 3271 896 3327 in
920 3269 1117 3347 explicatione
1138 3271 1328 3330 axiomstum.

842 3502 984 3574 CAPUT
1011 3503 1048 3573 V.

268 3648 316 3702 De
339 3649 452 3704 causis
477 3648 682 3704 efficacium
709 3646 1042 3718 configurationum,
1076 3662 1261 3717 earumque
1287 3663 1425 3702 numero
1443 3655 1478 3702 et
1506 3649 1627 3703 ordine

861 3735 1031 3803 graduum.

355 3880 549 3940 Definitio
572 3881 597 3940 I.
643 3880 890 3956 Conligurationis
908 3897 966 3940 vox
981 3884 1104 3941 sumitur
1126 3900 1179 3959 pro
1194 3884 1328 3943 binorum
1343 3880 1499 3955 radiorum,
1523 3884 1626 3958 cujus·

270 3985 327 4043 qne
349 3983 368 4028 a
388 3967 508 4046 planeta
528 3986 583 4027 suo
607 3968 825 4041 descendentis,
855 3967 965 4044 angulo
989 3970 1058 4041 illo,
1089 3987 1148 4046 quo
1171 3972 1280 4047 angulo
1303 3967 1379 4030 radii
1402 3970 1449 4029 hic
1478 3973 1508 4028 in
1532 3970 1626 4030 Terra

270 4051 365 4137 (quae
388 4051 489 4133 puncti
510 4058 653 4116 rationem
674 4055 779 4130 hahet)
802 4061 923 4130 co'e'nnt3
945 4055 995 4116 nel
1018 4057 1099 4132 qnod
1121 4057 1226 4118 eodem
1240 4058 1324 4133 redit,
1347 4061 1471 4117 sumitur
1486 4075 1541 4135 pro
1556 4076 1625 4119 arca

270 4142 371 4202 circuli
392 4148 506 4221 magui,
537 4146 567 4202 in
589 4142 712 4203 zodiaco
735 4142 889 4220 descripti,
921 4146 971 4219 qui
998 4161 1084 4206 arcus
1106 4163 1244 4207 mensura
1264 4149 1303 4206 sit
1331 4143 1402 4204 dicti
1424 4146 1539 4221 auguli,
1572 4162 1625 4206 seu

271 4248 357 4307 quem
381 4249 480 4292 arcum
502 4233 564 4292 bini
584 4229 722 4309 planetae
744 4247 898 4306 corporum
920 4247 1039 4290 suorum
1063 4234 1182 4310 obJectu
1204 4237 1359 4295 terminare
1382 4238 1413 4291 et
1427 4237 1513 4307 quasi
1535 4251 1624 4311 prse-

271 4317 368 4380 cidere
390 4320 476 4380 nobis
500 4319 642 4380 terricolis
665 4319 810 4380 videntur.

356 4431 514 4509 Notandum
531 4443 619 4523 primo
637 4454 672 4508 de
690 4453 811 4508 nomine:
834 4454 1009 4509 Ptolemaeus
1034 4456 1063 4509 in
1081 4455 1298 4527 quadripartito,
1317 4456 1345 4510 in
1364 4455 1452 4524 Opere
1470 4471 1568 4522 magno
1586 4455 1624 4508 in.

270 4546 324 4602 que
337 4532 509 4588 Harmonicis
526 4531 713 4600 σ’χηματισμους
731 4531 864 4601 appellnt,
888 4531 961 4600 quod
975 4533 1079 4587 Arabes
1098 4542 1225 4604 aspectus
1244 4542 1396 4602 verterunt3
1419 4533 1498 4601 quasi
1516 4533 1624 4588 schema

270 4608 396 4664 nitidem
413 4609 486 4680 quod
505 4611 603 4680 vultus,
622 4611 721 4680 iacies3
746 4611 818 4682 quod
837 4612 918 4666 etiam
937 4618 1031 4665 noster
1048 4612 1242 4668 Teutonismus
1259 4613 1357 4678 habet,
1376 4612 1422 4679 qni
1440 4611 1536 4665 faciem
1555 4611 1623 4665 solet

270 4698 410 4751 nominare
426 4694 478 4754 boi
499 4695 644 4772 lioptdthi,
659 4706 800 4768 aspectum
818 4707 845 4753 et
856 4704 1065 4768 personatorum
1077 4699 1228 4768 schemata,
1248 4699 1327 4760 faciei
1338 4698 1461 4765 obtenta,
1488 4692 1623 4766 &tichico

271 4790 342 4845 quae
360 4776 423 4830 Itali
441 4779 589 4833 Mascarss.
625 4778 764 4834 iuvenitur
780 4786 872 4838 tamen
890 4787 918 4833 et
935 4792 989 4838 vox
1007 4784 1195 4848 sponsisque,
1223 4791 1291 4845 quas
1309 4789 1363 4830 non
1382 4783 1489 4830 tautum
1506 4791 1541 4828 ex
1559 4776 1623 4828 Ara·

270 4853 337 4909 hicis
355 4862 483 4926 aspectas
500 4858 646 4926 vertimus,
663 4858 714 4914 sed
731 4857 813 4932 etiam
830 4857 896 4912 honi
913 4862 1039 4913 auctores
1057 4858 1140 4916 latine
1157 4855 1270 4914 intuitus
1293 4862 1322 4910 et
1339 4855 1417 4927 signa
1435 4853 1570 4910 intuentis
1586 4851 1623 4908 di·
