<?xml version="1.0" encoding="UTF-8"?>
<!DOCTYPE html PUBLIC "-//W3C//DTD XHTML 1.0 Transitional//EN"
    "http://www.w3.org/TR/xhtml1/DTD/xhtml1-transitional.dtd">
<html xmlns="http://www.w3.org/1999/xhtml" xml:lang="en" lang="en">
 <head>
  <title>
</title>
<meta http-equiv="Content-Type" content="text/html;charset=utf-8" />
  <meta name='ocr-system' content='tesseract 3.04.00' />
  <meta name='ocr-capabilities' content='ocr_page ocr_carea ocr_par ocr_line ocrx_word'/>
</head>
<body>
  <div class='ocr_page' id='page_1' title='image "./joanniskepleria24frisgoog/joanniskepleria24frisgoog_0079.png"; bbox 0 0 3567 5625; ppageno 0'>
   <div class='ocr_carea' id='block_1_1' title="bbox 723 448 1503 521">
    <p class='ocr_par' dir='ltr' id='par_1_1' title="bbox 723 448 1503 521">
     <span class='ocr_line' id='line_1_1' title="bbox 723 448 1503 521; baseline -0.001 -13"><span class='ocrx_word' id='word_1_1' title='bbox 723 448 759 508; x_wconf 88' lang='lat' dir='ltr'><strong>de</strong></span> <span class='ocrx_word' id='word_1_2' title='bbox 775 449 932 510; x_wconf 69' lang='lat' dir='ltr'><strong>flumenis</strong></span> <span class='ocrx_word' id='word_1_3' title='bbox 1463 459 1503 521; x_wconf 71' lang='lat' dir='ltr'><strong>sp</strong></span> 
     </span>
    </p>
   </div>
   <div class='ocr_carea' id='block_1_2' title="bbox 99 625 1511 2306">
    <p class='ocr_par' dir='ltr' id='par_1_2' title="bbox 99 625 1511 2306">
     <span class='ocr_line' id='line_1_2' title="bbox 99 625 1503 698; baseline 0.004 -23"><span class='ocrx_word' id='word_1_4' title='bbox 99 645 102 652; x_wconf 55' lang='lat'><strong>⁴</strong></span> <span class='ocrx_word' id='word_1_5' title='bbox 149 625 287 690; x_wconf 76' lang='lat' dir='ltr'><strong>dbpesitlo</strong></span> <span class='ocrx_word' id='word_1_6' title='bbox 302 627 353 676; x_wconf 86' lang='lat' dir='ltr'><strong>iata</strong></span> <span class='ocrx_word' id='word_1_7' title='bbox 370 626 516 677; x_wconf 70' lang='lat' dir='ltr'><strong>humonica</strong></span> <span class='ocrx_word' id='word_1_8' title='bbox 533 626 584 678; x_wconf 90' lang='lat' dir='ltr'><strong>diei</strong></span> <span class='ocrx_word' id='word_1_9' title='bbox 600 630 706 696; x_wconf 89' lang='lat' dir='ltr'><strong>poterit,</strong></span> <span class='ocrx_word' id='word_1_10' title='bbox 728 629 829 679; x_wconf 67' lang='lat' dir='ltr'><strong>etiamn</strong></span> <span class='ocrx_word' id='word_1_11' title='bbox 845 626 931 680; x_wconf 92' lang='lat' dir='ltr'><strong>nullus</strong></span> <span class='ocrx_word' id='word_1_12' title='bbox 949 632 1015 679; x_wconf 87' lang='lat' dir='ltr'><strong>esset</strong></span> <span class='ocrx_word' id='word_1_13' title='bbox 1031 629 1096 680; x_wconf 89' lang='lat' dir='ltr'><strong>inira</strong></span> <span class='ocrx_word' id='word_1_14' title='bbox 1114 632 1233 698; x_wconf 85' lang='lat' dir='ltr'><strong>spiritus,</strong></span> <span class='ocrx_word' id='word_1_15' title='bbox 1255 632 1301 695; x_wconf 91' lang='lat' dir='ltr'><strong>qui</strong></span> <span class='ocrx_word' id='word_1_16' title='bbox 1318 631 1503 681; x_wconf 86' lang='lat' dir='ltr'><strong>harmoniarum</strong></span> 
     </span>
     <span class='ocr_line' id='line_1_3' title="bbox 147 697 1505 765; baseline 0.004 -19"><span class='ocrx_word' id='word_1_17' title='bbox 147 698 257 746; x_wconf 80' lang='lat' dir='ltr'><strong>iatamm</strong></span> <span class='ocrx_word' id='word_1_18' title='bbox 274 700 362 760; x_wconf 74' lang='lat' dir='ltr'><strong>typum</strong></span> <span class='ocrx_word' id='word_1_19' title='bbox 378 697 481 746; x_wconf 88' lang='lat' dir='ltr'><strong>haberet</strong></span> <span class='ocrx_word' id='word_1_20' title='bbox 498 702 523 746; x_wconf 93' lang='lat' dir='ltr'><strong>et</strong></span> <span class='ocrx_word' id='word_1_21' title='bbox 539 712 584 761; x_wconf 90' lang='lat' dir='ltr'><strong>per</strong></span> <span class='ocrx_word' id='word_1_22' title='bbox 601 713 762 765; x_wconf 80' lang='lat' dir='ltr'><strong>consequeus,</strong></span> <span class='ocrx_word' id='word_1_23' title='bbox 781 701 827 764; x_wconf 88' lang='lat' dir='ltr'><strong>qul</strong></span> <span class='ocrx_word' id='word_1_24' title='bbox 843 700 905 749; x_wconf 88' lang='lat' dir='ltr'><strong>istae</strong></span> <span class='ocrx_word' id='word_1_25' title='bbox 917 701 1056 763; x_wconf 75' lang='lat' dir='ltr'>superiores</span> <span class='ocrx_word' id='word_1_26' title='bbox 1069 699 1212 749; x_wconf 85' lang='lat' dir='ltr'><strong>barmoniae</strong></span> <span class='ocrx_word' id='word_1_27' title='bbox 1224 701 1425 763; x_wconf 80' lang='lat' dir='ltr'><strong>persentisesret;</strong></span> <span class='ocrx_word' id='word_1_28' title='bbox 1439 706 1505 751; x_wconf 77' lang='lat' dir='ltr'><strong>emet</strong></span> 
     </span>
     <span class='ocr_line' id='line_1_4' title="bbox 149 767 1503 837; baseline 0.001 -21"><span class='ocrx_word' id='word_1_29' title='bbox 149 772 238 816; x_wconf 88' lang='lat' dir='ltr'><strong>tamen</strong></span> <span class='ocrx_word' id='word_1_30' title='bbox 255 767 419 817; x_wconf 74' lang='lat' dir='ltr'><strong>nihilominus</strong></span> <span class='ocrx_word' id='word_1_31' title='bbox 437 770 549 829; x_wconf 88' lang='lat' dir='ltr'><strong>superior</strong></span> <span class='ocrx_word' id='word_1_32' title='bbox 567 769 686 837; x_wconf 85' lang='lat' dir='ltr'><strong>spiritus,</strong></span> <span class='ocrx_word' id='word_1_33' title='bbox 696 771 741 835; x_wconf 91' lang='lat' dir='ltr'><strong>qui</strong></span> <span class='ocrx_word' id='word_1_34' title='bbox 759 770 853 835; x_wconf 72' lang='lat' dir='ltr'><strong>dirigit,</strong></span> <span class='ocrx_word' id='word_1_35' title='bbox 872 770 972 820; x_wconf 85' lang='lat' dir='ltr'><strong>ordinat</strong></span> <span class='ocrx_word' id='word_1_36' title='bbox 988 775 1015 820; x_wconf 88' lang='lat' dir='ltr'><strong>st</strong></span> <span class='ocrx_word' id='word_1_37' title='bbox 1031 772 1080 820; x_wconf 88' lang='lat' dir='ltr'><strong>seit</strong></span> <span class='ocrx_word' id='word_1_38' title='bbox 1096 770 1252 820; x_wconf 71' lang='lat' dir='ltr'><strong>harmoniam</strong></span> <span class='ocrx_word' id='word_1_39' title='bbox 1269 771 1344 820; x_wconf 70' lang='grc' dir='ltr'><strong>ίοιοππ</strong></span> <span class='ocrx_word' id='word_1_40' title='bbox 1363 773 1503 832; x_wconf 76' lang='lat' dir='ltr'><strong>eenigure·</strong></span> 
     </span>
     <span class='ocr_line' id='line_1_5' title="bbox 148 838 1505 905; baseline 0.002 -19"><span class='ocrx_word' id='word_1_41' title='bbox 148 838 231 887; x_wconf 88' lang='lat' dir='ltr'><strong>tionis</strong></span> <span class='ocrx_word' id='word_1_42' title='bbox 250 838 405 900; x_wconf 89' lang='lat' dir='ltr'><strong>superiorum</strong></span> <span class='ocrx_word' id='word_1_43' title='bbox 423 851 561 900; x_wconf 77' lang='lat' dir='ltr'><strong>corporum.</strong></span> <span class='ocrx_word' id='word_1_44' title='bbox 598 839 676 889; x_wconf 84' lang='lat' dir='ltr'><strong>Vides</strong></span> <span class='ocrx_word' id='word_1_45' title='bbox 693 853 758 901; x_wconf 69' lang='lat' dir='ltr'><strong>ergo,</strong></span> <span class='ocrx_word' id='word_1_46' title='bbox 776 853 853 904; x_wconf 87' lang='lat' dir='ltr'><strong>quam</strong></span> <span class='ocrx_word' id='word_1_47' title='bbox 870 853 888 888; x_wconf 86' lang='lat' dir='ltr'><strong>a</strong></span> <span class='ocrx_word' id='word_1_48' title='bbox 905 854 980 904; x_wconf 90' lang='lat' dir='ltr'><strong>seopo</strong></span> <span class='ocrx_word' id='word_1_49' title='bbox 997 842 1105 905; x_wconf 85' lang='lat' dir='ltr'><strong>aberres,</strong></span> <span class='ocrx_word' id='word_1_50' title='bbox 1123 841 1183 889; x_wconf 91' lang='lat' dir='ltr'><strong>dum</strong></span> <span class='ocrx_word' id='word_1_51' title='bbox 1201 839 1276 904; x_wconf 86' lang='lat' dir='ltr'><strong>diois,</strong></span> <span class='ocrx_word' id='word_1_52' title='bbox 1295 841 1505 902; x_wconf 75' lang='lat' dir='ltr'><strong>eonflguratiouee</strong></span> 
     </span>
     <span class='ocr_line' id='line_1_6' title="bbox 148 906 1505 973; baseline 0.002 -16"><span class='ocrx_word' id='word_1_53' title='bbox 148 909 297 971; x_wconf 80' lang='lat' dir='ltr'><strong>superiores</strong></span> <span class='ocrx_word' id='word_1_54' title='bbox 315 906 477 969; x_wconf 82' lang='lat' dir='ltr'><strong>planetarum</strong></span> <span class='ocrx_word' id='word_1_55' title='bbox 500 923 551 958; x_wconf 90' lang='lat' dir='ltr'><strong>uon</strong></span> <span class='ocrx_word' id='word_1_56' title='bbox 575 923 630 959; x_wconf 89' lang='lat' dir='ltr'><strong>esse</strong></span> <span class='ocrx_word' id='word_1_57' title='bbox 653 911 810 960; x_wconf 78' lang='lat' dir='ltr'><strong>harmonIeae</strong></span> <span class='ocrx_word' id='word_1_58' title='bbox 829 909 947 960; x_wconf 83' lang='lat' dir='ltr'><strong>dicendas</strong></span> <span class='ocrx_word' id='word_1_59' title='bbox 972 924 1018 961; x_wconf 90' lang='lat' dir='ltr'><strong>nee</strong></span> <span class='ocrx_word' id='word_1_60' title='bbox 1034 911 1189 960; x_wconf 87' lang='lat' dir='ltr'><strong>harmoniam</strong></span> <span class='ocrx_word' id='word_1_61' title='bbox 1211 912 1240 959; x_wconf 88' lang='lat' dir='ltr'><strong>in</strong></span> <span class='ocrx_word' id='word_1_62' title='bbox 1261 912 1324 973; x_wconf 91' lang='lat' dir='ltr'><strong>ipsis</strong></span> <span class='ocrx_word' id='word_1_63' title='bbox 1350 925 1402 961; x_wconf 88' lang='lat' dir='ltr'><strong>esse</strong></span> <span class='ocrx_word' id='word_1_64' title='bbox 1424 909 1505 960; x_wconf 90' lang='lat' dir='ltr'><strong>ullam</strong></span> 
     </span>
     <span class='ocr_line' id='line_1_7' title="bbox 148 976 1504 1046; baseline 0.002 -19"><span class='ocrx_word' id='word_1_65' title='bbox 148 978 208 1027; x_wconf 88' lang='lat' dir='ltr'><strong>sius</strong></span> <span class='ocrx_word' id='word_1_66' title='bbox 225 979 310 1027; x_wconf 90' lang='lat' dir='ltr'><strong>anima</strong></span> <span class='ocrx_word' id='word_1_67' title='bbox 326 976 512 1042; x_wconf 88' lang='lat' dir='ltr'><strong>eontemplsute</strong></span> <span class='ocrx_word' id='word_1_68' title='bbox 537 983 562 1029; x_wconf 92' lang='lat' dir='ltr'><strong>et</strong></span> <span class='ocrx_word' id='word_1_69' title='bbox 579 986 742 1044; x_wconf 81' lang='lat' dir='ltr'><strong>comparante</strong></span> <span class='ocrx_word' id='word_1_70' title='bbox 765 984 791 1030; x_wconf 87' lang='lat' dir='ltr'><strong>st</strong></span> <span class='ocrx_word' id='word_1_71' title='bbox 807 995 837 1030; x_wconf 91' lang='grc' dir='ltr'><strong>οο</strong></span> <span class='ocrx_word' id='word_1_72' title='bbox 853 981 911 1043; x_wconf 91' lang='lat' dir='ltr'><strong>ipso</strong></span> <span class='ocrx_word' id='word_1_73' title='bbox 928 983 1002 1046; x_wconf 89' lang='lat' dir='ltr'><strong>quasi</strong></span> <span class='ocrx_word' id='word_1_74' title='bbox 1018 982 1181 1045; x_wconf 69' lang='lat' dir='ltr'><strong>progignente</strong></span> <span class='ocrx_word' id='word_1_75' title='bbox 1198 981 1354 1030; x_wconf 81' lang='lat' dir='ltr'><strong>barmoulam</strong></span> <span class='ocrx_word' id='word_1_76' title='bbox 1376 984 1404 1030; x_wconf 90' lang='lat' dir='ltr'><strong>in</strong></span> <span class='ocrx_word' id='word_1_77' title='bbox 1428 995 1504 1043; x_wconf 91' lang='lat' dir='ltr'><strong>eups-</strong></span> 
     </span>
     <span class='ocr_line' id='line_1_8' title="bbox 147 1048 1505 1112; baseline 0.002 -15"><span class='ocrx_word' id='word_1_78' title='bbox 147 1048 245 1097; x_wconf 87' lang='lat' dir='ltr'><strong>riorum</strong></span> <span class='ocrx_word' id='word_1_79' title='bbox 262 1048 425 1097; x_wconf 87' lang='lat' dir='ltr'><strong>terminorum</strong></span> <span class='ocrx_word' id='word_1_80' title='bbox 443 1050 643 1111; x_wconf 75' lang='lat' dir='ltr'><strong>mnurmsuons</strong></span> <span class='ocrx_word' id='word_1_81' title='bbox 677 1052 733 1100; x_wconf 94' lang='lat' dir='ltr'><strong>lmo</strong></span> <span class='ocrx_word' id='word_1_82' title='bbox 750 1052 902 1100; x_wconf 88' lang='lat' dir='ltr'><strong>eontrarium</strong></span> <span class='ocrx_word' id='word_1_83' title='bbox 920 1065 1006 1101; x_wconf 71' lang='lat' dir='ltr'><strong>vuum</strong></span> <span class='ocrx_word' id='word_1_84' title='bbox 1023 1056 1072 1112; x_wconf 81' lang='lat' dir='ltr'><strong>est,</strong></span> <span class='ocrx_word' id='word_1_85' title='bbox 1094 1048 1191 1101; x_wconf 88' lang='lat' dir='ltr'><strong>nullam</strong></span> <span class='ocrx_word' id='word_1_86' title='bbox 1213 1051 1246 1099; x_wconf 86' lang='lat' dir='ltr'><strong>ab</strong></span> <span class='ocrx_word' id='word_1_87' title='bbox 1271 1053 1358 1101; x_wconf 82' lang='lat' dir='ltr'><strong>anima</strong></span> <span class='ocrx_word' id='word_1_88' title='bbox 1375 1050 1505 1101; x_wconf 83' lang='lat' dir='ltr'><strong>sublunari</strong></span> 
     </span>
     <span class='ocr_line' id='line_1_9' title="bbox 148 1117 1506 1187; baseline 0.003 -21"><span class='ocrx_word' id='word_1_89' title='bbox 148 1117 310 1167; x_wconf 85' lang='lat' dir='ltr'><strong>harmoniam</strong></span> <span class='ocrx_word' id='word_1_90' title='bbox 327 1119 457 1184; x_wconf 74' lang='lat' dir='ltr'><strong>cognosci,</strong></span> <span class='ocrx_word' id='word_1_91' title='bbox 474 1121 621 1187; x_wconf 74' lang='lat' dir='ltr'><strong>persentiri,</strong></span> <span class='ocrx_word' id='word_1_92' title='bbox 639 1119 748 1183; x_wconf 69' lang='lat' dir='ltr'><strong>intelligi</strong></span> <span class='ocrx_word' id='word_1_93' title='bbox 764 1134 850 1186; x_wconf 90' lang='lat' dir='ltr'><strong>posse,</strong></span> <span class='ocrx_word' id='word_1_94' title='bbox 867 1123 919 1171; x_wconf 83' lang='lat' dir='ltr'><strong>ulei</strong></span> <span class='ocrx_word' id='word_1_95' title='bbox 936 1121 1160 1185; x_wconf 87' lang='lat' dir='ltr'><strong>deprehenderetur</strong></span> <span class='ocrx_word' id='word_1_96' title='bbox 1177 1133 1203 1171; x_wconf 86' lang='lat' dir='ltr'><strong>et</strong></span> <span class='ocrx_word' id='word_1_97' title='bbox 1220 1127 1284 1170; x_wconf 88' lang='lat' dir='ltr'><strong>asset</strong></span> <span class='ocrx_word' id='word_1_98' title='bbox 1303 1122 1330 1169; x_wconf 91' lang='lat' dir='ltr'><strong>in</strong></span> <span class='ocrx_word' id='word_1_99' title='bbox 1348 1125 1506 1183; x_wconf 76' lang='lat' dir='ltr'><strong>superiorum</strong></span> 
     </span>
     <span class='ocr_line' id='line_1_10' title="bbox 149 1189 1503 1258; baseline 0.004 -21"><span class='ocrx_word' id='word_1_100' title='bbox 149 1189 347 1249; x_wconf 62' lang='grc' dir='ltr'><strong>ωππςπποιίππο</strong></span> <span class='ocrx_word' id='word_1_101' title='bbox 365 1190 503 1252; x_wconf 82' lang='lat' dir='ltr'><strong>antitypiee</strong></span> <span class='ocrx_word' id='word_1_102' title='bbox 519 1190 659 1258; x_wconf 84' lang='lat' dir='ltr'><strong>harmonia,</strong></span> <span class='ocrx_word' id='word_1_103' title='bbox 685 1197 745 1254; x_wconf 71' lang='lat' dir='ltr'><strong>typo</strong></span> <span class='ocrx_word' id='word_1_104' title='bbox 762 1192 808 1241; x_wconf 90' lang='lat' dir='ltr'><strong>isti</strong></span> <span class='ocrx_word' id='word_1_105' title='bbox 825 1192 971 1244; x_wconf 62' lang='lat' dir='ltr'><strong>hannoniae</strong></span> <span class='ocrx_word' id='word_1_106' title='bbox 993 1195 1022 1241; x_wconf 93' lang='lat' dir='ltr'><strong>in</strong></span> <span class='ocrx_word' id='word_1_107' title='bbox 1044 1194 1130 1241; x_wconf 90' lang='lat' dir='ltr'><strong>anima</strong></span> <span class='ocrx_word' id='word_1_108' title='bbox 1150 1192 1282 1240; x_wconf 82' lang='lat' dir='ltr'><strong>sublunari</strong></span> <span class='ocrx_word' id='word_1_109' title='bbox 1300 1192 1503 1253; x_wconf 73' lang='lat' dir='ltr'><strong>correspondens.</strong></span> 
     </span>
     <span class='ocr_line' id='line_1_11' title="bbox 149 1258 1503 1328; baseline 0.002 -21"><span class='ocrx_word' id='word_1_110' title='bbox 149 1258 302 1308; x_wconf 79' lang='lat' dir='ltr'><strong>lieeeesaria</strong></span> <span class='ocrx_word' id='word_1_111' title='bbox 317 1273 376 1321; x_wconf 69' lang='lat' dir='ltr'><strong>erpo</strong></span> <span class='ocrx_word' id='word_1_112' title='bbox 394 1264 433 1309; x_wconf 89' lang='lat' dir='ltr'><strong>est</strong></span> <span class='ocrx_word' id='word_1_113' title='bbox 444 1259 478 1308; x_wconf 88' lang='lat' dir='ltr'><strong>ed</strong></span> <span class='ocrx_word' id='word_1_114' title='bbox 495 1262 630 1310; x_wconf 90' lang='lat' dir='ltr'><strong>essentiam</strong></span> <span class='ocrx_word' id='word_1_115' title='bbox 646 1262 792 1311; x_wconf 70' lang='lat' dir='ltr'><strong>bumoniae</strong></span> <span class='ocrx_word' id='word_1_116' title='bbox 809 1263 840 1310; x_wconf 90' lang='lat' dir='ltr'><strong>ln</strong></span> <span class='ocrx_word' id='word_1_117' title='bbox 855 1265 963 1316; x_wconf 56' lang='lat' dir='ltr'><strong>mamis</strong></span> <span class='ocrx_word' id='word_1_118' title='bbox 979 1265 1064 1311; x_wconf 87' lang='lat' dir='ltr'><strong>anima</strong></span> <span class='ocrx_word' id='word_1_119' title='bbox 1081 1265 1134 1311; x_wconf 87' lang='lat' dir='ltr'><strong>siva</strong></span> <span class='ocrx_word' id='word_1_120' title='bbox 1152 1263 1264 1328; x_wconf 90' lang='lat' dir='ltr'><strong>spiritus,</strong></span> <span class='ocrx_word' id='word_1_121' title='bbox 1282 1274 1332 1310; x_wconf 91' lang='lat' dir='ltr'><strong>uon</strong></span> <span class='ocrx_word' id='word_1_122' title='bbox 1350 1275 1503 1323; x_wconf 78' lang='lat' dir='ltr'><strong>cognossem</strong></span> 
     </span>
     <span class='ocr_line' id='line_1_12' title="bbox 148 1328 1503 1400; baseline 0.002 -23"><span class='ocrx_word' id='word_1_123' title='bbox 148 1328 313 1378; x_wconf 82' lang='lat' dir='ltr'><strong>hannoniam</strong></span> <span class='ocrx_word' id='word_1_124' title='bbox 328 1330 357 1378; x_wconf 91' lang='lat' dir='ltr'><strong>in</strong></span> <span class='ocrx_word' id='word_1_125' title='bbox 373 1330 435 1395; x_wconf 85' lang='lat' dir='ltr'><strong>aiio,</strong></span> <span class='ocrx_word' id='word_1_126' title='bbox 453 1330 497 1379; x_wconf 90' lang='lat' dir='ltr'><strong>sed</strong></span> <span class='ocrx_word' id='word_1_127' title='bbox 515 1331 667 1383; x_wconf 87' lang='lat' dir='ltr'><strong>harmoniam</strong></span> <span class='ocrx_word' id='word_1_128' title='bbox 684 1333 801 1382; x_wconf 88' lang='lat' dir='ltr'><strong>materies</strong></span> <span class='ocrx_word' id='word_1_129' title='bbox 817 1331 993 1400; x_wconf 83' lang='lat' dir='ltr'><strong>introducens,</strong></span> <span class='ocrx_word' id='word_1_130' title='bbox 1012 1334 1142 1382; x_wconf 83' lang='lat' dir='ltr'><strong>materiam</strong></span> <span class='ocrx_word' id='word_1_131' title='bbox 1161 1332 1303 1381; x_wconf 74' lang='lat' dir='ltr'><strong>immonles</strong></span> <span class='ocrx_word' id='word_1_132' title='bbox 1321 1331 1459 1392; x_wconf 89' lang='lat' dir='ltr'><strong>disponens</strong></span> <span class='ocrx_word' id='word_1_133' title='bbox 1478 1336 1503 1380; x_wconf 89' lang='lat' dir='ltr'><strong>st</strong></span> 
     </span>
     <span class='ocr_line' id='line_1_13' title="bbox 149 1399 1503 1474; baseline 0.002 -27"><span class='ocrx_word' id='word_1_134' title='bbox 149 1400 285 1448; x_wconf 85' lang='lat' dir='ltr'><strong>materiam</strong></span> <span class='ocrx_word' id='word_1_135' title='bbox 301 1400 446 1462; x_wconf 78' lang='lat' dir='ltr'><strong>harmonice</strong></span> <span class='ocrx_word' id='word_1_136' title='bbox 464 1399 612 1464; x_wconf 90' lang='lat' dir='ltr'><strong>dispositam</strong></span> <span class='ocrx_word' id='word_1_137' title='bbox 629 1415 731 1451; x_wconf 74' lang='lat' dir='ltr'><strong>samana</strong></span> <span class='ocrx_word' id='word_1_138' title='bbox 751 1408 777 1451; x_wconf 91' lang='lat' dir='ltr'><strong>st</strong></span> <span class='ocrx_word' id='word_1_139' title='bbox 793 1402 906 1463; x_wconf 67' lang='lat' dir='ltr'><strong>dirigam</strong></span> <span class='ocrx_word' id='word_1_140' title='bbox 923 1403 1059 1453; x_wconf 91' lang='lat' dir='ltr'><strong>seeundum</strong></span> <span class='ocrx_word' id='word_1_141' title='bbox 1076 1416 1162 1453; x_wconf 88' lang='lat' dir='ltr'><strong>omues</strong></span> <span class='ocrx_word' id='word_1_142' title='bbox 1180 1402 1365 1474; x_wconf 61' lang='lat' dir='ltr'><strong>harmoniarum</strong></span> <span class='ocrx_word' id='word_1_143' title='bbox 1387 1403 1438 1450; x_wconf 90' lang='lat' dir='ltr'><strong>sibi</strong></span> <span class='ocrx_word' id='word_1_144' title='bbox 1455 1403 1503 1451; x_wconf 91' lang='lat' dir='ltr'><strong>lm·</strong></span> 
     </span>
     <span class='ocr_line' id='line_1_14' title="bbox 149 1463 1506 1534; baseline 0.002 -16"><span class='ocrx_word' id='word_1_145' title='bbox 149 1467 325 1532; x_wconf 89' lang='lat' dir='ltr'><strong>plantetarum</strong></span> <span class='ocrx_word' id='word_1_146' title='bbox 342 1463 425 1520; x_wconf 83' lang='lat' dir='ltr'><strong>ideas:</strong></span> <span class='ocrx_word' id='word_1_147' title='bbox 449 1483 549 1521; x_wconf 88' lang='lat' dir='ltr'><strong>neeesse</strong></span> <span class='ocrx_word' id='word_1_148' title='bbox 566 1474 628 1522; x_wconf 91' lang='lat' dir='ltr'><strong>item</strong></span> <span class='ocrx_word' id='word_1_149' title='bbox 645 1472 678 1521; x_wconf 89' lang='lat' dir='ltr'><strong>ad</strong></span> <span class='ocrx_word' id='word_1_150' title='bbox 696 1474 830 1522; x_wconf 74' lang='lat' dir='ltr'><strong>eamdam</strong></span> <span class='ocrx_word' id='word_1_151' title='bbox 847 1474 992 1523; x_wconf 75' lang='lat' dir='ltr'><strong>baunonIee</strong></span> <span class='ocrx_word' id='word_1_152' title='bbox 1010 1488 1027 1522; x_wconf 86' lang='lat' dir='ltr'><strong>a</strong></span> <span class='ocrx_word' id='word_1_153' title='bbox 1044 1475 1150 1522; x_wconf 73' lang='lat' dir='ltr'><strong>msteda</strong></span> <span class='ocrx_word' id='word_1_154' title='bbox 1166 1474 1322 1534; x_wconf 79' lang='lat' dir='ltr'><strong>abstractae,</strong></span> <span class='ocrx_word' id='word_1_155' title='bbox 1348 1473 1413 1534; x_wconf 88' lang='lat' dir='ltr'><strong>aive,</strong></span> <span class='ocrx_word' id='word_1_156' title='bbox 1431 1479 1460 1521; x_wconf 90' lang='lat' dir='ltr'><strong>ut</strong></span> <span class='ocrx_word' id='word_1_157' title='bbox 1477 1478 1506 1521; x_wconf 90' lang='lat' dir='ltr'><strong>tu</strong></span> 
     </span>
     <span class='ocr_line' id='line_1_15' title="bbox 151 1540 1506 1609; baseline 0.003 -22"><span class='ocrx_word' id='word_1_158' title='bbox 151 1540 285 1605; x_wconf 85' lang='lat' dir='ltr'><strong>appellas,</strong></span> <span class='ocrx_word' id='word_1_159' title='bbox 302 1541 484 1606; x_wconf 59' lang='lat' dir='ltr'><strong>ademptast,</strong></span> <span class='ocrx_word' id='word_1_160' title='bbox 502 1542 599 1609; x_wconf 75' lang='lat' dir='ltr'><strong>mima,</strong></span> <span class='ocrx_word' id='word_1_161' title='bbox 616 1557 668 1592; x_wconf 92' lang='lat' dir='ltr'><strong>non</strong></span> <span class='ocrx_word' id='word_1_162' title='bbox 688 1548 787 1592; x_wconf 64' lang='lat' dir='ltr'><strong>mutum</strong></span> <span class='ocrx_word' id='word_1_163' title='bbox 800 1556 963 1605; x_wconf 75' lang='lat' dir='ltr'><strong>cognoscens,</strong></span> <span class='ocrx_word' id='word_1_164' title='bbox 987 1542 1032 1593; x_wconf 93' lang='lat' dir='ltr'><strong>sed</strong></span> <span class='ocrx_word' id='word_1_165' title='bbox 1050 1542 1191 1608; x_wconf 88' lang='lat' dir='ltr'><strong>possidens,</strong></span> <span class='ocrx_word' id='word_1_166' title='bbox 1217 1555 1268 1591; x_wconf 92' lang='lat' dir='ltr'><strong>non</strong></span> <span class='ocrx_word' id='word_1_167' title='bbox 1291 1543 1460 1605; x_wconf 83' lang='lat' dir='ltr'><strong>contemplans</strong></span> <span class='ocrx_word' id='word_1_168' title='bbox 1478 1544 1506 1591; x_wconf 91' lang='lat' dir='ltr'><strong>ln</strong></span> 
     </span>
     <span class='ocr_line' id='line_1_16' title="bbox 151 1610 1505 1679; baseline 0.001 -21"><span class='ocrx_word' id='word_1_169' title='bbox 151 1611 216 1670; x_wconf 87' lang='lat' dir='ltr'><strong>aiio,</strong></span> <span class='ocrx_word' id='word_1_170' title='bbox 241 1610 335 1660; x_wconf 88' lang='lat' dir='ltr'><strong>sedin</strong></span> <span class='ocrx_word' id='word_1_171' title='bbox 351 1625 379 1659; x_wconf 90' lang='lat' dir='ltr'><strong>se</strong></span> <span class='ocrx_word' id='word_1_172' title='bbox 396 1611 454 1672; x_wconf 89' lang='lat' dir='ltr'><strong>ipse</strong></span> <span class='ocrx_word' id='word_1_173' title='bbox 471 1613 553 1660; x_wconf 83' lang='lat' dir='ltr'><strong>aciens</strong></span> <span class='ocrx_word' id='word_1_174' title='bbox 571 1617 596 1661; x_wconf 93' lang='lat' dir='ltr'><strong>et</strong></span> <span class='ocrx_word' id='word_1_175' title='bbox 613 1613 750 1664; x_wconf 89' lang='lat' dir='ltr'><strong>seeundum</strong></span> <span class='ocrx_word' id='word_1_176' title='bbox 768 1627 824 1662; x_wconf 84' lang='lat' dir='ltr'><strong>eam</strong></span> <span class='ocrx_word' id='word_1_177' title='bbox 841 1615 972 1663; x_wconf 87' lang='lat' dir='ltr'><strong>materiam</strong></span> <span class='ocrx_word' id='word_1_178' title='bbox 990 1628 1077 1679; x_wconf 87' lang='lat' dir='ltr'><strong>suam,</strong></span> <span class='ocrx_word' id='word_1_179' title='bbox 1096 1619 1218 1678; x_wconf 85' lang='lat' dir='ltr'><strong>tauquam</strong></span> <span class='ocrx_word' id='word_1_180' title='bbox 1236 1612 1371 1661; x_wconf 83' lang='lat' dir='ltr'><strong>seeundum</strong></span> <span class='ocrx_word' id='word_1_181' title='bbox 1389 1613 1505 1674; x_wconf 76' lang='lat' dir='ltr'><strong>archety-</strong></span> 
     </span>
     <span class='ocr_line' id='line_1_17' title="bbox 150 1679 1505 1751; baseline 0.001 -23"><span class='ocrx_word' id='word_1_182' title='bbox 150 1692 221 1743; x_wconf 92' lang='lat' dir='ltr'><strong>pum,</strong></span> <span class='ocrx_word' id='word_1_183' title='bbox 240 1679 379 1742; x_wconf 90' lang='lat' dir='ltr'><strong>disponens</strong></span> <span class='ocrx_word' id='word_1_184' title='bbox 397 1686 422 1730; x_wconf 87' lang='lat' dir='ltr'><strong>at</strong></span> <span class='ocrx_word' id='word_1_185' title='bbox 439 1680 570 1732; x_wconf 86' lang='lat' dir='ltr'><strong>ordinans:</strong></span> <span class='ocrx_word' id='word_1_186' title='bbox 588 1683 655 1733; x_wconf 91' lang='lat' dir='ltr'><strong>unde</strong></span> <span class='ocrx_word' id='word_1_187' title='bbox 671 1688 743 1746; x_wconf 85' lang='lat' dir='ltr'><strong>patet</strong></span> <span class='ocrx_word' id='word_1_188' title='bbox 759 1685 864 1751; x_wconf 66' lang='lat' dir='ltr'><strong>immun,</strong></span> <span class='ocrx_word' id='word_1_189' title='bbox 883 1685 995 1733; x_wconf 88' lang='lat' dir='ltr'><strong>animam</strong></span> <span class='ocrx_word' id='word_1_190' title='bbox 1012 1682 1185 1733; x_wconf 89' lang='lat' dir='ltr'><strong>sublunarium</strong></span> <span class='ocrx_word' id='word_1_191' title='bbox 1202 1682 1237 1731; x_wconf 88' lang='lat' dir='ltr'><strong>ad</strong></span> <span class='ocrx_word' id='word_1_192' title='bbox 1254 1697 1303 1731; x_wconf 83' lang='lat' dir='ltr'><strong>esse</strong></span> <span class='ocrx_word' id='word_1_193' title='bbox 1319 1682 1505 1732; x_wconf 72' lang='lat' dir='ltr'><strong>harmoniarum</strong></span> 
     </span>
     <span class='ocr_line' id='line_1_18' title="bbox 150 1751 1505 1820; baseline 0.002 -22"><span class='ocrx_word' id='word_1_194' title='bbox 150 1751 178 1799; x_wconf 91' lang='lat' dir='ltr'><strong>in</strong></span> <span class='ocrx_word' id='word_1_195' title='bbox 196 1751 394 1811; x_wconf 75' lang='lat' dir='ltr'><strong>eonfigmatione</strong></span> <span class='ocrx_word' id='word_1_196' title='bbox 411 1755 437 1800; x_wconf 86' lang='lat' dir='ltr'><strong>et</strong></span> <span class='ocrx_word' id='word_1_197' title='bbox 455 1752 643 1804; x_wconf 71' lang='lat' dir='ltr'><strong>coordinatione</strong></span> <span class='ocrx_word' id='word_1_198' title='bbox 666 1767 796 1816; x_wconf 89' lang='lat' dir='ltr'><strong>oorporum</strong></span> <span class='ocrx_word' id='word_1_199' title='bbox 813 1755 969 1817; x_wconf 85' lang='lat' dir='ltr'><strong>superiorum</strong></span> <span class='ocrx_word' id='word_1_200' title='bbox 987 1769 1038 1804; x_wconf 90' lang='lat' dir='ltr'><strong>uon</strong></span> <span class='ocrx_word' id='word_1_201' title='bbox 1055 1755 1156 1819; x_wconf 84' lang='lat' dir='ltr'><strong>requiri.</strong></span> <span class='ocrx_word' id='word_1_202' title='bbox 1186 1753 1319 1802; x_wconf 68' lang='lat' dir='ltr'><strong>ditavero</strong></span> <span class='ocrx_word' id='word_1_203' title='bbox 1332 1759 1370 1802; x_wconf 89' lang='lat' dir='ltr'><strong>est</strong></span> <span class='ocrx_word' id='word_1_204' title='bbox 1381 1754 1505 1820; x_wconf 84' lang='lat' dir='ltr'><strong>quaestio,</strong></span> 
     </span>
     <span class='ocr_line' id='line_1_19' title="bbox 235 1821 1506 1886; baseline 0.001 -16.938"><span class='ocrx_word' id='word_1_205' title='bbox 235 1821 322 1881; x_wconf 73' lang='lat' dir='ltr'><strong>agitur</strong></span> <span class='ocrx_word' id='word_1_206' title='bbox 343 1821 374 1872; x_wconf 82' lang='lat' dir='ltr'><strong>de</strong></span> <span class='ocrx_word' id='word_1_207' title='bbox 396 1822 423 1870; x_wconf 86' lang='lat' dir='ltr'><strong>vi</strong></span> <span class='ocrx_word' id='word_1_208' title='bbox 445 1826 470 1869; x_wconf 89' lang='lat' dir='ltr'><strong>st</strong></span> <span class='ocrx_word' id='word_1_209' title='bbox 492 1823 606 1872; x_wconf 84' lang='lat' dir='ltr'><strong>efiicaeia</strong></span> <span class='ocrx_word' id='word_1_210' title='bbox 631 1823 829 1874; x_wconf 76' lang='lat' dir='ltr'><strong>harmonicorum</strong></span> <span class='ocrx_word' id='word_1_211' title='bbox 854 1826 1080 1886; x_wconf 73' lang='lat' dir='ltr'><strong>eonflgmationum</strong></span> <span class='ocrx_word' id='word_1_212' title='bbox 1104 1827 1132 1872; x_wconf 89' lang='lat' dir='ltr'><strong>in</strong></span> <span class='ocrx_word' id='word_1_213' title='bbox 1158 1823 1304 1885; x_wconf 90' lang='lat' dir='ltr'><strong>eorporlbus</strong></span> <span class='ocrx_word' id='word_1_214' title='bbox 1329 1824 1506 1886; x_wconf 89' lang='lat' dir='ltr'><strong>superioribus,</strong></span> 
     </span>
     <span class='ocr_line' id='line_1_20' title="bbox 150 1891 1506 1960; baseline 0.001 -21"><span class='ocrx_word' id='word_1_215' title='bbox 150 1891 283 1956; x_wconf 81' lang='lat' dir='ltr'><strong>quomodo</strong></span> <span class='ocrx_word' id='word_1_216' title='bbox 312 1891 408 1940; x_wconf 85' lang='lat' dir='ltr'><strong>seilicet</strong></span> <span class='ocrx_word' id='word_1_217' title='bbox 431 1904 477 1941; x_wconf 85' lang='lat' dir='ltr'><strong>aas</strong></span> <span class='ocrx_word' id='word_1_218' title='bbox 501 1899 578 1954; x_wconf 70' lang='lat' dir='ltr'><strong>agant</strong></span> <span class='ocrx_word' id='word_1_219' title='bbox 594 1894 621 1941; x_wconf 93' lang='lat' dir='ltr'><strong>ln</strong></span> <span class='ocrx_word' id='word_1_220' title='bbox 638 1892 757 1944; x_wconf 89' lang='lat' dir='ltr'><strong>inferiora</strong></span> <span class='ocrx_word' id='word_1_221' title='bbox 774 1899 799 1943; x_wconf 88' lang='lat' dir='ltr'><strong>et</strong></span> <span class='ocrx_word' id='word_1_222' title='bbox 816 1895 880 1960; x_wconf 90' lang='lat' dir='ltr'><strong>quid</strong></span> <span class='ocrx_word' id='word_1_223' title='bbox 897 1895 931 1943; x_wconf 89' lang='lat' dir='ltr'><strong>ed</strong></span> <span class='ocrx_word' id='word_1_224' title='bbox 947 1896 1013 1944; x_wconf 88' lang='lat' dir='ltr'><strong>hane</strong></span> <span class='ocrx_word' id='word_1_225' title='bbox 1031 1896 1199 1958; x_wconf 78' lang='lat' dir='ltr'><strong>operationem</strong></span> <span class='ocrx_word' id='word_1_226' title='bbox 1218 1893 1403 1956; x_wconf 85' lang='lat' dir='ltr'><strong>producendam</strong></span> <span class='ocrx_word' id='word_1_227' title='bbox 1419 1894 1506 1957; x_wconf 80' lang='lat' dir='ltr'><strong>requi·</strong></span> 
     </span>
     <span class='ocr_line' id='line_1_21' title="bbox 150 1959 1507 2030; baseline 0.001 -20"><span class='ocrx_word' id='word_1_228' title='bbox 150 1967 230 2013; x_wconf 84' lang='lat' dir='ltr'><strong>ratur.</strong></span> <span class='ocrx_word' id='word_1_229' title='bbox 273 1959 326 2010; x_wconf 82' lang='lat' dir='ltr'><strong>Hie</strong></span> <span class='ocrx_word' id='word_1_230' title='bbox 344 1962 464 2028; x_wconf 73' lang='lat' dir='ltr'><strong>coumdo,</strong></span> <span class='ocrx_word' id='word_1_231' title='bbox 483 1976 534 2011; x_wconf 93' lang='lat' dir='ltr'><strong>nou</strong></span> <span class='ocrx_word' id='word_1_232' title='bbox 550 1962 664 2014; x_wconf 82' lang='lat' dir='ltr'><strong>suficere</strong></span> <span class='ocrx_word' id='word_1_233' title='bbox 682 1965 838 2028; x_wconf 83' lang='lat' dir='ltr'><strong>superiorum</strong></span> <span class='ocrx_word' id='word_1_234' title='bbox 854 1965 1019 2030; x_wconf 86' lang='lat' dir='ltr'><strong>harmoniam,</strong></span> <span class='ocrx_word' id='word_1_235' title='bbox 1038 1965 1088 2014; x_wconf 90' lang='lat' dir='ltr'><strong>nisi</strong></span> <span class='ocrx_word' id='word_1_236' title='bbox 1104 1963 1210 2013; x_wconf 69' lang='lat' dir='ltr'><strong>meedat</strong></span> <span class='ocrx_word' id='word_1_237' title='bbox 1226 1965 1254 2011; x_wconf 95' lang='lat' dir='ltr'><strong>in</strong></span> <span class='ocrx_word' id='word_1_238' title='bbox 1265 1962 1444 2012; x_wconf 87' lang='lat' dir='ltr'><strong>sublunaribus</strong></span> <span class='ocrx_word' id='word_1_239' title='bbox 1462 1976 1507 2012; x_wconf 90' lang='lat' dir='ltr'><strong>su·</strong></span> 
     </span>
     <span class='ocr_line' id='line_1_22' title="bbox 151 2031 1509 2101; baseline 0.003 -22"><span class='ocrx_word' id='word_1_240' title='bbox 151 2032 246 2093; x_wconf 89' lang='lat' dir='ltr'><strong>periuri</strong></span> <span class='ocrx_word' id='word_1_241' title='bbox 264 2031 459 2094; x_wconf 84' lang='lat' dir='ltr'><strong>correspondens</strong></span> <span class='ocrx_word' id='word_1_242' title='bbox 476 2032 616 2098; x_wconf 79' lang='lat' dir='ltr'><strong>hermonis,</strong></span> <span class='ocrx_word' id='word_1_243' title='bbox 635 2048 701 2096; x_wconf 88' lang='lat' dir='ltr'><strong>quae</strong></span> <span class='ocrx_word' id='word_1_244' title='bbox 718 2047 775 2088; x_wconf 83' lang='lat' dir='ltr'><strong>ease</strong></span> <span class='ocrx_word' id='word_1_245' title='bbox 792 2036 946 2084; x_wconf 86' lang='lat' dir='ltr'><strong>abstraetum</strong></span> <span class='ocrx_word' id='word_1_246' title='bbox 964 2034 1040 2085; x_wconf 86' lang='lat' dir='ltr'><strong>babet</strong></span> <span class='ocrx_word' id='word_1_247' title='bbox 1057 2037 1085 2083; x_wconf 90' lang='lat' dir='ltr'><strong>in</strong></span> <span class='ocrx_word' id='word_1_248' title='bbox 1102 2036 1193 2097; x_wconf 90' lang='lat' dir='ltr'><strong>spiritu</strong></span> <span class='ocrx_word' id='word_1_249' title='bbox 1204 2034 1344 2101; x_wconf 83' lang='lat' dir='ltr'><strong>sublunari,</strong></span> <span class='ocrx_word' id='word_1_250' title='bbox 1363 2047 1395 2082; x_wconf 83' lang='lat' dir='ltr'><strong>ex</strong></span> <span class='ocrx_word' id='word_1_251' title='bbox 1413 2046 1465 2094; x_wconf 90' lang='lat' dir='ltr'><strong>qua</strong></span> <span class='ocrx_word' id='word_1_252' title='bbox 1482 2039 1509 2083; x_wconf 85' lang='lat' dir='ltr'><strong>et</strong></span> 
     </span>
     <span class='ocr_line' id='line_1_23' title="bbox 152 2102 1511 2169; baseline 0.002 -20"><span class='ocrx_word' id='word_1_253' title='bbox 152 2105 224 2162; x_wconf 83' lang='lat' dir='ltr'><strong>eujus</strong></span> <span class='ocrx_word' id='word_1_254' title='bbox 242 2102 271 2149; x_wconf 79' lang='lat' dir='ltr'><strong>vi</strong></span> <span class='ocrx_word' id='word_1_255' title='bbox 286 2103 394 2164; x_wconf 78' lang='lat' dir='ltr'><strong>percipit</strong></span> <span class='ocrx_word' id='word_1_256' title='bbox 410 2104 545 2165; x_wconf 89' lang='lat' dir='ltr'><strong>superioris</strong></span> <span class='ocrx_word' id='word_1_257' title='bbox 563 2106 768 2166; x_wconf 73' lang='lat' dir='ltr'><strong>configurationis</strong></span> <span class='ocrx_word' id='word_1_258' title='bbox 785 2107 909 2154; x_wconf 76' lang='lat' dir='ltr'><strong>rstiomm</strong></span> <span class='ocrx_word' id='word_1_259' title='bbox 927 2109 952 2154; x_wconf 87' lang='lat' dir='ltr'><strong>at</strong></span> <span class='ocrx_word' id='word_1_260' title='bbox 969 2119 1000 2155; x_wconf 87' lang='lat' dir='ltr'><strong>sa</strong></span> <span class='ocrx_word' id='word_1_261' title='bbox 1016 2107 1074 2169; x_wconf 88' lang='lat' dir='ltr'><strong>ipsa</strong></span> <span class='ocrx_word' id='word_1_262' title='bbox 1089 2105 1188 2154; x_wconf 84' lang='lat' dir='ltr'><strong>ratione</strong></span> <span class='ocrx_word' id='word_1_263' title='bbox 1206 2104 1353 2152; x_wconf 55' lang='lat' dir='ltr'><strong>&amp;monetur</strong></span> <span class='ocrx_word' id='word_1_264' title='bbox 1373 2106 1427 2166; x_wconf 73' lang='lat' dir='ltr'><strong>eius</strong></span> <span class='ocrx_word' id='word_1_265' title='bbox 1445 2117 1511 2166; x_wconf 89' lang='lat' dir='ltr'><strong>ops·</strong></span> 
     </span>
     <span class='ocr_line' id='line_1_24' title="bbox 151 2172 1507 2238; baseline 0.003 -19"><span class='ocrx_word' id='word_1_266' title='bbox 151 2172 260 2220; x_wconf 77' lang='lat' dir='ltr'><strong>muenia</strong></span> <span class='ocrx_word' id='word_1_267' title='bbox 277 2173 306 2219; x_wconf 88' lang='lat' dir='ltr'><strong>in</strong></span> <span class='ocrx_word' id='word_1_268' title='bbox 322 2174 453 2221; x_wconf 85' lang='lat' dir='ltr'><strong>materiam</strong></span> <span class='ocrx_word' id='word_1_269' title='bbox 470 2187 555 2238; x_wconf 87' lang='lat' dir='ltr'><strong>suam,</strong></span> <span class='ocrx_word' id='word_1_270' title='bbox 580 2188 658 2235; x_wconf 89' lang='lat' dir='ltr'><strong>quam</strong></span> <span class='ocrx_word' id='word_1_271' title='bbox 674 2176 749 2225; x_wconf 87' lang='lat' dir='ltr'><strong>istius</strong></span> <span class='ocrx_word' id='word_1_272' title='bbox 766 2176 913 2225; x_wconf 81' lang='lat' dir='ltr'><strong>barmoniae</strong></span> <span class='ocrx_word' id='word_1_273' title='bbox 931 2175 996 2225; x_wconf 90' lang='lat' dir='ltr'><strong>ratio</strong></span> <span class='ocrx_word' id='word_1_274' title='bbox 1013 2175 1127 2238; x_wconf 77' lang='lat' dir='ltr'><strong>requirit.</strong></span> <span class='ocrx_word' id='word_1_275' title='bbox 1163 2173 1352 2237; x_wconf 61' lang='lat' dir='ltr'><strong>Quantitativs&#39;</strong></span> <span class='ocrx_word' id='word_1_276' title='bbox 1362 2174 1430 2223; x_wconf 88' lang='lat' dir='ltr'><strong>euim</strong></span> <span class='ocrx_word' id='word_1_277' title='bbox 1448 2175 1507 2223; x_wconf 82' lang='lat' dir='ltr'><strong>bar·</strong></span> 
     </span>
     <span class='ocr_line' id='line_1_25' title="bbox 153 2242 850 2306; baseline 0.007 -16"><span class='ocrx_word' id='word_1_278' title='bbox 153 2243 241 2292; x_wconf 84' lang='lat' dir='ltr'><strong>monia</strong></span> <span class='ocrx_word' id='word_1_279' title='bbox 257 2243 384 2292; x_wconf 87' lang='lat' dir='ltr'><strong>rationem</strong></span> <span class='ocrx_word' id='word_1_280' title='bbox 401 2243 547 2293; x_wconf 85' lang='lat' dir='ltr'><strong>harmoniae</strong></span> <span class='ocrx_word' id='word_1_281' title='bbox 565 2242 730 2306; x_wconf 82' lang='lat' dir='ltr'><strong>qualitativas</strong></span> <span class='ocrx_word' id='word_1_282' title='bbox 746 2246 850 2295; x_wconf 81' lang='lat' dir='ltr'><strong>indicat</strong></span> 
     </span>
    </p>
   </div>
   <div class='ocr_carea' id='block_1_3' title="bbox 154 2328 1510 2959">
    <p class='ocr_par' dir='ltr' id='par_1_3' title="bbox 154 2328 1510 2959">
     <span class='ocr_line' id='line_1_26' title="bbox 243 2328 1508 2397; baseline 0 -18"><span class='ocrx_word' id='word_1_283' title='bbox 243 2328 306 2379; x_wconf 82' lang='lat' dir='ltr'><strong>Jem</strong></span> <span class='ocrx_word' id='word_1_284' title='bbox 323 2333 421 2393; x_wconf 81' lang='lat' dir='ltr'><strong>tempus</strong></span> <span class='ocrx_word' id='word_1_285' title='bbox 439 2336 490 2393; x_wconf 88' lang='lat' dir='ltr'><strong>ast,</strong></span> <span class='ocrx_word' id='word_1_286' title='bbox 515 2332 546 2380; x_wconf 90' lang='lat' dir='ltr'><strong>de</strong></span> <span class='ocrx_word' id='word_1_287' title='bbox 571 2331 702 2382; x_wconf 89' lang='lat' dir='ltr'><strong>harmonia</strong></span> <span class='ocrx_word' id='word_1_288' title='bbox 719 2334 872 2394; x_wconf 79' lang='lat' dir='ltr'><strong>qualitativa</strong></span> <span class='ocrx_word' id='word_1_289' title='bbox 895 2335 984 2395; x_wconf 78' lang='lat' dir='ltr'><strong>paucis</strong></span> <span class='ocrx_word' id='word_1_290' title='bbox 1006 2334 1082 2382; x_wconf 86' lang='lat' dir='ltr'><strong>etiam</strong></span> <span class='ocrx_word' id='word_1_291' title='bbox 1100 2347 1187 2397; x_wconf 71' lang='lat' dir='ltr'><strong>agere,</strong></span> <span class='ocrx_word' id='word_1_292' title='bbox 1211 2345 1287 2392; x_wconf 87' lang='lat' dir='ltr'><strong>quam</strong></span> <span class='ocrx_word' id='word_1_293' title='bbox 1309 2337 1337 2380; x_wconf 90' lang='lat' dir='ltr'><strong>tu</strong></span> <span class='ocrx_word' id='word_1_294' title='bbox 1354 2329 1394 2379; x_wconf 87' lang='lat' dir='ltr'><strong>vel</strong></span> <span class='ocrx_word' id='word_1_295' title='bbox 1411 2328 1508 2379; x_wconf 87' lang='lat' dir='ltr'><strong>nullam</strong></span> 
     </span>
     <span class='ocr_line' id='line_1_27' title="bbox 154 2398 1508 2468; baseline 0 -19"><span class='ocrx_word' id='word_1_296' title='bbox 154 2400 274 2449; x_wconf 81' lang='lat' dir='ltr'><strong>enneadis</strong></span> <span class='ocrx_word' id='word_1_297' title='bbox 291 2398 333 2450; x_wconf 86' lang='lat' dir='ltr'><strong>vel</strong></span> <span class='ocrx_word' id='word_1_298' title='bbox 350 2400 464 2462; x_wconf 84' lang='lat' dir='ltr'><strong>aliquam</strong></span> <span class='ocrx_word' id='word_1_299' title='bbox 480 2402 595 2464; x_wconf 70' lang='lat' dir='ltr'><strong>negligis.</strong></span> <span class='ocrx_word' id='word_1_300' title='bbox 630 2402 687 2453; x_wconf 81' lang='lat' dir='ltr'><strong>lion</strong></span> <span class='ocrx_word' id='word_1_301' title='bbox 704 2405 779 2467; x_wconf 90' lang='lat' dir='ltr'><strong>enim,</strong></span> <span class='ocrx_word' id='word_1_302' title='bbox 798 2409 827 2452; x_wconf 92' lang='lat' dir='ltr'><strong>ut</strong></span> <span class='ocrx_word' id='word_1_303' title='bbox 843 2408 871 2452; x_wconf 91' lang='lat' dir='ltr'><strong>tu</strong></span> <span class='ocrx_word' id='word_1_304' title='bbox 890 2405 1033 2453; x_wconf 82' lang='lat' dir='ltr'><strong>existimare</strong></span> <span class='ocrx_word' id='word_1_305' title='bbox 1049 2403 1149 2468; x_wconf 88' lang='lat' dir='ltr'><strong>videris,</strong></span> <span class='ocrx_word' id='word_1_306' title='bbox 1168 2403 1254 2450; x_wconf 90' lang='lat' dir='ltr'><strong>anima</strong></span> <span class='ocrx_word' id='word_1_307' title='bbox 1265 2398 1406 2450; x_wconf 89' lang='lat' dir='ltr'><strong>sublunaris</strong></span> <span class='ocrx_word' id='word_1_308' title='bbox 1424 2413 1508 2466; x_wconf 90' lang='lat' dir='ltr'><strong>qnan-</strong></span> 
     </span>
     <span class='ocr_line' id='line_1_28' title="bbox 154 2470 1507 2540; baseline -0.001 -21"><span class='ocrx_word' id='word_1_309' title='bbox 154 2472 260 2519; x_wconf 83' lang='lat' dir='ltr'><strong>tftatfva</strong></span> <span class='ocrx_word' id='word_1_310' title='bbox 277 2475 378 2519; x_wconf 64' lang='lat' dir='ltr'><strong>nutum</strong></span> <span class='ocrx_word' id='word_1_311' title='bbox 395 2473 528 2523; x_wconf 85' lang='lat' dir='ltr'><strong>harmonia</strong></span> <span class='ocrx_word' id='word_1_312' title='bbox 545 2473 578 2521; x_wconf 88' lang='lat' dir='ltr'><strong>ad</strong></span> <span class='ocrx_word' id='word_1_313' title='bbox 596 2472 721 2532; x_wconf 72' lang='lat' dir='ltr'><strong>agendum</strong></span> <span class='ocrx_word' id='word_1_314' title='bbox 739 2475 927 2540; x_wconf 57' lang='lat' dir='ltr'><strong>exstimulatum</strong></span> <span class='ocrx_word' id='word_1_315' title='bbox 951 2474 1013 2534; x_wconf 88' lang='lat' dir='ltr'><strong>quid</strong></span> <span class='ocrx_word' id='word_1_316' title='bbox 1030 2478 1115 2523; x_wconf 89' lang='lat' dir='ltr'><strong>autem</strong></span> <span class='ocrx_word' id='word_1_317' title='bbox 1133 2471 1293 2522; x_wconf 80' lang='lat' dir='ltr'><strong>exstimulata</strong></span> <span class='ocrx_word' id='word_1_318' title='bbox 1314 2484 1387 2530; x_wconf 68' lang='lat' dir='ltr'><strong>agere</strong></span> <span class='ocrx_word' id='word_1_319' title='bbox 1409 2470 1507 2535; x_wconf 86' lang='lat' dir='ltr'><strong>debeat,</strong></span> 
     </span>
     <span class='ocr_line' id='line_1_29' title="bbox 155 2537 1509 2608; baseline -0.001 -18"><span class='ocrx_word' id='word_1_320' title='bbox 155 2555 184 2590; x_wconf 82' lang='lat' dir='ltr'><strong>ax</strong></span> <span class='ocrx_word' id='word_1_321' title='bbox 202 2541 314 2589; x_wconf 74' lang='lat' dir='ltr'><strong>forunita</strong></span> <span class='ocrx_word' id='word_1_322' title='bbox 330 2544 451 2590; x_wconf 86' lang='lat' dir='ltr'><strong>materiae</strong></span> <span class='ocrx_word' id='word_1_323' title='bbox 469 2548 535 2591; x_wconf 88' lang='lat' dir='ltr'><strong>certo</strong></span> <span class='ocrx_word' id='word_1_324' title='bbox 553 2543 627 2592; x_wconf 90' lang='lat' dir='ltr'><strong>modo</strong></span> <span class='ocrx_word' id='word_1_325' title='bbox 646 2543 782 2606; x_wconf 87' lang='lat' dir='ltr'><strong>dispositae</strong></span> <span class='ocrx_word' id='word_1_326' title='bbox 799 2547 943 2606; x_wconf 82' lang='lat' dir='ltr'><strong>pressantis</strong></span> <span class='ocrx_word' id='word_1_327' title='bbox 960 2545 1035 2608; x_wconf 88' lang='lat' dir='ltr'><strong>petit,</strong></span> <span class='ocrx_word' id='word_1_328' title='bbox 1053 2544 1097 2592; x_wconf 91' lang='lat' dir='ltr'><strong>sed</strong></span> <span class='ocrx_word' id='word_1_329' title='bbox 1115 2540 1190 2593; x_wconf 91' lang='lat' dir='ltr'><strong>simul</strong></span> <span class='ocrx_word' id='word_1_330' title='bbox 1208 2539 1371 2602; x_wconf 83' lang='lat' dir='ltr'><strong>qualitativas</strong></span> <span class='ocrx_word' id='word_1_331' title='bbox 1388 2537 1509 2599; x_wconf 68' lang='lat' dir='ltr'><strong>intelligit</strong></span> 
     </span>
     <span class='ocr_line' id='line_1_30' title="bbox 154 2609 1508 2676; baseline -0.002 -17"><span class='ocrx_word' id='word_1_332' title='bbox 154 2610 312 2674; x_wconf 70' lang='lat' dir='ltr'><strong>hanoniae,</strong></span> <span class='ocrx_word' id='word_1_333' title='bbox 331 2611 432 2672; x_wconf 87' lang='lat' dir='ltr'><strong>quibus,</strong></span> <span class='ocrx_word' id='word_1_334' title='bbox 449 2611 511 2672; x_wconf 88' lang='lat' dir='ltr'><strong>quid</strong></span> <span class='ocrx_word' id='word_1_335' title='bbox 532 2613 560 2661; x_wconf 92' lang='lat' dir='ltr'><strong>in</strong></span> <span class='ocrx_word' id='word_1_336' title='bbox 576 2613 626 2662; x_wconf 86' lang='lat' dir='ltr'><strong>hae</strong></span> <span class='ocrx_word' id='word_1_337' title='bbox 642 2611 682 2662; x_wconf 83' lang='lat' dir='ltr'><strong>rel</strong></span> <span class='ocrx_word' id='word_1_338' title='bbox 698 2615 750 2663; x_wconf 87' lang='lat' dir='ltr'><strong>ista</strong></span> <span class='ocrx_word' id='word_1_339' title='bbox 768 2616 940 2675; x_wconf 88' lang='lat' dir='ltr'><strong>quantitatum</strong></span> <span class='ocrx_word' id='word_1_340' title='bbox 958 2614 1121 2676; x_wconf 90' lang='lat' dir='ltr'><strong>dispositione</strong></span> <span class='ocrx_word' id='word_1_341' title='bbox 1138 2625 1211 2675; x_wconf 73' lang='lat' dir='ltr'><strong>agere</strong></span> <span class='ocrx_word' id='word_1_342' title='bbox 1229 2611 1328 2673; x_wconf 83' lang='lat' dir='ltr'><strong>debeat,</strong></span> <span class='ocrx_word' id='word_1_343' title='bbox 1347 2609 1508 2664; x_wconf 81' lang='lat' dir='ltr'><strong>admonetur;</strong></span> 
     </span>
     <span class='ocr_line' id='line_1_31' title="bbox 155 2676 1510 2749; baseline -0.001 -20"><span class='ocrx_word' id='word_1_344' title='bbox 155 2682 215 2731; x_wconf 68' lang='lat' dir='ltr'><strong>itan</strong></span> <span class='ocrx_word' id='word_1_345' title='bbox 232 2678 358 2742; x_wconf 65' lang='lat' dir='ltr'><strong>intelligit</strong></span> <span class='ocrx_word' id='word_1_346' title='bbox 375 2681 487 2730; x_wconf 87' lang='lat' dir='ltr'><strong>ordinem</strong></span> <span class='ocrx_word' id='word_1_347' title='bbox 505 2684 639 2745; x_wconf 89' lang='lat' dir='ltr'><strong>spirituum</strong></span> <span class='ocrx_word' id='word_1_348' title='bbox 657 2685 819 2749; x_wconf 90' lang='lat' dir='ltr'><strong>superiorum,</strong></span> <span class='ocrx_word' id='word_1_349' title='bbox 836 2682 964 2749; x_wconf 67' lang='lat' dir='ltr'><strong>mielliqit,</strong></span> <span class='ocrx_word' id='word_1_350' title='bbox 982 2698 1058 2745; x_wconf 88' lang='lat' dir='ltr'><strong>quarn</strong></span> <span class='ocrx_word' id='word_1_351' title='bbox 1070 2681 1219 2745; x_wconf 81' lang='lat' dir='ltr'><strong>qualitatum</strong></span> <span class='ocrx_word' id='word_1_352' title='bbox 1236 2680 1393 2729; x_wconf 81' lang='lat' dir='ltr'><strong>harmoniam·</strong></span> <span class='ocrx_word' id='word_1_353' title='bbox 1410 2679 1452 2727; x_wconf 86' lang='lat' dir='ltr'><strong>hio</strong></span> <span class='ocrx_word' id='word_1_354' title='bbox 1469 2676 1510 2727; x_wconf 86' lang='lat' dir='ltr'><strong>vel</strong></span> 
     </span>
     <span class='ocr_line' id='line_1_32' title="bbox 155 2750 1509 2817; baseline -0.003 -16"><span class='ocrx_word' id='word_1_355' title='bbox 155 2751 203 2801; x_wconf 78' lang='lat' dir='ltr'><strong>hee</strong></span> <span class='ocrx_word' id='word_1_356' title='bbox 221 2752 331 2815; x_wconf 87' lang='lat' dir='ltr'><strong>spiritus</strong></span> <span class='ocrx_word' id='word_1_357' title='bbox 348 2752 376 2800; x_wconf 93' lang='lat' dir='ltr'><strong>in</strong></span> <span class='ocrx_word' id='word_1_358' title='bbox 393 2752 442 2801; x_wconf 85' lang='lat' dir='ltr'><strong>boe</strong></span> <span class='ocrx_word' id='word_1_359' title='bbox 458 2750 497 2801; x_wconf 82' lang='lat' dir='ltr'><strong>rel</strong></span> <span class='ocrx_word' id='word_1_360' title='bbox 515 2755 564 2802; x_wconf 84' lang='lat' dir='ltr'><strong>isto</strong></span> <span class='ocrx_word' id='word_1_361' title='bbox 583 2753 737 2817; x_wconf 86' lang='lat' dir='ltr'><strong>superiorum</strong></span> <span class='ocrx_word' id='word_1_362' title='bbox 757 2767 888 2817; x_wconf 89' lang='lat' dir='ltr'><strong>corporum</strong></span> <span class='ocrx_word' id='word_1_363' title='bbox 906 2756 1049 2817; x_wconf 80' lang='lat' dir='ltr'><strong>concinnet,</strong></span> <span class='ocrx_word' id='word_1_364' title='bbox 1071 2753 1190 2816; x_wconf 74' lang='lat' dir='ltr'><strong>intelligit</strong></span> <span class='ocrx_word' id='word_1_365' title='bbox 1206 2751 1359 2802; x_wconf 86' lang='lat' dir='ltr'><strong>differentias</strong></span> <span class='ocrx_word' id='word_1_366' title='bbox 1376 2750 1509 2813; x_wconf 90' lang='lat' dir='ltr'><strong>spirituum</strong></span> 
     </span>
     <span class='ocr_line' id='line_1_33' title="bbox 159 2819 1510 2891; baseline -0.004 -19"><span class='ocrx_word' id='word_1_367' title='bbox 159 2821 300 2872; x_wconf 72' lang='lat' dir='ltr'><strong>secundm</strong></span> <span class='ocrx_word' id='word_1_368' title='bbox 317 2824 428 2872; x_wconf 86' lang='lat' dir='ltr'><strong>rationes</strong></span> <span class='ocrx_word' id='word_1_369' title='bbox 446 2821 653 2883; x_wconf 87' lang='lat' dir='ltr'><strong>qualitativarum</strong></span> <span class='ocrx_word' id='word_1_370' title='bbox 670 2826 864 2888; x_wconf 85' lang='lat' dir='ltr'><strong>harmoniarum,</strong></span> <span class='ocrx_word' id='word_1_371' title='bbox 881 2826 949 2874; x_wconf 86' lang='lat' dir='ltr'><strong>unde</strong></span> <span class='ocrx_word' id='word_1_372' title='bbox 967 2826 1044 2891; x_wconf 88' lang='lat' dir='ltr'><strong>novit,</strong></span> <span class='ocrx_word' id='word_1_373' title='bbox 1062 2824 1127 2874; x_wconf 82' lang='lat' dir='ltr'><strong>alies</strong></span> <span class='ocrx_word' id='word_1_374' title='bbox 1145 2839 1198 2874; x_wconf 90' lang='lat' dir='ltr'><strong>esse</strong></span> <span class='ocrx_word' id='word_1_375' title='bbox 1215 2824 1285 2872; x_wconf 87' lang='lat' dir='ltr'><strong>ideae</strong></span> <span class='ocrx_word' id='word_1_376' title='bbox 1302 2819 1510 2882; x_wconf 85' lang='lat' dir='ltr'><strong>qualitativarum</strong></span> 
     </span>
     <span class='ocr_line' id='line_1_34' title="bbox 155 2890 1509 2959; baseline -0.002 -17"><span class='ocrx_word' id='word_1_377' title='bbox 155 2890 347 2942; x_wconf 80' lang='lat' dir='ltr'><strong>harmoniarum</strong></span> <span class='ocrx_word' id='word_1_378' title='bbox 365 2893 393 2941; x_wconf 92' lang='lat' dir='ltr'><strong>in</strong></span> <span class='ocrx_word' id='word_1_379' title='bbox 410 2892 486 2958; x_wconf 83' lang='lat' dir='ltr'><strong>Jove,</strong></span> <span class='ocrx_word' id='word_1_380' title='bbox 510 2892 576 2944; x_wconf 88' lang='lat' dir='ltr'><strong>alias</strong></span> <span class='ocrx_word' id='word_1_381' title='bbox 593 2896 621 2944; x_wconf 92' lang='lat' dir='ltr'><strong>in</strong></span> <span class='ocrx_word' id='word_1_382' title='bbox 637 2894 762 2946; x_wconf 87' lang='lat' dir='ltr'><strong>lferonrio</strong></span> <span class='ocrx_word' id='word_1_383' title='bbox 781 2899 841 2959; x_wconf 78' lang='lat' dir='ltr'><strong>ate,</strong></span> <span class='ocrx_word' id='word_1_384' title='bbox 863 2896 924 2945; x_wconf 88' lang='lat' dir='ltr'><strong>hine</strong></span> <span class='ocrx_word' id='word_1_385' title='bbox 941 2897 1016 2944; x_wconf 91' lang='lat' dir='ltr'><strong>etiam</strong></span> <span class='ocrx_word' id='word_1_386' title='bbox 1035 2897 1094 2958; x_wconf 90' lang='lat' dir='ltr'><strong>scit,</strong></span> <span class='ocrx_word' id='word_1_387' title='bbox 1117 2894 1196 2943; x_wconf 91' lang='lat' dir='ltr'><strong>aliam</strong></span> <span class='ocrx_word' id='word_1_388' title='bbox 1214 2892 1366 2955; x_wconf 84' lang='lat' dir='ltr'><strong>operationis</strong></span> <span class='ocrx_word' id='word_1_389' title='bbox 1386 2891 1509 2939; x_wconf 89' lang='lat' dir='ltr'><strong>rationem</strong></span> 
     </span>
    </p>
   </div>
   <div class='ocr_carea' id='block_1_4' title="bbox 156 2968 1510 3043">
    <p class='ocr_par' dir='ltr' id='par_1_4' title="bbox 156 2968 1510 3043">
     <span class='ocr_line' id='line_1_35' title="bbox 156 2968 1510 3043; baseline -0.004 -20"><span class='ocrx_word' id='word_1_390' title='bbox 156 2987 208 3023; x_wconf 89' lang='grc' dir='ltr'><strong>οοοο</strong></span> <span class='ocrx_word' id='word_1_391' title='bbox 223 2973 253 3020; x_wconf 87' lang='grc' dir='ltr'><strong>]π</strong></span> <span class='ocrx_word' id='word_1_392' title='bbox 272 2970 309 3035; x_wconf 82' lang='grc' dir='ltr'>Δ</span> <span class='ocrx_word' id='word_1_393' title='bbox 329 2971 570 3041; x_wconf 69' lang='lat' dir='ltr'><strong>Mauheumlove,</strong></span> <span class='ocrx_word' id='word_1_394' title='bbox 587 2972 665 3024; x_wconf 85' lang='lat' dir='ltr'><strong>aliam</strong></span> <span class='ocrx_word' id='word_1_395' title='bbox 683 2977 710 3025; x_wconf 94' lang='lat' dir='ltr'><strong>in</strong></span> <span class='ocrx_word' id='word_1_396' title='bbox 728 2973 903 3040; x_wconf 56' lang='lat' dir='ltr'><strong>Alfsreurii</strong></span> <span class='ocrx_word' id='word_1_397' title='bbox 921 2988 977 3024; x_wconf 91' lang='lat' dir='ltr'><strong>eum</strong></span> <span class='ocrx_word' id='word_1_398' title='bbox 993 2975 1065 3041; x_wconf 84' lang='lat' dir='ltr'><strong>Jove,</strong></span> <span class='ocrx_word' id='word_1_399' title='bbox 1084 2972 1162 3022; x_wconf 87' lang='lat' dir='ltr'><strong>aliam</strong></span> <span class='ocrx_word' id='word_1_400' title='bbox 1178 2975 1206 3021; x_wconf 91' lang='lat' dir='ltr'><strong>iu</strong></span> <span class='ocrx_word' id='word_1_401' title='bbox 1227 2970 1263 3036; x_wconf 75' lang='grc' dir='ltr'>Δ</span> <span class='ocrx_word' id='word_1_402' title='bbox 1282 2971 1369 3043; x_wconf 81' lang='lat' dir='ltr'><strong>hiartis</strong></span> <span class='ocrx_word' id='word_1_403' title='bbox 1387 2968 1510 3018; x_wconf 81' lang='lat' dir='ltr'><strong>etVene-</strong></span> 
     </span>
    </p>
   </div>
   <div class='ocr_carea' id='block_1_5' title="bbox 156 3049 1531 5013">
    <p class='ocr_par' dir='ltr' id='par_1_5' title="bbox 156 3049 1531 5013">
     <span class='ocr_line' id='line_1_36' title="bbox 156 3049 1510 3117; baseline -0.005 -14"><span class='ocrx_word' id='word_1_404' title='bbox 156 3055 200 3105; x_wconf 90' lang='lat' dir='ltr'><strong>ris.</strong></span> <span class='ocrx_word' id='word_1_405' title='bbox 238 3052 284 3102; x_wconf 83' lang='lat' dir='ltr'><strong>Sic</strong></span> <span class='ocrx_word' id='word_1_406' title='bbox 301 3051 364 3099; x_wconf 93' lang='lat' dir='ltr'><strong>ordo</strong></span> <span class='ocrx_word' id='word_1_407' title='bbox 383 3054 409 3098; x_wconf 88' lang='lat' dir='ltr'><strong>et</strong></span> <span class='ocrx_word' id='word_1_408' title='bbox 425 3056 507 3100; x_wconf 86' lang='lat' dir='ltr'><strong>motus</strong></span> <span class='ocrx_word' id='word_1_409' title='bbox 525 3054 679 3114; x_wconf 90' lang='lat' dir='ltr'><strong>superiorum</strong></span> <span class='ocrx_word' id='word_1_410' title='bbox 697 3055 725 3103; x_wconf 92' lang='lat' dir='ltr'><strong>in</strong></span> <span class='ocrx_word' id='word_1_411' title='bbox 743 3054 868 3117; x_wconf 87' lang='lat' dir='ltr'><strong>operando</strong></span> <span class='ocrx_word' id='word_1_412' title='bbox 886 3060 976 3116; x_wconf 74' lang='lat' dir='ltr'><strong>regum</strong></span> <span class='ocrx_word' id='word_1_413' title='bbox 993 3055 1105 3104; x_wconf 88' lang='lat' dir='ltr'><strong>ordinem</strong></span> <span class='ocrx_word' id='word_1_414' title='bbox 1122 3059 1148 3103; x_wconf 88' lang='lat' dir='ltr'><strong>et</strong></span> <span class='ocrx_word' id='word_1_415' title='bbox 1164 3056 1260 3102; x_wconf 91' lang='lat' dir='ltr'><strong>motum</strong></span> <span class='ocrx_word' id='word_1_416' title='bbox 1278 3049 1430 3113; x_wconf 88' lang='lat' dir='ltr'><strong>operationis</strong></span> <span class='ocrx_word' id='word_1_417' title='bbox 1448 3049 1510 3097; x_wconf 90' lang='lat' dir='ltr'><strong>sub-</strong></span> 
     </span>
     <span class='ocr_line' id='line_1_37' title="bbox 156 3118 1510 3189; baseline -0.004 -16"><span class='ocrx_word' id='word_1_418' title='bbox 156 3122 285 3173; x_wconf 69' lang='lat' dir='ltr'><strong>madum</strong></span> <span class='ocrx_word' id='word_1_419' title='bbox 303 3126 329 3170; x_wconf 89' lang='lat' dir='ltr'><strong>et</strong></span> <span class='ocrx_word' id='word_1_420' title='bbox 346 3119 493 3170; x_wconf 88' lang='lat' dir='ltr'><strong>inferiorum</strong></span> <span class='ocrx_word' id='word_1_421' title='bbox 511 3124 699 3186; x_wconf 85' lang='lat' dir='ltr'><strong>operationibus</strong></span> <span class='ocrx_word' id='word_1_422' title='bbox 716 3131 843 3189; x_wconf 88' lang='lat' dir='ltr'><strong>praesunt,</strong></span> <span class='ocrx_word' id='word_1_423' title='bbox 860 3127 910 3187; x_wconf 92' lang='lat' dir='ltr'><strong>ipsi</strong></span> <span class='ocrx_word' id='word_1_424' title='bbox 929 3139 1028 3187; x_wconf 87' lang='lat' dir='ltr'><strong>quoque</strong></span> <span class='ocrx_word' id='word_1_425' title='bbox 1045 3125 1073 3173; x_wconf 91' lang='lat' dir='ltr'><strong>in</strong></span> <span class='ocrx_word' id='word_1_426' title='bbox 1090 3138 1138 3174; x_wconf 88' lang='lat' dir='ltr'><strong>aua</strong></span> <span class='ocrx_word' id='word_1_427' title='bbox 1154 3124 1255 3184; x_wconf 70' lang='lat' dir='ltr'><strong>regione</strong></span> <span class='ocrx_word' id='word_1_428' title='bbox 1273 3133 1323 3169; x_wconf 94' lang='lat' dir='ltr'><strong>non</strong></span> <span class='ocrx_word' id='word_1_429' title='bbox 1338 3118 1431 3167; x_wconf 86' lang='lat' dir='ltr'><strong>frustra</strong></span> <span class='ocrx_word' id='word_1_430' title='bbox 1448 3131 1510 3181; x_wconf 87' lang='lat' dir='ltr'><strong>opa-</strong></span> 
     </span>
     <span class='ocr_line' id='line_1_38' title="bbox 157 3188 1509 3260; baseline -0.006 -17"><span class='ocrx_word' id='word_1_431' title='bbox 157 3199 240 3243; x_wconf 86' lang='lat' dir='ltr'><strong>rantaa</strong></span> <span class='ocrx_word' id='word_1_432' title='bbox 259 3188 456 3252; x_wconf 77' lang='lat' dir='ltr'><strong>aequalitatum</strong></span> <span class='ocrx_word' id='word_1_433' title='bbox 476 3191 590 3242; x_wconf 67' lang='grc' dir='ltr'><strong>οίποοοοο</strong></span> <span class='ocrx_word' id='word_1_434' title='bbox 607 3194 926 3260; x_wconf 87' lang='lat' dir='ltr'><strong>harmoniaepossidsntes,</strong></span> <span class='ocrx_word' id='word_1_435' title='bbox 945 3195 1156 3257; x_wconf 85' lang='lat' dir='ltr'><strong>quemadmodum</strong></span> <span class='ocrx_word' id='word_1_436' title='bbox 1174 3192 1304 3242; x_wconf 76' lang='lat' dir='ltr'><strong>interimas</strong></span> <span class='ocrx_word' id='word_1_437' title='bbox 1323 3190 1426 3251; x_wconf 89' lang='lat' dir='ltr'><strong>spiritus</strong></span> <span class='ocrx_word' id='word_1_438' title='bbox 1444 3201 1509 3249; x_wconf 89' lang='lat' dir='ltr'><strong>qus·</strong></span> 
     </span>
     <span class='ocr_line' id='line_1_39' title="bbox 157 3257 1511 3330; baseline -0.005 -18"><span class='ocrx_word' id='word_1_439' title='bbox 157 3262 257 3312; x_wconf 70' lang='lat' dir='ltr'><strong>butum</strong></span> <span class='ocrx_word' id='word_1_440' title='bbox 275 3262 419 3310; x_wconf 69' lang='lat' dir='ltr'><strong>humonias</strong></span> <span class='ocrx_word' id='word_1_441' title='bbox 437 3261 469 3309; x_wconf 88' lang='lat' dir='ltr'><strong>sd</strong></span> <span class='ocrx_word' id='word_1_442' title='bbox 487 3275 546 3311; x_wconf 89' lang='lat' dir='ltr'><strong>suos</strong></span> <span class='ocrx_word' id='word_1_443' title='bbox 564 3269 589 3312; x_wconf 89' lang='lat' dir='ltr'><strong>et</strong></span> <span class='ocrx_word' id='word_1_444' title='bbox 605 3268 689 3315; x_wconf 87' lang='lat' dir='ltr'><strong>varios</strong></span> <span class='ocrx_word' id='word_1_445' title='bbox 700 3278 762 3314; x_wconf 89' lang='lat' dir='ltr'><strong>usus</strong></span> <span class='ocrx_word' id='word_1_446' title='bbox 773 3265 904 3328; x_wconf 86' lang='lat' dir='ltr'><strong>possident</strong></span> <span class='ocrx_word' id='word_1_447' title='bbox 921 3264 1039 3315; x_wconf 82' lang='lat' dir='ltr'><strong>efficaces.</strong></span> <span class='ocrx_word' id='word_1_448' title='bbox 1069 3263 1189 3330; x_wconf 83' lang='lat' dir='ltr'><strong>Quaeres,</strong></span> <span class='ocrx_word' id='word_1_449' title='bbox 1208 3274 1272 3325; x_wconf 86' lang='lat' dir='ltr'><strong>quas</strong></span> <span class='ocrx_word' id='word_1_450' title='bbox 1290 3273 1347 3320; x_wconf 76' lang='lat' dir='ltr'><strong>ergo</strong></span> <span class='ocrx_word' id='word_1_451' title='bbox 1360 3257 1511 3319; x_wconf 87' lang='lat' dir='ltr'><strong>qualitatum</strong></span> 
     </span>
     <span class='ocr_line' id='line_1_40' title="bbox 157 3327 1509 3396; baseline -0.005 -13"><span class='ocrx_word' id='word_1_452' title='bbox 157 3335 267 3383; x_wconf 76' lang='lat' dir='ltr'><strong>redense</strong></span> <span class='ocrx_word' id='word_1_453' title='bbox 285 3333 424 3394; x_wconf 90' lang='lat' dir='ltr'><strong>superiores</strong></span> <span class='ocrx_word' id='word_1_454' title='bbox 442 3333 546 3393; x_wconf 85' lang='lat' dir='ltr'><strong>spiritus</strong></span> <span class='ocrx_word' id='word_1_455' title='bbox 562 3335 709 3396; x_wconf 89' lang='lat' dir='ltr'><strong>possideant</strong></span> <span class='ocrx_word' id='word_1_456' title='bbox 734 3340 760 3383; x_wconf 91' lang='lat' dir='ltr'><strong>et</strong></span> <span class='ocrx_word' id='word_1_457' title='bbox 776 3336 803 3383; x_wconf 90' lang='lat' dir='ltr'><strong>in</strong></span> <span class='ocrx_word' id='word_1_458' title='bbox 820 3336 951 3384; x_wconf 84' lang='lat' dir='ltr'><strong>materiam</strong></span> <span class='ocrx_word' id='word_1_459' title='bbox 975 3349 1047 3384; x_wconf 89' lang='lat' dir='ltr'><strong>suam</strong></span> <span class='ocrx_word' id='word_1_460' title='bbox 1063 3334 1242 3384; x_wconf 84' lang='lat' dir='ltr'><strong>introdueanti</strong></span> <span class='ocrx_word' id='word_1_461' title='bbox 1277 3330 1331 3379; x_wconf 86' lang='lat' dir='ltr'><strong>llas</strong></span> <span class='ocrx_word' id='word_1_462' title='bbox 1355 3343 1386 3378; x_wconf 84' lang='lat' dir='ltr'><strong>aa</strong></span> <span class='ocrx_word' id='word_1_463' title='bbox 1404 3327 1509 3377; x_wconf 88' lang='lat' dir='ltr'><strong>inferio·</strong></span> 
     </span>
     <span class='ocr_line' id='line_1_41' title="bbox 158 3401 1508 3468; baseline -0.004 -16"><span class='ocrx_word' id='word_1_464' title='bbox 158 3406 224 3453; x_wconf 83' lang='lat' dir='ltr'><strong>ribus</strong></span> <span class='ocrx_word' id='word_1_465' title='bbox 242 3401 391 3450; x_wconf 90' lang='lat' dir='ltr'><strong>inferiorum</strong></span> <span class='ocrx_word' id='word_1_466' title='bbox 410 3403 542 3464; x_wconf 86' lang='lat' dir='ltr'><strong>spirituum</strong></span> <span class='ocrx_word' id='word_1_467' title='bbox 561 3406 749 3466; x_wconf 86' lang='lat' dir='ltr'><strong>operationibus</strong></span> <span class='ocrx_word' id='word_1_468' title='bbox 768 3405 846 3468; x_wconf 88' lang='lat' dir='ltr'><strong>disee,</strong></span> <span class='ocrx_word' id='word_1_469' title='bbox 873 3410 899 3454; x_wconf 91' lang='lat' dir='ltr'><strong>st</strong></span> <span class='ocrx_word' id='word_1_470' title='bbox 915 3406 969 3467; x_wconf 85' lang='lat' dir='ltr'><strong>ipse</strong></span> <span class='ocrx_word' id='word_1_471' title='bbox 985 3410 1038 3467; x_wconf 71' lang='lat' dir='ltr'><strong>jam</strong></span> <span class='ocrx_word' id='word_1_472' title='bbox 1062 3405 1090 3453; x_wconf 91' lang='lat' dir='ltr'><strong>iu</strong></span> <span class='ocrx_word' id='word_1_473' title='bbox 1107 3405 1191 3454; x_wconf 83' lang='lat' dir='ltr'><strong>Tertio</strong></span> <span class='ocrx_word' id='word_1_474' title='bbox 1209 3401 1405 3465; x_wconf 85' lang='lat' dir='ltr'><strong>interveniente,</strong></span> <span class='ocrx_word' id='word_1_475' title='bbox 1427 3412 1508 3460; x_wconf 87' lang='lat' dir='ltr'><strong>quau·</strong></span> 
     </span>
     <span class='ocr_line' id='line_1_42' title="bbox 159 3469 1511 3537; baseline -0.006 -14"><span class='ocrx_word' id='word_1_476' title='bbox 159 3488 232 3534; x_wconf 84' lang='lat' dir='ltr'><strong>quam</strong></span> <span class='ocrx_word' id='word_1_477' title='bbox 250 3469 376 3531; x_wconf 71' lang='lat' dir='ltr'><strong>mediate,</strong></span> <span class='ocrx_word' id='word_1_478' title='bbox 394 3470 510 3533; x_wconf 83' lang='lat' dir='ltr'><strong>docuisti;</strong></span> <span class='ocrx_word' id='word_1_479' title='bbox 538 3486 603 3534; x_wconf 87' lang='lat' dir='ltr'><strong>quse</strong></span> <span class='ocrx_word' id='word_1_480' title='bbox 621 3477 685 3525; x_wconf 90' lang='lat' dir='ltr'><strong>enim</strong></span> <span class='ocrx_word' id='word_1_481' title='bbox 710 3480 735 3523; x_wconf 89' lang='lat' dir='ltr'><strong>te</strong></span> <span class='ocrx_word' id='word_1_482' title='bbox 753 3474 817 3523; x_wconf 90' lang='lat' dir='ltr'><strong>ratio</strong></span> <span class='ocrx_word' id='word_1_483' title='bbox 835 3476 917 3535; x_wconf 73' lang='lat' dir='ltr'><strong>eotgit</strong></span> <span class='ocrx_word' id='word_1_484' title='bbox 941 3482 994 3525; x_wconf 88' lang='lat' dir='ltr'><strong>tem</strong></span> <span class='ocrx_word' id='word_1_485' title='bbox 1012 3478 1083 3524; x_wconf 86' lang='lat' dir='ltr'><strong>firma</strong></span> <span class='ocrx_word' id='word_1_486' title='bbox 1101 3479 1126 3524; x_wconf 90' lang='lat' dir='ltr'><strong>et</strong></span> <span class='ocrx_word' id='word_1_487' title='bbox 1143 3477 1246 3537; x_wconf 88' lang='lat' dir='ltr'><strong>potens,</strong></span> <span class='ocrx_word' id='word_1_488' title='bbox 1268 3475 1298 3519; x_wconf 84' lang='lat' dir='ltr'><strong>ut</strong></span> <span class='ocrx_word' id='word_1_489' title='bbox 1321 3470 1460 3518; x_wconf 86' lang='lat' dir='ltr'><strong>siceitatem</strong></span> <span class='ocrx_word' id='word_1_490' title='bbox 1486 3474 1511 3516; x_wconf 90' lang='lat' dir='ltr'><strong>et</strong></span> 
     </span>
     <span class='ocr_line' id='line_1_43' title="bbox 157 3538 1511 3609; baseline -0.004 -17"><span class='ocrx_word' id='word_1_491' title='bbox 157 3542 334 3606; x_wconf 61' lang='lat' dir='ltr'><strong>frigiditatem,</strong></span> <span class='ocrx_word' id='word_1_492' title='bbox 358 3543 547 3603; x_wconf 84' lang='lat' dir='ltr'><strong>patentissimae</strong></span> <span class='ocrx_word' id='word_1_493' title='bbox 566 3543 713 3609; x_wconf 85' lang='lat' dir='ltr'><strong>qualitates,</strong></span> <span class='ocrx_word' id='word_1_494' title='bbox 737 3559 750 3594; x_wconf 94' lang='grc' dir='ltr'><strong>ο</strong></span> <span class='ocrx_word' id='word_1_495' title='bbox 773 3545 925 3605; x_wconf 84' lang='lat' dir='ltr'><strong>qualitatum</strong></span> <span class='ocrx_word' id='word_1_496' title='bbox 946 3558 1048 3594; x_wconf 89' lang='lat' dir='ltr'><strong>numero</strong></span> <span class='ocrx_word' id='word_1_497' title='bbox 1072 3545 1189 3606; x_wconf 74' lang='lat' dir='ltr'><strong>eieesrist</strong></span> <span class='ocrx_word' id='word_1_498' title='bbox 1223 3540 1388 3608; x_wconf 83' lang='lat' dir='ltr'><strong>Experientia</strong></span> <span class='ocrx_word' id='word_1_499' title='bbox 1412 3538 1511 3587; x_wconf 88' lang='lat' dir='ltr'><strong>medies</strong></span> 
     </span>
     <span class='ocr_line' id='line_1_44' title="bbox 158 3607 1516 3676; baseline -0.006 -13"><span class='ocrx_word' id='word_1_500' title='bbox 158 3619 277 3676; x_wconf 69' lang='lat' dir='ltr'><strong>tutatur,</strong></span> <span class='ocrx_word' id='word_1_501' title='bbox 296 3610 360 3672; x_wconf 88' lang='lat' dir='ltr'><strong>quid</strong></span> <span class='ocrx_word' id='word_1_502' title='bbox 377 3610 493 3661; x_wconf 85' lang='lat' dir='ltr'><strong>caliditas</strong></span> <span class='ocrx_word' id='word_1_503' title='bbox 511 3619 538 3663; x_wconf 91' lang='lat' dir='ltr'><strong>et</strong></span> <span class='ocrx_word' id='word_1_504' title='bbox 554 3613 680 3675; x_wconf 73' lang='lat' dir='ltr'><strong>frigiditas</strong></span> <span class='ocrx_word' id='word_1_505' title='bbox 696 3617 725 3663; x_wconf 88' lang='lat' dir='ltr'><strong>in</strong></span> <span class='ocrx_word' id='word_1_506' title='bbox 742 3616 898 3664; x_wconf 86' lang='lat' dir='ltr'><strong>concitandis</strong></span> <span class='ocrx_word' id='word_1_507' title='bbox 918 3621 943 3662; x_wconf 88' lang='lat' dir='ltr'><strong>et</strong></span> <span class='ocrx_word' id='word_1_508' title='bbox 959 3617 1019 3664; x_wconf 86' lang='lat' dir='ltr'><strong>item</strong></span> <span class='ocrx_word' id='word_1_509' title='bbox 1037 3614 1167 3663; x_wconf 87' lang='lat' dir='ltr'><strong>medendis</strong></span> <span class='ocrx_word' id='word_1_510' title='bbox 1183 3612 1277 3662; x_wconf 90' lang='lat' dir='ltr'><strong>morbis</strong></span> <span class='ocrx_word' id='word_1_511' title='bbox 1300 3622 1386 3673; x_wconf 76' lang='lat' dir='ltr'><strong>pugna</strong></span> <span class='ocrx_word' id='word_1_512' title='bbox 1408 3622 1455 3657; x_wconf 88' lang='lat' dir='ltr'><strong>aue</strong></span> <span class='ocrx_word' id='word_1_513' title='bbox 1473 3607 1516 3656; x_wconf 83' lang='lat' dir='ltr'><strong>ef-</strong></span> 
     </span>
     <span class='ocr_line' id='line_1_45' title="bbox 159 3677 1512 3752; baseline -0.007 -18"><span class='ocrx_word' id='word_1_514' title='bbox 159 3686 228 3734; x_wconf 83' lang='lat' dir='ltr'><strong>fcera</strong></span> <span class='ocrx_word' id='word_1_515' title='bbox 247 3686 337 3744; x_wconf 63' lang='lat' dir='ltr'><strong>queem</strong></span> <span class='ocrx_word' id='word_1_516' title='bbox 362 3680 463 3735; x_wconf 77' lang='lat' dir='ltr'><strong>affunde</strong></span> <span class='ocrx_word' id='word_1_517' title='bbox 481 3696 574 3744; x_wconf 90' lang='lat' dir='ltr'><strong>aquam</strong></span> <span class='ocrx_word' id='word_1_518' title='bbox 592 3683 707 3745; x_wconf 77' lang='lat' dir='ltr'><strong>frigidam</strong></span> <span class='ocrx_word' id='word_1_519' title='bbox 725 3684 843 3733; x_wconf 84' lang='lat' dir='ltr'><strong>candenti</strong></span> <span class='ocrx_word' id='word_1_520' title='bbox 859 3683 939 3746; x_wconf 85' lang='lat' dir='ltr'><strong>lapidi</strong></span> <span class='ocrx_word' id='word_1_521' title='bbox 957 3690 982 3733; x_wconf 86' lang='lat' dir='ltr'><strong>et</strong></span> <span class='ocrx_word' id='word_1_522' title='bbox 999 3684 1110 3752; x_wconf 88' lang='lat' dir='ltr'><strong>videbis,</strong></span> <span class='ocrx_word' id='word_1_523' title='bbox 1134 3696 1195 3732; x_wconf 92' lang='lat' dir='ltr'><strong>num</strong></span> <span class='ocrx_word' id='word_1_524' title='bbox 1218 3682 1319 3731; x_wconf 84' lang='lat' dir='ltr'><strong>siccitas</strong></span> <span class='ocrx_word' id='word_1_525' title='bbox 1342 3685 1368 3727; x_wconf 90' lang='lat' dir='ltr'><strong>et</strong></span> <span class='ocrx_word' id='word_1_526' title='bbox 1385 3677 1512 3739; x_wconf 70' lang='lat' dir='ltr'><strong>frigiditas</strong></span> 
     </span>
     <span class='ocr_line' id='line_1_46' title="bbox 159 3746 1531 3818; baseline -0.007 -14"><span class='ocrx_word' id='word_1_527' title='bbox 159 3760 255 3804; x_wconf 88' lang='lat' dir='ltr'><strong>tantum</strong></span> <span class='ocrx_word' id='word_1_528' title='bbox 280 3752 332 3801; x_wconf 71' lang='lat' dir='ltr'><strong>dut</strong></span> <span class='ocrx_word' id='word_1_529' title='bbox 347 3752 509 3814; x_wconf 82' lang='lat' dir='ltr'><strong>privationes.</strong></span> <span class='ocrx_word' id='word_1_530' title='bbox 539 3752 676 3804; x_wconf 88' lang='lat' dir='ltr'><strong>Habentne</strong></span> <span class='ocrx_word' id='word_1_531' title='bbox 693 3757 845 3818; x_wconf 82' lang='lat' dir='ltr'><strong>privationes</strong></span> <span class='ocrx_word' id='word_1_532' title='bbox 862 3756 928 3802; x_wconf 86' lang='lat' dir='ltr'><strong>hano</strong></span> <span class='ocrx_word' id='word_1_533' title='bbox 946 3755 1009 3815; x_wconf 87' lang='lat' dir='ltr'><strong>vim,</strong></span> <span class='ocrx_word' id='word_1_534' title='bbox 1035 3759 1064 3802; x_wconf 93' lang='lat' dir='ltr'><strong>ut</strong></span> <span class='ocrx_word' id='word_1_535' title='bbox 1088 3754 1208 3816; x_wconf 87' lang='lat' dir='ltr'><strong>positivae</strong></span> <span class='ocrx_word' id='word_1_536' title='bbox 1227 3750 1364 3813; x_wconf 84' lang='lat' dir='ltr'><strong>qualitates</strong></span> <span class='ocrx_word' id='word_1_537' title='bbox 1387 3746 1531 3811; x_wconf 80' lang='lat' dir='ltr'><strong>expellere,</strong></span> 
     </span>
     <span class='ocr_line' id='line_1_47' title="bbox 160 3819 1513 3889; baseline -0.006 -16"><span class='ocrx_word' id='word_1_538' title='bbox 160 3832 267 3887; x_wconf 87' lang='lat' dir='ltr'><strong>queant,</strong></span> <span class='ocrx_word' id='word_1_539' title='bbox 289 3820 359 3882; x_wconf 88' lang='lat' dir='ltr'><strong>quod</strong></span> <span class='ocrx_word' id='word_1_540' title='bbox 376 3828 460 3870; x_wconf 65' lang='lat' dir='ltr'><strong>nmen</strong></span> <span class='ocrx_word' id='word_1_541' title='bbox 477 3822 541 3873; x_wconf 83' lang='lat' dir='ltr'><strong>lacit</strong></span> <span class='ocrx_word' id='word_1_542' title='bbox 557 3823 682 3885; x_wconf 72' lang='lat' dir='ltr'><strong>frigiditas</strong></span> <span class='ocrx_word' id='word_1_543' title='bbox 700 3827 727 3874; x_wconf 93' lang='lat' dir='ltr'><strong>in</strong></span> <span class='ocrx_word' id='word_1_544' title='bbox 746 3839 814 3889; x_wconf 92' lang='lat' dir='ltr'><strong>naso,</strong></span> <span class='ocrx_word' id='word_1_545' title='bbox 831 3823 939 3887; x_wconf 87' lang='lat' dir='ltr'><strong>pedibus</strong></span> <span class='ocrx_word' id='word_1_546' title='bbox 957 3829 983 3873; x_wconf 88' lang='lat' dir='ltr'><strong>et</strong></span> <span class='ocrx_word' id='word_1_547' title='bbox 998 3825 1084 3885; x_wconf 74' lang='lat' dir='ltr'><strong>genis,</strong></span> <span class='ocrx_word' id='word_1_548' title='bbox 1108 3819 1158 3874; x_wconf 88' lang='lat' dir='ltr'><strong>imo</strong></span> <span class='ocrx_word' id='word_1_549' title='bbox 1177 3836 1251 3886; x_wconf 89' lang='lat' dir='ltr'><strong>saepe</strong></span> <span class='ocrx_word' id='word_1_550' title='bbox 1275 3826 1328 3869; x_wconf 86' lang='lat' dir='ltr'><strong>toto</strong></span> <span class='ocrx_word' id='word_1_551' title='bbox 1347 3832 1448 3881; x_wconf 90' lang='lat' dir='ltr'><strong>eorpore</strong></span> <span class='ocrx_word' id='word_1_552' title='bbox 1466 3830 1513 3880; x_wconf 89' lang='lat' dir='ltr'><strong>per</strong></span> 
     </span>
     <span class='ocr_line' id='line_1_48' title="bbox 160 3892 1513 3958; baseline -0.007 -14"><span class='ocrx_word' id='word_1_553' title='bbox 160 3894 226 3958; x_wconf 86' lang='lat' dir='ltr'><strong>alpes</strong></span> <span class='ocrx_word' id='word_1_554' title='bbox 246 3894 293 3942; x_wconf 91' lang='lat' dir='ltr'><strong>diu</strong></span> <span class='ocrx_word' id='word_1_555' title='bbox 310 3894 338 3940; x_wconf 93' lang='lat' dir='ltr'><strong>in</strong></span> <span class='ocrx_word' id='word_1_556' title='bbox 356 3893 456 3941; x_wconf 86' lang='lat' dir='ltr'><strong>nivibus</strong></span> <span class='ocrx_word' id='word_1_557' title='bbox 473 3892 674 3943; x_wconf 73' lang='lat' dir='ltr'><strong>ambulantium?</strong></span> <span class='ocrx_word' id='word_1_558' title='bbox 711 3894 837 3958; x_wconf 80' lang='lat' dir='ltr'><strong>compone</strong></span> <span class='ocrx_word' id='word_1_559' title='bbox 854 3895 958 3943; x_wconf 88' lang='lat' dir='ltr'><strong>herbam</strong></span> <span class='ocrx_word' id='word_1_560' title='bbox 970 3908 1065 3944; x_wconf 88' lang='lat' dir='ltr'><strong>summa</strong></span> <span class='ocrx_word' id='word_1_561' title='bbox 1080 3892 1189 3943; x_wconf 84' lang='lat' dir='ltr'><strong>ealidam</strong></span> <span class='ocrx_word' id='word_1_562' title='bbox 1201 3894 1330 3942; x_wconf 90' lang='lat' dir='ltr'><strong>eteioeam</strong></span> <span class='ocrx_word' id='word_1_563' title='bbox 1347 3903 1404 3939; x_wconf 92' lang='lat' dir='ltr'><strong>enm</strong></span> <span class='ocrx_word' id='word_1_564' title='bbox 1417 3898 1513 3938; x_wconf 89' lang='lat' dir='ltr'><strong>summe</strong></span> 
     </span>
     <span class='ocr_line' id='line_1_49' title="bbox 159 3958 1512 4030; baseline -0.008 -15"><span class='ocrx_word' id='word_1_565' title='bbox 159 3965 264 4015; x_wconf 83' lang='lat' dir='ltr'><strong>tumida</strong></span> <span class='ocrx_word' id='word_1_566' title='bbox 281 3967 307 4012; x_wconf 89' lang='lat' dir='ltr'><strong>et</strong></span> <span class='ocrx_word' id='word_1_567' title='bbox 324 3961 417 4023; x_wconf 76' lang='lat' dir='ltr'><strong>frigida</strong></span> <span class='ocrx_word' id='word_1_568' title='bbox 434 3968 502 4012; x_wconf 82' lang='lat' dir='ltr'><strong>certa</strong></span> <span class='ocrx_word' id='word_1_569' title='bbox 518 3965 693 4027; x_wconf 86' lang='lat' dir='ltr'><strong>proportione,</strong></span> <span class='ocrx_word' id='word_1_570' title='bbox 712 3974 736 4015; x_wconf 86' lang='lat' dir='ltr'><strong>et</strong></span> <span class='ocrx_word' id='word_1_571' title='bbox 752 3969 857 4027; x_wconf 89' lang='lat' dir='ltr'><strong>impone</strong></span> <span class='ocrx_word' id='word_1_572' title='bbox 874 3961 965 4030; x_wconf 83' lang='lat' dir='ltr'><strong>ulceri,</strong></span> <span class='ocrx_word' id='word_1_573' title='bbox 984 3979 1001 4013; x_wconf 97' lang='lat' dir='ltr'><strong>a</strong></span> <span class='ocrx_word' id='word_1_574' title='bbox 1019 3978 1094 4013; x_wconf 89' lang='lat' dir='ltr'><strong>eausa</strong></span> <span class='ocrx_word' id='word_1_575' title='bbox 1111 3962 1202 4013; x_wconf 86' lang='lat' dir='ltr'><strong>biliosa</strong></span> <span class='ocrx_word' id='word_1_576' title='bbox 1219 3961 1344 4024; x_wconf 82' lang='lat' dir='ltr'><strong>profesto,</strong></span> <span class='ocrx_word' id='word_1_577' title='bbox 1370 3965 1396 4008; x_wconf 88' lang='lat' dir='ltr'><strong>at</strong></span> <span class='ocrx_word' id='word_1_578' title='bbox 1413 3958 1512 4007; x_wconf 86' lang='lat' dir='ltr'><strong>videbis</strong></span> 
     </span>
     <span class='ocr_line' id='line_1_50' title="bbox 161 4027 1513 4098; baseline -0.008 -13"><span class='ocrx_word' id='word_1_579' title='bbox 161 4036 219 4096; x_wconf 87' lang='lat' dir='ltr'><strong>quid</strong></span> <span class='ocrx_word' id='word_1_580' title='bbox 236 4032 364 4085; x_wconf 59' lang='lat' dir='ltr'><strong>arauris</strong></span> <span class='ocrx_word' id='word_1_581' title='bbox 381 4034 425 4082; x_wconf 84' lang='lat' dir='ltr'><strong>sis.</strong></span> <span class='ocrx_word' id='word_1_582' title='bbox 462 4031 512 4082; x_wconf 80' lang='lat' dir='ltr'><strong>Gur</strong></span> <span class='ocrx_word' id='word_1_583' title='bbox 535 4032 624 4084; x_wconf 90' lang='lat' dir='ltr'><strong>ebullit</strong></span> <span class='ocrx_word' id='word_1_584' title='bbox 646 4033 706 4085; x_wconf 90' lang='lat' dir='ltr'><strong>bilis</strong></span> <span class='ocrx_word' id='word_1_585' title='bbox 731 4037 758 4084; x_wconf 88' lang='lat' dir='ltr'><strong>in</strong></span> <span class='ocrx_word' id='word_1_586' title='bbox 784 4048 884 4098; x_wconf 86' lang='lat' dir='ltr'><strong>corpora</strong></span> <span class='ocrx_word' id='word_1_587' title='bbox 908 4035 1016 4084; x_wconf 86' lang='lat' dir='ltr'><strong>humano</strong></span> <span class='ocrx_word' id='word_1_588' title='bbox 1040 4036 1118 4083; x_wconf 73' lang='lat' dir='ltr'><strong>eflusa</strong></span> <span class='ocrx_word' id='word_1_589' title='bbox 1141 4040 1241 4096; x_wconf 87' lang='lat' dir='ltr'><strong>repente</strong></span> <span class='ocrx_word' id='word_1_590' title='bbox 1259 4031 1364 4095; x_wconf 77' lang='lat' dir='ltr'><strong>frigida,</strong></span> <span class='ocrx_word' id='word_1_591' title='bbox 1389 4030 1417 4077; x_wconf 90' lang='lat' dir='ltr'><strong>in</strong></span> <span class='ocrx_word' id='word_1_592' title='bbox 1434 4027 1513 4076; x_wconf 88' lang='lat' dir='ltr'><strong>nimia</strong></span> 
     </span>
     <span class='ocr_line' id='line_1_51' title="bbox 160 4100 1513 4168; baseline -0.008 -13"><span class='ocrx_word' id='word_1_593' title='bbox 160 4119 240 4168; x_wconf 65' lang='lat' dir='ltr'><strong>aqum</strong></span> <span class='ocrx_word' id='word_1_594' title='bbox 258 4104 455 4165; x_wconf 71' lang='lat' dir='ltr'><strong>ingurgitatione</strong></span> <span class='ocrx_word' id='word_1_595' title='bbox 472 4110 600 4153; x_wconf 78' lang='lat' dir='ltr'><strong>aestuame</strong></span> <span class='ocrx_word' id='word_1_596' title='bbox 620 4119 722 4168; x_wconf 85' lang='lat' dir='ltr'><strong>corpore</strong></span> <span class='ocrx_word' id='word_1_597' title='bbox 733 4107 867 4154; x_wconf 75' lang='lat' dir='ltr'><strong>universo?</strong></span> <span class='ocrx_word' id='word_1_598' title='bbox 898 4103 949 4154; x_wconf 81' lang='lat' dir='ltr'><strong>Gur</strong></span> <span class='ocrx_word' id='word_1_599' title='bbox 964 4113 1113 4167; x_wconf 88' lang='lat' dir='ltr'><strong>rumpuntur</strong></span> <span class='ocrx_word' id='word_1_600' title='bbox 1129 4104 1194 4152; x_wconf 89' lang='lat' dir='ltr'><strong>vitra</strong></span> <span class='ocrx_word' id='word_1_601' title='bbox 1205 4102 1328 4151; x_wconf 88' lang='lat' dir='ltr'><strong>ferventia</strong></span> <span class='ocrx_word' id='word_1_602' title='bbox 1345 4100 1429 4148; x_wconf 85' lang='lat' dir='ltr'><strong>affusa</strong></span> <span class='ocrx_word' id='word_1_603' title='bbox 1446 4109 1513 4157; x_wconf 89' lang='lat' dir='ltr'><strong>aqua</strong></span> 
     </span>
     <span class='ocr_line' id='line_1_52' title="bbox 162 4165 1513 4239; baseline -0.007 -15"><span class='ocrx_word' id='word_1_604' title='bbox 162 4176 269 4237; x_wconf 72' lang='lat' dir='ltr'><strong>frigida?</strong></span> <span class='ocrx_word' id='word_1_605' title='bbox 303 4173 338 4222; x_wconf 79' lang='lat' dir='ltr'><strong>Et</strong></span> <span class='ocrx_word' id='word_1_606' title='bbox 355 4185 478 4233; x_wconf 81' lang='lat' dir='ltr'><strong>quasnam</strong></span> <span class='ocrx_word' id='word_1_607' title='bbox 495 4173 593 4235; x_wconf 88' lang='lat' dir='ltr'><strong>reliqua</strong></span> <span class='ocrx_word' id='word_1_608' title='bbox 611 4180 676 4224; x_wconf 71' lang='lat' dir='ltr'><strong>meet</strong></span> <span class='ocrx_word' id='word_1_609' title='bbox 693 4176 856 4226; x_wconf 74' lang='lat' dir='ltr'><strong>conuariotas</strong></span> <span class='ocrx_word' id='word_1_610' title='bbox 873 4175 901 4223; x_wconf 89' lang='lat' dir='ltr'><strong>iu</strong></span> <span class='ocrx_word' id='word_1_611' title='bbox 919 4176 1005 4239; x_wconf 89' lang='lat' dir='ltr'><strong>rebus,</strong></span> <span class='ocrx_word' id='word_1_612' title='bbox 1029 4176 1051 4223; x_wconf 89' lang='lat' dir='ltr'><strong>si</strong></span> <span class='ocrx_word' id='word_1_613' title='bbox 1068 4176 1116 4224; x_wconf 87' lang='lat' dir='ltr'><strong>hae</strong></span> <span class='ocrx_word' id='word_1_614' title='bbox 1135 4173 1200 4223; x_wconf 84' lang='lat' dir='ltr'><strong>duaa</strong></span> <span class='ocrx_word' id='word_1_615' title='bbox 1219 4170 1354 4233; x_wconf 86' lang='lat' dir='ltr'><strong>qualitates</strong></span> <span class='ocrx_word' id='word_1_616' title='bbox 1373 4165 1513 4217; x_wconf 86' lang='lat' dir='ltr'><strong>catbolieae</strong></span> 
     </span>
     <span class='ocr_line' id='line_1_53' title="bbox 163 4243 1512 4307; baseline -0.008 -12"><span class='ocrx_word' id='word_1_617' title='bbox 163 4249 272 4295; x_wconf 73' lang='lat' dir='ltr'><strong>mnium</strong></span> <span class='ocrx_word' id='word_1_618' title='bbox 289 4244 486 4306; x_wconf 83' lang='lat' dir='ltr'><strong>antipathiemm</strong></span> <span class='ocrx_word' id='word_1_619' title='bbox 504 4251 530 4293; x_wconf 90' lang='lat' dir='ltr'><strong>et</strong></span> <span class='ocrx_word' id='word_1_620' title='bbox 547 4245 744 4307; x_wconf 79' lang='lat' dir='ltr'><strong>sympathiamm</strong></span> <span class='ocrx_word' id='word_1_621' title='bbox 766 4260 815 4295; x_wconf 87' lang='lat' dir='ltr'><strong>nna</strong></span> <span class='ocrx_word' id='word_1_622' title='bbox 839 4259 895 4295; x_wconf 86' lang='lat' dir='ltr'><strong>eum</strong></span> <span class='ocrx_word' id='word_1_623' title='bbox 918 4243 1022 4306; x_wconf 88' lang='lat' dir='ltr'><strong>reliquis</strong></span> <span class='ocrx_word' id='word_1_624' title='bbox 1049 4246 1147 4295; x_wconf 85' lang='lat' dir='ltr'><strong>duabus</strong></span> <span class='ocrx_word' id='word_1_625' title='bbox 1171 4256 1263 4291; x_wconf 69' lang='lat' dir='ltr'><strong>musea</strong></span> <span class='ocrx_word' id='word_1_626' title='bbox 1286 4256 1299 4289; x_wconf 94' lang='grc' dir='ltr'><strong>ο</strong></span> <span class='ocrx_word' id='word_1_627' title='bbox 1321 4246 1413 4289; x_wconf 86' lang='lat' dir='ltr'><strong>natura</strong></span> <span class='ocrx_word' id='word_1_628' title='bbox 1430 4248 1512 4286; x_wconf 86' lang='lat' dir='ltr'><strong>rernm</strong></span> 
     </span>
     <span class='ocr_line' id='line_1_54' title="bbox 162 4311 1513 4377; baseline -0.004 -12"><span class='ocrx_word' id='word_1_629' title='bbox 162 4318 271 4377; x_wconf 83' lang='lat' dir='ltr'><strong>positiva</strong></span> <span class='ocrx_word' id='word_1_630' title='bbox 287 4311 455 4362; x_wconf 71' lang='lat' dir='ltr'><strong>tollerentur?</strong></span> <span class='ocrx_word' id='word_1_631' title='bbox 489 4313 561 4364; x_wconf 87' lang='lat' dir='ltr'><strong>Unde</strong></span> <span class='ocrx_word' id='word_1_632' title='bbox 583 4324 653 4364; x_wconf 89' lang='lat' dir='ltr'><strong>tuum</strong></span> <span class='ocrx_word' id='word_1_633' title='bbox 671 4316 781 4365; x_wconf 89' lang='lat' dir='ltr'><strong>medium</strong></span> <span class='ocrx_word' id='word_1_634' title='bbox 805 4320 831 4363; x_wconf 91' lang='lat' dir='ltr'><strong>et</strong></span> <span class='ocrx_word' id='word_1_635' title='bbox 847 4328 955 4376; x_wconf 89' lang='lat' dir='ltr'><strong>aequum</strong></span> <span class='ocrx_word' id='word_1_636' title='bbox 980 4315 1104 4377; x_wconf 85' lang='lat' dir='ltr'><strong>prodiret,</strong></span> <span class='ocrx_word' id='word_1_637' title='bbox 1130 4314 1179 4363; x_wconf 86' lang='lat' dir='ltr'><strong>nisi</strong></span> <span class='ocrx_word' id='word_1_638' title='bbox 1204 4317 1269 4362; x_wconf 84' lang='lat' dir='ltr'><strong>esset</strong></span> <span class='ocrx_word' id='word_1_639' title='bbox 1292 4311 1381 4359; x_wconf 92' lang='lat' dir='ltr'><strong>harum</strong></span> <span class='ocrx_word' id='word_1_640' title='bbox 1404 4314 1513 4369; x_wconf 66' lang='lat' dir='ltr'><strong>qamt!</strong></span> 
     </span>
     <span class='ocr_line' id='line_1_55' title="bbox 164 4375 1511 4448; baseline -0.01 -12"><span class='ocrx_word' id='word_1_641' title='bbox 164 4385 314 4447; x_wconf 80' lang='lat' dir='ltr'><strong>qualitatum</strong></span> <span class='ocrx_word' id='word_1_642' title='bbox 339 4386 553 4448; x_wconf 78' lang='lat' dir='ltr'><strong>contemperatio?</strong></span> <span class='ocrx_word' id='word_1_643' title='bbox 575 4388 626 4434; x_wconf 90' lang='lat' dir='ltr'><strong>imo</strong></span> <span class='ocrx_word' id='word_1_644' title='bbox 651 4384 748 4435; x_wconf 92' lang='lat' dir='ltr'><strong>nulium</strong></span> <span class='ocrx_word' id='word_1_645' title='bbox 771 4387 800 4435; x_wconf 94' lang='lat' dir='ltr'><strong>in</strong></span> <span class='ocrx_word' id='word_1_646' title='bbox 817 4398 900 4434; x_wconf 90' lang='lat' dir='ltr'><strong>rerum</strong></span> <span class='ocrx_word' id='word_1_647' title='bbox 923 4391 1015 4433; x_wconf 88' lang='lat' dir='ltr'><strong>natura</strong></span> <span class='ocrx_word' id='word_1_648' title='bbox 1032 4385 1133 4433; x_wconf 74' lang='lat' dir='ltr'><strong>daretem</strong></span> <span class='ocrx_word' id='word_1_649' title='bbox 1149 4388 1382 4445; x_wconf 85' lang='lat' dir='ltr'><strong>temperamentum</strong></span> <span class='ocrx_word' id='word_1_650' title='bbox 1424 4375 1511 4435; x_wconf 84' lang='lat' dir='ltr'><strong>Vides,</strong></span> 
     </span>
     <span class='ocr_line' id='line_1_56' title="bbox 165 4448 1511 4522; baseline -0.01 -16"><span class='ocrx_word' id='word_1_651' title='bbox 165 4458 229 4517; x_wconf 77' lang='lat' dir='ltr'><strong>quod</strong></span> <span class='ocrx_word' id='word_1_652' title='bbox 246 4459 404 4520; x_wconf 67' lang='grc' dir='ltr'><strong>υςποιοπιο,</strong></span> <span class='ocrx_word' id='word_1_653' title='bbox 422 4456 513 4516; x_wconf 90' lang='lat' dir='ltr'><strong>quibus</strong></span> <span class='ocrx_word' id='word_1_654' title='bbox 532 4460 620 4504; x_wconf 89' lang='lat' dir='ltr'><strong>eontra</strong></span> <span class='ocrx_word' id='word_1_655' title='bbox 636 4460 661 4504; x_wconf 92' lang='lat' dir='ltr'><strong>te</strong></span> <span class='ocrx_word' id='word_1_656' title='bbox 678 4468 770 4522; x_wconf 71' lang='lat' dir='ltr'><strong>pugno,</strong></span> <span class='ocrx_word' id='word_1_657' title='bbox 788 4455 878 4505; x_wconf 87' lang='lat' dir='ltr'><strong>saitem</strong></span> <span class='ocrx_word' id='word_1_658' title='bbox 896 4456 1012 4515; x_wconf 88' lang='lat' dir='ltr'><strong>innuam:</strong></span> <span class='ocrx_word' id='word_1_659' title='bbox 1030 4461 1059 4503; x_wconf 92' lang='lat' dir='ltr'><strong>tu</strong></span> <span class='ocrx_word' id='word_1_660' title='bbox 1076 4452 1181 4503; x_wconf 89' lang='lat' dir='ltr'><strong>ulterius</strong></span> <span class='ocrx_word' id='word_1_661' title='bbox 1198 4451 1322 4515; x_wconf 85' lang='lat' dir='ltr'><strong>perpende</strong></span> <span class='ocrx_word' id='word_1_662' title='bbox 1339 4455 1373 4515; x_wconf 84' lang='lat' dir='ltr'><strong>et,</strong></span> <span class='ocrx_word' id='word_1_663' title='bbox 1391 4448 1413 4496; x_wconf 94' lang='lat' dir='ltr'><strong>si</strong></span> <span class='ocrx_word' id='word_1_664' title='bbox 1431 4451 1511 4510; x_wconf 88' lang='lat' dir='ltr'><strong>potes,</strong></span> 
     </span>
     <span class='ocr_line' id='line_1_57' title="bbox 165 4516 1513 4592; baseline -0.01 -15"><span class='ocrx_word' id='word_1_665' title='bbox 165 4534 245 4577; x_wconf 76' lang='lat' dir='ltr'><strong>everte</strong></span> <span class='ocrx_word' id='word_1_666' title='bbox 261 4542 300 4576; x_wconf 75' lang='lat' dir='ltr'><strong>aa</strong></span> <span class='ocrx_word' id='word_1_667' title='bbox 338 4524 379 4592; x_wconf 71' lang='lat' dir='ltr'><strong>Ad</strong></span> <span class='ocrx_word' id='word_1_668' title='bbox 394 4524 470 4573; x_wconf 73' lang='lat' dir='ltr'><strong>inem</strong></span> <span class='ocrx_word' id='word_1_669' title='bbox 488 4538 601 4590; x_wconf 92' lang='lat' dir='ltr'><strong>propero,</strong></span> <span class='ocrx_word' id='word_1_670' title='bbox 618 4526 664 4575; x_wconf 91' lang='lat' dir='ltr'><strong>ubi</strong></span> <span class='ocrx_word' id='word_1_671' title='bbox 681 4527 782 4575; x_wconf 84' lang='lat' dir='ltr'><strong>unicum</strong></span> <span class='ocrx_word' id='word_1_672' title='bbox 800 4526 882 4573; x_wconf 87' lang='lat' dir='ltr'><strong>adhue</strong></span> <span class='ocrx_word' id='word_1_673' title='bbox 900 4538 1026 4576; x_wconf 89' lang='lat' dir='ltr'><strong>monuero.</strong></span> <span class='ocrx_word' id='word_1_674' title='bbox 1064 4523 1174 4572; x_wconf 76' lang='lat' dir='ltr'><strong>Nimium</strong></span> <span class='ocrx_word' id='word_1_675' title='bbox 1192 4522 1312 4571; x_wconf 84' lang='lat' dir='ltr'><strong>audacter</strong></span> <span class='ocrx_word' id='word_1_676' title='bbox 1332 4524 1360 4567; x_wconf 87' lang='lat' dir='ltr'><strong>tu</strong></span> <span class='ocrx_word' id='word_1_677' title='bbox 1377 4516 1513 4579; x_wconf 71' lang='lat' dir='ltr'><strong>geometri·</strong></span> 
     </span>
     <span class='ocr_line' id='line_1_58' title="bbox 167 4586 1512 4658; baseline -0.01 -12"><span class='ocrx_word' id='word_1_678' title='bbox 167 4610 202 4646; x_wconf 86' lang='lat' dir='ltr'><strong>eae</strong></span> <span class='ocrx_word' id='word_1_679' title='bbox 219 4599 332 4646; x_wconf 66' lang='lat' dir='ltr'><strong>udones</strong></span> <span class='ocrx_word' id='word_1_680' title='bbox 350 4595 472 4644; x_wconf 84' lang='lat' dir='ltr'><strong>deificaeti</strong></span> <span class='ocrx_word' id='word_1_681' title='bbox 496 4600 594 4658; x_wconf 86' lang='lat' dir='ltr'><strong>preater</strong></span> <span class='ocrx_word' id='word_1_682' title='bbox 616 4602 641 4645; x_wconf 90' lang='lat' dir='ltr'><strong>et</strong></span> <span class='ocrx_word' id='word_1_683' title='bbox 658 4601 744 4645; x_wconf 78' lang='lat' dir='ltr'><strong>eoutm</strong></span> <span class='ocrx_word' id='word_1_684' title='bbox 761 4597 809 4645; x_wconf 88' lang='lat' dir='ltr'><strong>Dei</strong></span> <span class='ocrx_word' id='word_1_685' title='bbox 826 4595 943 4658; x_wconf 87' lang='lat' dir='ltr'><strong>verbum;</strong></span> <span class='ocrx_word' id='word_1_686' title='bbox 967 4595 1032 4643; x_wconf 89' lang='lat' dir='ltr'><strong>ratio</strong></span> <span class='ocrx_word' id='word_1_687' title='bbox 1050 4593 1151 4654; x_wconf 85' lang='lat' dir='ltr'><strong>quidem</strong></span> <span class='ocrx_word' id='word_1_688' title='bbox 1170 4593 1269 4641; x_wconf 88' lang='lat' dir='ltr'><strong>euriosa</strong></span> <span class='ocrx_word' id='word_1_689' title='bbox 1290 4593 1328 4639; x_wconf 92' lang='lat' dir='ltr'><strong>ita</strong></span> <span class='ocrx_word' id='word_1_690' title='bbox 1352 4589 1401 4637; x_wconf 88' lang='lat' dir='ltr'><strong>tibi</strong></span> <span class='ocrx_word' id='word_1_691' title='bbox 1419 4586 1512 4636; x_wconf 86' lang='lat' dir='ltr'><strong>suasit:</strong></span> 
     </span>
     <span class='ocr_line' id='line_1_59' title="bbox 166 4659 1514 4730; baseline -0.009 -16"><span class='ocrx_word' id='word_1_692' title='bbox 166 4666 235 4716; x_wconf 88' lang='lat' dir='ltr'><strong>bomo</strong></span> <span class='ocrx_word' id='word_1_693' title='bbox 254 4667 289 4716; x_wconf 88' lang='lat' dir='ltr'><strong>ad</strong></span> <span class='ocrx_word' id='word_1_694' title='bbox 306 4665 440 4726; x_wconf 67' lang='lat' dir='ltr'><strong>imaginem</strong></span> <span class='ocrx_word' id='word_1_695' title='bbox 461 4666 510 4715; x_wconf 81' lang='lat' dir='ltr'><strong>Dei</strong></span> <span class='ocrx_word' id='word_1_696' title='bbox 528 4670 553 4719; x_wconf 86' lang='lat' dir='ltr'><strong>et</strong></span> <span class='ocrx_word' id='word_1_697' title='bbox 570 4667 703 4729; x_wconf 88' lang='lat' dir='ltr'><strong>praecipue</strong></span> <span class='ocrx_word' id='word_1_698' title='bbox 720 4668 805 4715; x_wconf 86' lang='lat' dir='ltr'><strong>anima</strong></span> <span class='ocrx_word' id='word_1_699' title='bbox 829 4669 882 4727; x_wconf 76' lang='lat' dir='ltr'><strong>siue</strong></span> <span class='ocrx_word' id='word_1_700' title='bbox 900 4663 1002 4713; x_wconf 84' lang='lat' dir='ltr'><strong>condita</strong></span> <span class='ocrx_word' id='word_1_701' title='bbox 1025 4669 1076 4730; x_wconf 92' lang='lat' dir='ltr'><strong>est,</strong></span> <span class='ocrx_word' id='word_1_702' title='bbox 1103 4670 1129 4712; x_wconf 90' lang='lat' dir='ltr'><strong>et</strong></span> <span class='ocrx_word' id='word_1_703' title='bbox 1145 4660 1353 4723; x_wconf 85' lang='lat' dir='ltr'><strong>quemadmodum</strong></span> <span class='ocrx_word' id='word_1_704' title='bbox 1375 4661 1404 4708; x_wconf 88' lang='lat' dir='ltr'><strong>in</strong></span> <span class='ocrx_word' id='word_1_705' title='bbox 1427 4659 1514 4706; x_wconf 85' lang='lat' dir='ltr'><strong>anima</strong></span> 
     </span>
     <span class='ocr_line' id='line_1_60' title="bbox 166 4723 1514 4797; baseline -0.009 -10"><span class='ocrx_word' id='word_1_706' title='bbox 166 4736 272 4787; x_wconf 78' lang='lat' dir='ltr'><strong>bominis</strong></span> <span class='ocrx_word' id='word_1_707' title='bbox 290 4736 419 4797; x_wconf 72' lang='lat' dir='ltr'><strong>archetypi</strong></span> <span class='ocrx_word' id='word_1_708' title='bbox 436 4740 495 4784; x_wconf 89' lang='lat' dir='ltr'><strong>sunt</strong></span> <span class='ocrx_word' id='word_1_709' title='bbox 512 4736 698 4786; x_wconf 85' lang='lat' dir='ltr'><strong>harmoniarum</strong></span> <span class='ocrx_word' id='word_1_710' title='bbox 716 4737 840 4797; x_wconf 90' lang='lat' dir='ltr'><strong>omnium,</strong></span> <span class='ocrx_word' id='word_1_711' title='bbox 860 4736 897 4783; x_wconf 91' lang='lat' dir='ltr'><strong>sie</strong></span> <span class='ocrx_word' id='word_1_712' title='bbox 915 4739 940 4783; x_wconf 88' lang='lat' dir='ltr'><strong>et</strong></span> <span class='ocrx_word' id='word_1_713' title='bbox 956 4736 984 4782; x_wconf 90' lang='lat' dir='ltr'><strong>iu</strong></span> <span class='ocrx_word' id='word_1_714' title='bbox 1002 4733 1071 4795; x_wconf 90' lang='lat' dir='ltr'><strong>Deo,</strong></span> <span class='ocrx_word' id='word_1_715' title='bbox 1098 4732 1166 4795; x_wconf 86' lang='lat' dir='ltr'><strong>quod</strong></span> <span class='ocrx_word' id='word_1_716' title='bbox 1183 4723 1268 4780; x_wconf 80' lang='lat' dir='ltr'><strong>aulem</strong></span> <span class='ocrx_word' id='word_1_717' title='bbox 1285 4731 1313 4779; x_wconf 93' lang='lat' dir='ltr'><strong>in</strong></span> <span class='ocrx_word' id='word_1_718' title='bbox 1331 4730 1384 4779; x_wconf 89' lang='lat' dir='ltr'><strong>Deo</strong></span> <span class='ocrx_word' id='word_1_719' title='bbox 1403 4736 1453 4781; x_wconf 85' lang='lat' dir='ltr'><strong>est.</strong></span> <span class='ocrx_word' id='word_1_720' title='bbox 1477 4730 1514 4775; x_wconf 86' lang='lat' dir='ltr'><strong>est</strong></span> 
     </span>
     <span class='ocr_line' id='line_1_61' title="bbox 167 4797 1513 4869; baseline -0.008 -13"><span class='ocrx_word' id='word_1_721' title='bbox 167 4805 232 4856; x_wconf 83' lang='lat' dir='ltr'><strong>Deae</strong></span> <span class='ocrx_word' id='word_1_722' title='bbox 250 4810 318 4869; x_wconf 91' lang='lat' dir='ltr'><strong>ipse:</strong></span> <span class='ocrx_word' id='word_1_723' title='bbox 336 4819 394 4867; x_wconf 70' lang='lat' dir='ltr'><strong>argo</strong></span> <span class='ocrx_word' id='word_1_724' title='bbox 413 4806 558 4856; x_wconf 83' lang='lat' dir='ltr'><strong>bamoniae</strong></span> <span class='ocrx_word' id='word_1_725' title='bbox 576 4812 601 4856; x_wconf 93' lang='lat' dir='ltr'><strong>et</strong></span> <span class='ocrx_word' id='word_1_726' title='bbox 617 4808 781 4867; x_wconf 76' lang='lat' dir='ltr'><strong>geometricae</strong></span> <span class='ocrx_word' id='word_1_727' title='bbox 798 4807 907 4855; x_wconf 88' lang='lat' dir='ltr'><strong>rationes</strong></span> <span class='ocrx_word' id='word_1_728' title='bbox 920 4804 975 4853; x_wconf 91' lang='lat' dir='ltr'><strong>Deo</strong></span> <span class='ocrx_word' id='word_1_729' title='bbox 993 4808 1052 4853; x_wconf 89' lang='lat' dir='ltr'><strong>sunt</strong></span> <span class='ocrx_word' id='word_1_730' title='bbox 1063 4809 1209 4853; x_wconf 86' lang='lat' dir='ltr'><strong>eoaoternae</strong></span> <span class='ocrx_word' id='word_1_731' title='bbox 1226 4809 1252 4851; x_wconf 93' lang='lat' dir='ltr'><strong>et</strong></span> <span class='ocrx_word' id='word_1_732' title='bbox 1263 4803 1330 4851; x_wconf 88' lang='lat' dir='ltr'><strong>Deus</strong></span> <span class='ocrx_word' id='word_1_733' title='bbox 1344 4802 1407 4863; x_wconf 88' lang='lat' dir='ltr'><strong>ipse.</strong></span> <span class='ocrx_word' id='word_1_734' title='bbox 1436 4797 1513 4849; x_wconf 85' lang='lat' dir='ltr'><strong>Plau-</strong></span> 
     </span>
     <span class='ocr_line' id='line_1_62' title="bbox 170 4873 1514 4941; baseline -0.006 -16"><span class='ocrx_word' id='word_1_735' title='bbox 170 4876 249 4927; x_wconf 82' lang='lat' dir='ltr'><strong>aibssis</strong></span> <span class='ocrx_word' id='word_1_736' title='bbox 267 4877 369 4938; x_wconf 89' lang='lat' dir='ltr'><strong>quidem</strong></span> <span class='ocrx_word' id='word_1_737' title='bbox 386 4878 460 4933; x_wconf 78' lang='lat' dir='ltr'><strong>ratio,</strong></span> <span class='ocrx_word' id='word_1_738' title='bbox 478 4889 529 4938; x_wconf 85' lang='lat' dir='ltr'><strong>qus</strong></span> <span class='ocrx_word' id='word_1_739' title='bbox 546 4883 571 4926; x_wconf 87' lang='lat' dir='ltr'><strong>et</strong></span> <span class='ocrx_word' id='word_1_740' title='bbox 588 4891 634 4938; x_wconf 71' lang='lat' dir='ltr'><strong>ego</strong></span> <span class='ocrx_word' id='word_1_741' title='bbox 652 4881 734 4925; x_wconf 91' lang='lat' dir='ltr'><strong>motus</strong></span> <span class='ocrx_word' id='word_1_742' title='bbox 752 4875 812 4925; x_wconf 88' lang='lat' dir='ltr'><strong>oiim</strong></span> <span class='ocrx_word' id='word_1_743' title='bbox 831 4874 941 4941; x_wconf 76' lang='lat' dir='ltr'><strong>ejusdcm</strong></span> <span class='ocrx_word' id='word_1_744' title='bbox 959 4887 1026 4922; x_wconf 87' lang='lat' dir='ltr'><strong>eram</strong></span> <span class='ocrx_word' id='word_1_745' title='bbox 1044 4874 1183 4923; x_wconf 83' lang='lat' dir='ltr'><strong>sententiaa</strong></span> <span class='ocrx_word' id='word_1_746' title='bbox 1201 4878 1226 4921; x_wconf 93' lang='lat' dir='ltr'><strong>et</strong></span> <span class='ocrx_word' id='word_1_747' title='bbox 1238 4874 1303 4922; x_wconf 86' lang='lat' dir='ltr'><strong>hano</strong></span> <span class='ocrx_word' id='word_1_748' title='bbox 1319 4873 1443 4933; x_wconf 76' lang='lat' dir='ltr'><strong>insignem</strong></span> <span class='ocrx_word' id='word_1_749' title='bbox 1461 4879 1514 4920; x_wconf 84' lang='lat' dir='ltr'><strong>assa</strong></span> 
     </span>
     <span class='ocr_line' id='line_1_63' title="bbox 168 4943 1513 5013; baseline -0.007 -16"><span class='ocrx_word' id='word_1_750' title='bbox 168 4949 318 5009; x_wconf 86' lang='lat' dir='ltr'><strong>sapientiam</strong></span> <span class='ocrx_word' id='word_1_751' title='bbox 335 4947 475 5013; x_wconf 84' lang='lat' dir='ltr'><strong>credebam,</strong></span> <span class='ocrx_word' id='word_1_752' title='bbox 494 4960 545 5009; x_wconf 85' lang='lat' dir='ltr'><strong>qua</strong></span> <span class='ocrx_word' id='word_1_753' title='bbox 563 4949 649 4996; x_wconf 88' lang='lat' dir='ltr'><strong>omnia</strong></span> <span class='ocrx_word' id='word_1_754' title='bbox 666 4946 780 4997; x_wconf 76' lang='lat' dir='ltr'><strong>deificare</strong></span> <span class='ocrx_word' id='word_1_755' title='bbox 797 4952 926 5009; x_wconf 82' lang='lat' dir='ltr'><strong>poteram:</strong></span> <span class='ocrx_word' id='word_1_756' title='bbox 943 4945 1042 5007; x_wconf 89' lang='lat' dir='ltr'><strong>inipso</strong></span> <span class='ocrx_word' id='word_1_757' title='bbox 1061 4945 1137 5012; x_wconf 89' lang='lat' dir='ltr'><strong>enim,</strong></span> <span class='ocrx_word' id='word_1_758' title='bbox 1154 4943 1209 4994; x_wconf 88' lang='lat' dir='ltr'><strong>Deo</strong></span> <span class='ocrx_word' id='word_1_759' title='bbox 1226 4943 1322 4995; x_wconf 86' lang='lat' dir='ltr'><strong>seilicet</strong></span> <span class='ocrx_word' id='word_1_760' title='bbox 1340 4944 1432 5005; x_wconf 77' lang='lat' dir='ltr'><strong>(iuquit</strong></span> <span class='ocrx_word' id='word_1_761' title='bbox 1443 4943 1513 5002; x_wconf 79' lang='lat' dir='ltr'><strong>Apo·</strong></span> 
     </span>
    </p>
   </div>
   <div class='ocr_carea' id='block_1_6' title="bbox 217 5025 1356 5095">
    <p class='ocr_par' dir='ltr' id='par_1_6' title="bbox 217 5025 1356 5095">
     <span class='ocr_line' id='line_1_64' title="bbox 217 5025 1356 5095; baseline 0.003 -11"><span class='ocrx_word' id='word_1_762' title='bbox 217 5040 312 5095; x_wconf 74' lang='lat' dir='ltr'><strong>Kapieri</strong></span> <span class='ocrx_word' id='word_1_763' title='bbox 325 5040 399 5095; x_wconf 75' lang='lat' dir='ltr'><strong>opere</strong></span> <span class='ocrx_word' id='word_1_764' title='bbox 411 5041 438 5084; x_wconf 80' lang='lat' dir='ltr'><strong>V.</strong></span> <span class='ocrx_word' id='word_1_765' title='bbox 1338 5025 1356 5087; x_wconf 75' lang='lat'><strong>5</strong></span> 
     </span>
    </p>
   </div>
   <div class='ocr_carea' id='block_1_7' title="bbox 0 0 1810 5625">
    <p class='ocr_par' dir='ltr' id='par_1_7' title="bbox 0 0 1810 5625">
     <span class='ocr_line' id='line_1_65' title="bbox 0 0 1810 5625; baseline 0 0"><span class='ocrx_word' id='word_1_766' title='bbox 0 0 1810 5625; x_wconf 95' lang='lat' dir='ltr'><strong> </strong></span> 
     </span>
    </p>
   </div>
  </div>
 </body>
</html>
