3567 5625
254 450 295 514 30
694 399 1176 507 nsmgumnmoeerm'

255 613 526 753 commoranti&
543 626 582 668 sc.
599 607 660 667 sola
675 610 811 681 perenna,
830 608 864 665 nt
881 608 990 666 tudam
1007 607 1137 679 utiquam,
1155 615 1216 673 sola
1231 616 1354 688 potentia
1371 613 1596 677 commenmrabt·

253 703 308 761 lem
429 695 465 752 K
517 699 535 755 l·

325 698 400 835 (ἷζε
423 781 480 833 tres
501 771 579 841 bigas
596 767 698 839 duplici
718 781 817 839 genere
840 766 982 839 planorum
998 767 1141 828 usmetun
1157 773 1287 833 Euclida
1311 776 1347 832 cb
1372 777 1402 834 id
1426 775 1598 848 pedatim

256 863 337 920 docet
352 855 480 921 iuvenire,
498 851 563 923 quia
578 848 682 905 iaciunt
698 846 734 902 ad
752 845 975 916 compositionem
987 853 1015 902 et
1025 851 1245 912 contemtionem
1256 858 1408 927 specierum
1419 857 1597 929 sequentinm

344 931 419 994 XX
442 927 640 989 Definitio.
684 921 762 999 Ergo
783 924 924 983 scientiae
946 921 1055 1000 gradm
1077 934 1199 992 octavus
1221 949 1257 994 ex
1278 934 1446 1012 pruemtssls
1466 934 1598 1011 interpo-

256 1026 322 1089 sitis
355 1020 502 1082 derisatur
533 1021 635 1090 estque
669 1010 813 1071 linearum
841 1011 947 1070 iterum
973 1011 1180 1094 singularium,
1208 1018 1261 1081 sed
1287 1038 1363 1097 qnae
1389 1022 1598 1099 compositione

259 1114 382 1174 duorum
402 1106 563 1177 nominum,
586 1117 627 1161 sc.
650 1098 773 1161 dunum
795 1095 998 1176 copulatarum
1020 1116 1057 1160 ex
1077 1104 1320 1180 praecedentibus
1335 1108 1457 1188 copulis,
1478 1108 1529 1171 rel
1542 1108 1600 1170 ab·

258 1199 416 1263 nutatione
438 1194 539 1267 unius,
562 1187 790 1267 ephnrmozusae
812 1184 924 1262 dimne,
946 1186 985 1246 ab
1007 1186 1100 1252 altera
1120 1195 1213 1270 soma,
1237 1198 1468 1272 coordinantur,
1490 1212 1600 1258 noram

259 1288 388 1368 speciem
410 1282 560 1342 iacientes.
591 1273 633 1338 Ut
654 1276 697 1337 sic
718 1275 748 1335 in
771 1272 818 1334 ins
840 1274 967 1335 suemus
989 1291 1042 1336 sen
1063 1275 1265 1345 mensuremus
1279 1301 1338 1347 non
1352 1284 1481 1364 integrae
1495 1284 1599 1362 llneas,

258 1393 318 1437 non
340 1377 519 1449 integrarum
542 1362 702 1443 quadratu,
724 1378 783 1423 non
805 1361 875 1422 blna
896 1363 1126 1444 uniuscnjusque
1147 1373 1283 1447 nomina,
1305 1371 1359 1434 sed
1380 1389 1480 1435 eorum
1498 1373 1603 1451 iuncta

259 1461 403 1543 quadrata
424 1464 454 1519 et
476 1470 628 1517 commune
649 1449 858 1528 rectangulum,
880 1455 913 1510 nt
926 1450 1167 1530 praecedentibus
1180 1456 1298 1520 XVIII
1313 1459 1405 1523 XIX.
1443 1460 1480 1520 Et
1494 1478 1601 1538 qnam·

213 1539 217 1548 ’
260 1554 306 1613 ris
329 1547 450 1611 totidem
471 1544 611 1605 scientiae
632 1538 741 1620 gradm
762 1554 914 1600 numerare
935 1555 1104 1618 possemus,
1134 1553 1206 1623 quot
1234 1553 1304 1610 sunt
1332 1548 1448 1610 futurae
1477 1550 1600 1628 species,

237 1698 241 1708 ,
262 1654 384 1718 quarum
405 1648 519 1711 eemper
539 1630 620 1709 prior
642 1635 688 1691 est
707 1626 868 1706 posteriore
890 1627 1030 1704 nobilior,
1053 1631 1124 1707 qnia
1145 1639 1243 1696 tamen
1265 1636 1414 1714 quaelibet
1428 1637 1600 1715 compositio

259 1727 310 1789 vel
332 1722 492 1787 abstractio
514 1718 554 1779 ad
575 1734 660 1777 suum
682 1714 804 1794 gradum
825 1716 957 1793 respicit,
987 1733 1042 1777 nec
1066 1720 1131 1795 ipso
1154 1724 1374 1801 compositionis
1396 1723 1445 1785 vel
1467 1724 1601 1785 abstrac-

260 1815 349 1875 tionis
372 1826 461 1890 opera
484 1806 669 1869 constituitur
691 1802 753 1864 ulla
775 1800 943 1879 diversitas,
975 1802 1030 1865 sed
1061 1821 1161 1868 omnes
1187 1828 1220 1872 se
1248 1810 1359 1873 babent
1387 1827 1540 1890 exaequo
1562 1809 1602 1872 ad

261 1919 331 1963 sues
352 1899 503 1960 nominum
524 1911 577 1956 sen
599 1891 808 1954 elementorum
829 1890 931 1967 bigas:
962 1890 1030 1953 ideo
1058 1910 1149 1955 unum
1171 1897 1266 1960 solum
1288 1916 1388 1961 earnm
1408 1899 1532 1978 madum
1552 1898 1601 1960 ia·

261 1988 378 2061 olemus,
407 1984 460 2047 sed
482 1982 595 2062 species
617 1981 680 2059 ejus
702 1981 829 2041 mamns
850 1978 1005 2042 nobilitate
1026 1979 1188 2046 dIstinctas.

348 2072 440 2136 XXI.
462 2071 699 2148 Propositio.
742 2064 900 2127 Sciendum
922 2073 968 2127 est
989 2075 1103 2146 autem,
1126 2088 1163 2133 ax
1185 2070 1300 2136 duabus
1320 2076 1397 2140 inter
1417 2093 1450 2138 se
1471 2073 1621 2153 longltn·.

141 2195 144 2202 ·
262 2165 329 2227 diue
352 2156 661 2225 commensurabilibus
682 2152 756 2215 nibil
777 2152 855 2229 fleri,
886 2152 965 2231 quod
992 2155 1042 2219 bic
1066 2158 1097 2218 in
1120 2176 1239 2223 mnsam
1260 2164 1362 2227 venite
1384 2150 1507 2227 debeat:
1538 2165 1602 2226 slve
1635 2195 1641 2202 .

261 2251 392 2316 effabiles
414 2248 483 2310 illae
504 2246 628 2320 luerunt,
652 2246 717 2304 siva
738 2258 847 2316 mesae,
869 2243 934 2304 sive
954 2243 1152 2321 ignobiliores.

347 2335 418 2391 Nam
435 2332 459 2389 si
476 2326 731 2387 commensurabiles
746 2324 927 2393 longltudlne,
953 2331 1013 2382 tota
1033 2327 1114 2384 etiam
1135 2344 1170 2387 ex
1192 2330 1225 2387 iis
1243 2333 1394 2404 composita
1410 2332 1463 2390 erit
1479 2332 1602 2405 partibus

260 2409 515 2471 commensurabilis.
551 2407 635 2477 Atqui
664 2419 734 2477 quac
760 2401 862 2459 effabili
886 2412 1130 2470 commensuratur.
1157 2407 1272 2467 effabilis
1290 2417 1345 2479 est,
1367 2428 1417 2483 per
1434 2411 1605 2470 dellnltIonea

261 2499 325 2551 ante
341 2491 375 2547 X
393 2490 438 2547 20.
456 2486 534 2544 Encl.
569 2485 727 2557 Quaerere
744 2497 835 2538 mesae
853 2484 1111 2559 commensurabilis,
1129 2495 1172 2545 est
1188 2504 1262 2546 mese
1278 2506 1329 2562 per
1345 2492 1388 2549 tt
1406 2492 1536 2561 ejusdem.
1565 2491 1604 2548 Et

261 2586 331 2645 qnae
348 2570 446 2639 cuique
463 2583 497 2621 ex
511 2566 569 2635 jam
587 2561 720 2621 secuturis
738 2559 920 2618 meffabibbus
937 2570 1001 2638 post
1016 2580 1106 2622 meses
1124 2569 1384 2636 commensurabilia
1401 2570 1523 2640 ejusdem
1541 2584 1603 2629 cum

260 2655 309 2710 illu
326 2648 427 2720 speclei
435 2652 500 2710 est,
527 2658 577 2714 per
593 2642 712 2709 ott-rc,
739 2640 885 2698 tou-1⁰7.
921 2642 959 2700 Et
981 2644 1021 2700 sic
1038 2652 1081 2702 eat
1097 2645 1179 2703 etiam
1197 2663 1259 2703 cum
1276 2646 1337 2703 aliis
1356 2647 1499 2719 speciebus
1516 2663 1604 2705 ream·

260 2732 385 2797 tionibus,
402 2726 438 2781 ab
454 2722 568 2780 Euclide
585 2737 640 2777 uon
657 2723 880 2791 commemoratis,
899 2737 970 2792 quae
986 2724 1087 2794 gradum
1103 2726 1263 2782 remotimea
1274 2724 1387 2783 facium.
1413 2727 1455 2783 Ac
1471 2725 1524 2783 etsl
1541 2741 1604 2782 cum

260 2813 294 2871 iis
311 2826 367 2866 nou
383 2807 423 2864 ita
438 2811 525 2869 asset,
550 2802 580 2858 id
595 2807 686 2858 tamen
703 2799 739 2857 ad
764 2816 815 2858 nos
832 2798 900 2856 nibil
926 2801 1052 2873 pertinet
1085 2803 1142 2862 Aut
1159 2806 1231 2862 enim
1254 2799 1426 2865 recidentia
1442 2823 1525 2865 unam
1542 2822 1605 2879 spe·

262 2893 378 2957 aerum,
396 2882 537 2955 quaejam
554 2881 747 2937 constituemus
765 2895 799 2935 ex
815 2880 1143 2951 incommutabilibus,
1162 2890 1191 2941 et
1206 2886 1247 2942 sic
1263 2902 1319 2944 nou
1336 2894 1438 2957 augent
1454 2902 1604 2959 numerum,

260 2975 309 3026 aut
326 2966 431 3025 indunt
446 2961 551 3033 species
567 2959 740 3030 ignobiliores
757 2958 801 3016 rel
818 2960 861 3015 sui
877 2959 922 3016 rel
938 2959 1051 3018 alterius
1068 2962 1183 3036 geneda,
1201 2964 1282 3023 etsie
1299 2981 1354 3022 nou
1365 2971 1430 3022 snut
1441 2964 1524 3037 bruna
1541 2965 1604 3040 loci,
1668 3004 1672 3011 -

260 3048 309 3107 ubi
326 3034 426 3117 gindus
443 3040 571 3099 struimus
588 3038 742 3110 praemissis
758 3038 897 3109 proximos
912 3039 1063 3097 nobilitate

349 3118 458 3181 XXII.
480 3116 689 3177 Definitio.
732 3113 924 3174 Transmissis
945 3116 1033 3194 igitur
1054 3117 1106 3194 ils,
1129 3135 1205 3197 quae
1226 3126 1296 3181 aunt
1316 3118 1499 3197 longltudlne
1521 3136 1605 3182 com-

261 3206 487 3281 mensurabiles,
516 3201 691 3264 accedamus
719 3200 756 3263 ad
785 3218 849 3276 eas,
879 3217 956 3279 quae
983 3201 1048 3264 sole
1068 3209 1201 3284 potentia
1226 3215 1296 3269 sunt
1317 3208 1603 3272 commensurabiles

261 3299 355 3378 Igitur
369 3298 394 3356 si
409 3298 620 3372 componantur
633 3289 708 3351 tales
723 3288 798 3351 dnae
813 3289 953 3366 affabiles,
975 3289 1008 3350 lit
1022 3290 1246 3356 binominis:
1269 3298 1314 3357 siu
1329 3294 1543 3372 abstrahantur,
1567 3314 1606 3359 ex

260 3386 362 3448 relicto
383 3382 416 3442 tit
438 3387 633 3460 apotome:
655 3379 806 3455 utriunque
827 3394 880 3438 aex
902 3384 970 3438 sunt
991 3382 1104 3457 species
1126 3381 1333 3445 subordinatae
1355 3383 1408 3462 (X.
1433 3384 1484 3444 84.
1508 3379 1582 3465 db).

348 3470 398 3533 Sin
421 3477 519 3531 autem
541 3469 616 3530 tales
639 3464 714 3528 duae
736 3482 834 3527 mesae
856 3475 1074 3545 componantur,
1098 3476 1151 3531 aut
1172 3469 1287 3533 effabile
1309 3472 1466 3533 formantes
1487 3479 1606 3533 rectan-

260 3558 362 3640 gulum
383 3566 436 3620 aut
450 3573 568 3619 meson:
591 3555 665 3617 flunt
679 3556 889 3635 compositione
912 3554 1151 3634 bimedlulee,
1174 3558 1370 3620 abstractione
1386 3577 1481 3623 mosea
1497 3566 1606 3639 apoto·

259 3648 334 3725 mae,
357 3648 419 3708 illic
440 3648 560 3724 priores,
581 3644 630 3706 bic
652 3646 826 3722 posteriores
849 3645 1081 3722 cognominatae.

345 3734 404 3796 Hic
426 3736 603 3812 conjungere
624 3730 775 3794 nonlicet
796 3730 942 3794 eliabIIem
964 3748 1029 3793 cum
1051 3749 1145 3795 mese:
1168 3739 1237 3793 suut
1250 3733 1329 3794 enim
1343 3733 1418 3796 tales
1433 3733 1509 3796 duae
1531 3735 1606 3795 sim·

258 3824 373 3905 pliciter
394 3820 709 3896 incommensurabiles,
732 3819 768 3881 de
791 3836 849 3898 quo
871 3836 977 3899 genere
995 3820 1059 3898 jam
1080 3822 1267 3900 insequenti
1288 3821 1434 3901 agendum
1456 3828 1510 3884 est

345 3909 467 3971 XXIII.
490 3909 727 3987 Propositio.
771 3906 896 3968 Rectam
917 3909 1006 3984 igitur
1026 3908 1115 3988 plane
1135 3911 1211 3971 iuter
1231 3927 1264 3988 se
1285 3908 1604 3973 iucommensnrabiles.

259 4000 304 4060 lix
327 3999 364 4059 iis
387 4014 457 4059 vero
479 3996 596 4075 aliquae
618 3995 704 4074 bigae
727 3996 883 4074 requisitor
912 3995 1031 4057 effectus
1057 4004 1207 4076 praestare
1229 4014 1289 4060 non
1310 4006 1451 4078 possunt,
1482 4003 1516 4058 ut
1536 4005 1607 4059 suut

259 4087 346 4148 binae
369 4101 476 4158 mesae,
499 4086 569 4145 item
592 4100 652 4145 una
672 4100 752 4145 mese
774 4101 841 4144 cum
861 4100 921 4144 nna
943 4083 1061 4147 effabili.

344 4167 411 4224 Illae
428 4167 537 4239 quidem
554 4172 666 4239 propter
686 4165 766 4236 bigae
783 4165 991 4243 ignobilitatem,
1013 4166 1084 4223 istae
1107 4183 1171 4225 vero
1194 4173 1308 4241 propter
1329 4182 1394 4225 suas
1417 4166 1607 4240 discrepantes

258 4255 378 4306 naturas.
411 4245 482 4303 Vide
498 4248 532 4303 X.
550 4247 593 4303 71.
613 4246 670 4303 108.
688 4247 747 4304 109.
766 4246 844 4303 Eucl.
879 4247 963 4304 Nulla
987 4246 1071 4318 igitur
1087 4248 1193 4320 species
1210 4247 1495 4321 compositIonIsbinc
1510 4254 1607 4319 potest

258 4328 372 4400 arcese,
389 4332 547 4396 restantque
564 4325 643 4382 nobis
660 4325 832 4398 ignobiliores
849 4331 963 4398 tautum,
981 4327 1099 4385 exclude
1116 4334 1146 4384 et
1162 4327 1362 4386 occumberet
1378 4326 1470 4384 mesis.

345 4418 465 4481 XXIV.
487 4418 717 4496 Propositio.
754 4418 799 4478 Ex
820 4419 890 4498 biga
912 4437 982 4481 vero
1003 4421 1099 4500 prima
1119 4420 1223 4482 talium
1244 4420 1332 4499 plane
1354 4421 1606 4480 incommensura-

258 4505 373 4584 biltum,
396 4524 437 4568 sc.
460 4522 538 4583 quae
559 4512 628 4565 sunt
649 4507 679 4564 in
700 4507 862 4585 praemissa
881 4505 984 4570 XVII.
1005 4507 1124 4570 scibiles
1146 4507 1240 4587 pedu
1262 4511 1378 4587 quinto,
1402 4504 1606 4585 componendo

258 4593 493 4659 abstrahendove
515 4610 628 4654 rursum
650 4596 780 4655 nascitur
802 4594 941 4674 effabilis3
962 4606 1088 4675 suntque
1110 4597 1275 4659 necessario
1297 4595 1455 4656 binominis
1478 4600 1508 4657 et
1528 4611 1607 4673 apo·

257 4690 346 4760 tome,
361 4681 430 4746 vida
447 4680 489 4742 X.
509 4683 579 4744 112.
599 4682 670 4742 113.
690 4684 761 4742 114.
782 4681 922 4744 EuclidIs.
959 4681 1000 4747 Ut
1013 4685 1038 4746 si
1060 4692 1091 4748 et
1111 4701 1225 4747 summa
1246 4682 1455 4762 quadratorum
1476 4683 1606 4744 binomi-

259 4774 305 4832 nis
328 4779 357 4835 et
380 4777 547 4850 apotomes,
580 4775 609 4830 et
631 4785 784 4832 commune
806 4770 1008 4850 rectnngnlum
1036 4772 1094 4834 illis
1117 4780 1162 4835 est
1184 4768 1315 4848 eliablle,
1346 4777 1461 4851 oportet
1483 4772 1605 4832 uomina

257 4861 377 4939 singula
399 4860 485 4920 unius
506 4857 674 4919 nominibus
695 4857 819 4938 singulis
841 4858 961 4922 alterim
983 4878 1048 4925 esse
1070 4858 1359 4937 commensurabilia,
1388 4857 1468 4943 quod
1489 4874 1548 4923 non
1570 4856 1605 4923 tt

257 4949 287 5010 in
310 4948 444 5013 omuibus
465 4946 662 5010 blnominibua
684 4953 715 5008 et
736 4948 890 5027 apotomis.
