3567 5625
267 431 331 496 888
748 415 898 476 Ptolemaei
915 416 1137 472 lampsicorae

266 601 314 659 illo
333 615 383 657 sno
401 596 525 666 subjecto
543 593 706 664 definiatur,
730 561 822 663 beqae
849 590 1004 660 subjectum
1030 590 1065 645 ab
1092 588 1233 644 trumonis
1250 588 1433 644 essentialiter
1448 565 1621 662 informetur,

267 682 317 738 sed
334 687 441 735 tentum
457 673 668 732 accidentaliter.
703 671 765 742 Ego
783 671 866 740 igitur
882 670 972 739 capite
991 670 1014 722 1.
1032 668 1094 722 libri
1112 668 1165 722 mei
1182 668 1226 721 IV.
1246 667 1360 736 ostendi,
1386 668 1541 724 harmonias
1560 686 1621 727 esse

267 757 466 831 proportiones,
484 754 676 825 proportiones
693 766 757 806 vero
776 749 953 805 casamentis
972 745 1195 816 comparationes,
1215 753 1243 801 et
1261 747 1299 801 sic
1317 762 1365 801 ens
1383 747 1511 802 rationis:
1529 749 1621 819 itaque

154 825 160 846 '
267 837 421 898 harmonias
447 843 478 891 ut
494 832 652 889 harmoniae
669 832 696 886 in
715 830 806 885 anima
822 837 997 897 comparante
1015 828 1119 893 inesse,
1143 827 1182 882 sic
1200 833 1231 880 nt
1249 826 1339 881 anima
1356 824 1464 882 sublata
1482 827 1623 885 harmonia

268 923 371 989 pereat.
406 913 520 970 Ostendi
537 913 665 982 amplius,
694 928 755 967 cum
773 908 915 979 proportio
933 906 969 960 sit
988 906 1015 959 iu
1038 905 1256 974 praedicamento
1275 905 1426 976 relationis,
1455 906 1524 961 duos
1541 908 1624 976 igitur

268 993 372 1064 requiri
386 994 514 1049 terminos
530 994 565 1049 ad
583 991 730 1063 quamlibet
747 988 925 1053 harmoniam,
943 986 989 1054 qui
1008 984 1050 1038 rel
1069 992 1133 1040 sunt
1150 1001 1193 1040 res
1212 985 1334 1054 sensiles,
1353 985 1452 1054 quibus
1470 988 1624 1043 continetur

269 1071 411 1129 hermonis
429 1071 546 1143 sensilis,
564 1069 608 1127 rel
624 1068 764 1135 menttles,
792 1066 892 1135 quibus
910 1062 1103 1119 intellectualis
1121 1071 1149 1117 et
1165 1064 1341 1133 archetypioa
1357 1064 1498 1119 harmonia
1515 1081 1624 1137 reprae-

270 1159 404 1209 sentatur.
440 1150 536 1219 Capite
554 1149 578 1205 2
597 1148 707 1219 respexi
725 1146 810 1214 magis
829 1144 864 1200 ad
882 1159 964 1198 rocas
982 1143 1030 1197 ris
1049 1157 1098 1196 seu
1124 1142 1297 1199 facultas.
1323 1158 1464 1210 enarrans,
1491 1161 1625 1213 quaenam

271 1240 299 1286 et
317 1238 384 1299 quot
402 1229 458 1285 sint
475 1228 621 1285 facultates
639 1227 744 1283 animae
763 1224 862 1295 agendi
879 1223 921 1278 rel
941 1221 1062 1293 patiendi
1080 1221 1228 1277 secundum
1246 1221 1409 1276 harmonias.
1438 1223 1564 1291 Denique
1581 1239 1625 1278 ca·

270 1311 327 1382 pite
346 1312 370 1364 3.
389 1307 524 1378 quaesiti,
551 1307 650 1378 quibas
677 1306 705 1360 in
722 1304 804 1360 rebus
822 1316 969 1372 expressae
987 1298 1043 1354 sint
1058 1299 1142 1354 totius
1160 1299 1279 1354 universi
1297 1299 1455 1355 harmoniae
1473 1315 1523 1357 seu
1540 1318 1625 1372 quan·

270 1389 363 1445 titstes
381 1395 462 1457 aptae
479 1385 514 1441 ad
532 1383 738 1441 constituendos
755 1381 886 1437 terminos
905 1378 1122 1449 propositionum
1140 1378 1364 1435 harmonicorum.

359 1481 508 1550 Postquam
534 1481 617 1551 igitur
641 1480 711 1537 libro
739 1493 799 1534 meo
817 1465 863 1532 it.
881 1476 909 1530 in
937 1476 1011 1532 hunc
1037 1475 1148 1532 modum
1165 1477 1200 1532 ad
1227 1476 1413 1546 quaestionem
1431 1492 1448 1530 a
1464 1475 1625 1532 Ptolemaeo

272 1562 441 1633 propositam
459 1574 493 1614 ex
510 1560 621 1630 propria
638 1559 690 1615 mei
709 1557 790 1614 animi
808 1557 943 1612 sententia
960 1556 1106 1625 respondi,
1135 1556 1258 1612 nimbum
1285 1555 1397 1624 etquid
1420 1554 1456 1610 sit
1474 1563 1626 1625 utrumque,

272 1648 329 1695 tam
346 1639 486 1709 proportio
504 1637 672 1714 harmonica,
700 1652 781 1707 qnam
798 1634 915 1691 facultas
934 1634 1104 1703 harmonica,
1126 1643 1154 1689 et
1171 1650 1304 1704 quaenam
1322 1649 1366 1688 res
1385 1647 1446 1688 esse
1463 1634 1571 1703 possint
1589 1634 1626 1688 al·

273 1718 404 1774 terutrius
422 1716 582 1786 participes:
607 1714 663 1784 jam
680 1715 762 1771 etiem
779 1712 930 1769 Ptolemaei
956 1712 1139 1768 resolutiones
1157 1712 1339 1775 ‘examinabm
1365 1711 1392 1766 in
1416 1711 1515 1781 quibas
1533 1712 1627 1781 aliqua

273 1799 447 1854 inveniuntur
464 1795 531 1851 meis
549 1794 771 1864 responsionibus
795 1799 991 1862 consentanea,
1009 1807 1063 1845 non
1082 1807 1169 1861 pauca
1186 1792 1220 1848 ab
1238 1791 1272 1847 iis
1290 1791 1409 1859 diversa,
1428 1805 1499 1859 quae
1516 1790 1561 1845 rel
1580 1807 1627 1846 ex·

275 1877 423 1947 plicatione
439 1873 483 1928 rel
501 1873 669 1928 correctione
686 1873 816 1942 indigent,
835 1870 879 1926 rel
897 1871 986 1936 etiam,
1005 1878 1036 1924 ut
1054 1870 1159 1924 veritati
1172 1870 1351 1936 adversantia,
1370 1868 1497 1939 redargui
1516 1869 1627 1926 debent.

361 1971 435 2026 Nota
451 1969 485 2023 11.
520 1967 599 2037 Quod
618 1969 670 2022 vim
689 1969 786 2023 attinet
804 1965 1012 2033 vocabulorum,
1031 1982 1083 2022 ror
1101 1975 1224 2022 natura
1241 1966 1438 2022 harmonica
1456 1981 1506 2021 seu
1524 1965 1629 2022 iacul-

277 2057 331 2105 tas
357 2046 564 2103 harmonica
581 2047 667 2117 magis
685 2046 799 2101 inclinat
816 2044 850 2099 ed
869 2044 1034 2110 efficientem
1061 2044 1274 2114 harmoniarum,
1303 2054 1330 2102 et
1347 2062 1400 2101 nox
1416 2068 1446 2100 ro
1464 2046 1630 2115 ἢρμοσμιτω

276 2127 363 2198 magis
380 2126 416 2181 ad
434 2125 585 2195 subjectam
602 2126 766 2181 harmonicis
783 2124 1005 2195 proportionibus
1024 2131 1189 2179 exornatum.
1208 2124 1329 2196 Utraque
1347 2141 1420 2196 tero,
1437 2131 1494 2180 tam
1512 2123 1631 2179 facultas

259 2204 433 2260 ¹hannoniae
460 2219 540 2272 quam
568 2203 720 2272 subiectum
751 2203 861 2272 aliquod
885 2203 1041 2257 harmonice
1060 2211 1308 2273 contemperatum,
1335 2203 1416 2273 plura
1433 2201 1631 2273 complectitur,

279 2301 360 2356 qnam
376 2298 465 2340 meras
483 2282 652 2350 harmonias,
671 2282 776 2339 scilicet
793 2282 873 2336 etiam
892 2281 946 2335 alia
964 2281 1107 2335 intervalla
1124 2281 1158 2336 ab
1177 2282 1325 2336 harmoniis
1344 2281 1540 2350 dependentia,
1558 2295 1631 2350 quae

278 2361 437 2435 grandiori
455 2377 520 2416 soce
538 2363 705 2418 concinna
722 2362 857 2418 dicunmr.
883 2362 944 2416 Hoc
960 2359 1042 2428 igitur
1061 2359 1126 2415 dicit
1143 2358 1327 2422 Ptolemaeus.
1345 2361 1436 2414 omnta
1453 2376 1506 2414 non
1525 2365 1632 2413 uatum

278 2459 406 2513 consone,
425 2440 473 2497 sed
492 2442 574 2496 edam
592 2441 731 2509 concinna,
750 2440 850 2510 quibus
868 2446 977 2495 constat
994 2439 1114 2493 musicus
1133 2447 1237 2507 cantus,
1256 2439 1358 2493 habere
1377 2455 1442 2494 suas
1460 2445 1550 2494 certes
1567 2455 1632 2508 pro·

279 2521 432 2594 portiones:
459 2528 543 2589 atque
561 2518 588 2573 id
606 2535 661 2573 non
679 2527 786 2575 tantum
802 2529 897 2589 patere
915 2534 950 2574 ex
969 2517 1199 2573 demonstratione
1217 2517 1334 2573 deducta
1362 2533 1396 2571 ex
1413 2517 1632 2587 praesuppositis

278 2599 472 2674 probabilibus,
490 2598 539 2655 sed
557 2598 639 2654 etiam
656 2614 691 2654 ex
708 2598 829 2654 secdone
841 2597 972 2655 canomca
983 2612 1033 2651 seu
1050 2598 1169 2666 regulari
1185 2595 1362 2654 monochordi
1380 2603 1408 2651 et
1425 2596 1463 2650 sic
1482 2611 1516 2651 ex
1529 2596 1633 2653 auditu

279 2685 308 2740 si
327 2684 399 2739 enim
417 2680 519 2737 chorda
536 2679 619 2734 inerit
635 2687 711 2748 sxta
728 2680 799 2736 aiom
817 2679 875 2735 rnlt
892 2678 1104 2746 demonstratio,
1132 2683 1197 2733 tuuc
1213 2683 1305 2747 partes
1323 2674 1442 2732 chordae
1459 2681 1552 2730 sectae
1570 2689 1634 2729 con·

279 2776 386 2831 sonare,
400 2759 493 2829 judice
511 2757 615 2815 auditu.

367 2857 442 2912 Nota
459 2857 508 2911 Ill.
544 2854 747 2910 Probabilis
773 2855 955 2925 supposita
981 2852 1047 2909 dicit
1069 2851 1133 2918 illa,
1160 2853 1233 2921 quod
1251 2855 1380 2913 msumsit
1396 2855 1424 2912 in
1448 2853 1535 2925 primo
1553 2851 1632 2917 libro,

280 2936 343 2991 illos
361 2934 478 2990 chordas
496 2950 655 3005 consonare,
674 2951 744 3005 quae
756 2934 969 2991 determinentur
979 2933 1107 2998 numeria
1127 2938 1156 2986 et
1166 2933 1258 3001 primis
1271 2934 1414 3004 speciebus
1427 2933 1634 3003 propom'onnm

281 3012 477 3075 numeralium,
495 3012 600 3068 scilicet
615 3013 777 3082 multiplici,
794 3013 1037 3083 superparticulari
1055 3019 1083 3067 et
1101 3014 1324 3081 superpartiente.
1360 3014 1398 3067 nt
1415 3026 1466 3079 ego
1484 3011 1553 3066 haec
1571 3026 1634 3080 snp-

281 3092 373 3164 posita
388 3090 505 3148 refutari
522 3090 591 3148 libro
609 3091 662 3145 mci
680 3092 770 3160 operis
788 3090 879 3158 tertio,
897 3099 926 3146 et
944 3097 1040 3146 contra
1057 3092 1157 3161 protuli
1176 3091 1229 3145 alia
1247 3091 1389 3162 supposita
1405 3088 1564 3160 probabilia,
1583 3090 1633 3144 sci·

282 3171 348 3226 licet
363 3169 424 3225 illas
442 3169 570 3240 chordas,
598 3182 668 3239 quae
687 3184 717 3223 se
735 3167 837 3224 hebent
853 3176 885 3224 ut
902 3177 996 3239 partes
1013 3170 1121 3237 circuli,
1139 3185 1188 3239 per
1204 3170 1319 3240 figuram
1338 3166 1578 3224 demonstrabilem
1597 3167 1638 3222 di·

282 3249 340 3305 risi.
375 3248 452 3318 Quae
469 3249 551 3317 igitur
576 3248 621 3304 hic
638 3249 812 3304 Ptolemaeus
830 3248 864 3303 de
891 3247 1056 3305 sectionibus
1083 3250 1139 3304 suis
1166 3250 1303 3305 canonicis
1330 3246 1485 3318 semiplenis
1510 3246 1636 3314 affirmat,

284 3326 379 3382 eedem
407 3342 458 3395 ego
476 3334 505 3382 st
522 3325 607 3382 multo
625 3329 726 3382 rectius
744 3327 778 3382 de
796 3341 857 3383 msa
874 3325 1021 3398 septuplici
1039 3328 1159 3383 sectione
1181 3342 1293 3397 possum
1311 3327 1461 3395 affirmare,
1488 3324 1553 3394 quia
1571 3323 1635 3378 mibi

283 3402 413 3460 instantia
430 3404 506 3459 nussa
522 3411 615 3476 potest
631 3404 732 3462 afferri.

371 3514 560 3593 Consequens
585 3524 629 3578 est
651 3526 758 3592 autem,
782 3525 814 3578 ut
833 3518 941 3594 siquis
964 3517 1020 3576 ista
1043 3517 1270 3578 consideraverit
1291 3526 1413 3591 attente,
1437 3518 1536 3578 statim
1561 3516 1586 3574 is
1607 3517 1636 3572 in

288 3602 511 3664 admirationem
532 3605 618 3667 luerit
640 3614 755 3684 raptus,
789 3608 815 3664 si
838 3606 1013 3682 cujusquam
1036 3623 1072 3664 ex
1094 3606 1181 3665 rebus
1205 3606 1420 3682 pulcherrimis,
1452 3612 1529 3664 certe
1553 3620 1635 3662 cum·

287 3693 388 3768 primis
411 3693 500 3752 etiam
522 3692 610 3768 hujus
633 3693 818 3754 harmonicae
840 3693 1005 3753 facultatis:
1029 3695 1137 3771 quippe
1152 3711 1240 3769 quam
1264 3692 1454 3770 deprehendit
1476 3692 1565 3766 louge
1587 3708 1636 3749 ra·

284 3779 508 3839 tionallssimam
530 3776 592 3861 lv),
627 3783 824 3841 invenientem
852 3791 881 3840 et
896 3784 1130 3841 constituentem
1162 3784 1323 3858 specierum
1344 3783 1527 3859 propriarum
1551 3777 1635 3839 dida-

283 3870 396 3926 rentias
429 3885 518 3943 qnam
550 3865 829 3948 accuratissimellz
862 3885 921 3944 quo
944 3867 1110 3941 intellecto,
1140 3867 1232 3927 veluti
1263 3867 1355 3927 drrrm
1379 3884 1515 3928 incensus
1538 3881 1636 3925 amore

283 3957 466 4032 concupiscit
486 3946 593 4015 iirtueri
615 3964 644 4016 st
666 3955 790 4016 lustrare
812 3973 906 4035 genes
928 3955 1001 4015 illud
1023 3973 1127 4029 rerum,
1150 3957 1205 4015 sub
1235 3955 1312 4032 quod
1335 3957 1459 4016 facultas
1481 3957 1539 4014 ists
1561 3953 1636 4013 reie-

285 4051 374 4117 ratur,
398 4049 428 4102 et
449 4060 518 4102 num
534 4059 595 4120 qua
608 4045 668 4102 siut
689 4042 749 4104 alia
771 4045 801 4102 in
823 4043 880 4104 boc
896 4045 1094 4104 universitatis
1110 4044 1221 4103 ambitu
1242 4047 1400 4121 cogruitioni
1424 4050 1541 4103 nostras
1564 4041 1635 4101 sub-

283 4129 380 4205 iecta,
404 4131 511 4206 quibus
533 4130 585 4190 illa
607 4147 740 4191 connexa
761 4132 800 4191 sit
822 4139 912 4208 atque
935 4140 1061 4209 cognata
1084 4128 1137 4212 Vl).

372 4249 446 4304 Nota
462 4249 510 4303 1v.
546 4249 763 4305 Facultatem
789 4248 1026 4307 harmonicam
1045 4250 1084 4305 ait
1110 4248 1432 4305 rationalissirnem.
1475 4244 1528 4300 Hic
1556 4241 1635 4298 mani·

285 4325 357 4382 ieste
374 4327 498 4396 disputat
515 4325 550 4382 de
567 4326 698 4383 facultate
716 4327 830 4397 animae,
848 4337 879 4384 ut
898 4330 942 4385 cui
954 4331 1094 4399 rationem,
1113 4330 1293 4383 inventionem
1312 4324 1572 4395 dispositionemque
1590 4336 1635 4375 seu

286 4405 507 4462 constitutionem
524 4405 626 4463 tribuit
664 4409 709 4464 Sic
725 4418 816 4464 tamen
834 4424 865 4463 se
882 4415 1039 4478 comparat,
1065 4425 1097 4463 ac
1116 4410 1138 4463 si
1156 4408 1313 4478 loqueretur
1330 4406 1364 4459 de
1381 4420 1411 4459 rc
1429 4403 1521 4473 aliqua
1538 4418 1590 4471 per
1607 4416 1634 4453 se

287 4486 461 4554 subsistente,
479 4486 593 4542 rationis
604 4496 738 4559 compote,
755 4503 890 4557 suspensa
905 4487 961 4556 jam
973 4487 1021 4541 illa
1032 4488 1199 4556 quaestione,
1217 4484 1289 4538 sitne
1299 4483 1348 4538 illa
1364 4482 1436 4538 idem
1447 4480 1522 4551 quod
1540 4481 1634 4545 anima,

287 4580 322 4619 au
341 4563 415 4620 aliud
433 4563 535 4634 aliquid
553 4572 663 4634 praeter
679 4567 796 4621 enimam
823 4572 851 4620 et
868 4567 974 4621 ratione
991 4581 1048 4619 rem
1066 4568 1101 4621 ab
1120 4581 1153 4620 aa
1170 4562 1333 4618 disunctam.
1368 4561 1407 4616 Et
1422 4575 1473 4616 nos
1490 4575 1551 4629 cap.
1569 4560 1592 4614 2
1609 4563 1635 4610 et

216 4642 222 4663 ¹
287 4643 313 4700 t.
331 4641 396 4701 libri
412 4643 459 4698 IV.
478 4649 507 4698 et
523 4641 552 4699 in
578 4644 686 4713 epilogo
703 4644 765 4700 libri
782 4645 815 4700 V.
834 4643 969 4712 diximus,
995 4642 1068 4699 illam
1086 4659 1148 4698 esse
1176 4650 1203 4697 et
1221 4641 1295 4710 ipsas
1313 4638 1416 4694 animas
1433 4639 1585 4704 hmanas,
1610 4640 1635 4687 et

287 4723 404 4777 minam
420 4720 500 4778 tham
517 4730 627 4792 praeter
643 4722 794 4792 humanas,
820 4722 960 4778 sublunari
977 4722 1077 4778 mundo
1104 4722 1269 4791 praefectam
1287 4725 1317 4773 et
1333 4716 1449 4773 animam
1467 4716 1520 4772 toti
1537 4712 1633 4770 mando

287 4802 462 4935 pastoriam,
480 4802 559 4874 cajus
575 4803 604 4859 in
623 4802 687 4859 Sole
703 4804 792 4874 sedes,
810 4808 842 4859 at
858 4800 1052 4859 cathenense
1069 4803 1174 4861 animae
1191 4803 1220 4859 in
1237 4797 1327 4870 corde,
1345 4804 1374 4853 et
1390 4795 1509 4867 denique
1525 4795 1633 4851 Deun

306 4895 420 4951 psam.
