3567 5625
280 431 323 495 to
556 424 591 512 ζ
656 424 1235 500 uroomucmmrchsnma

382 605 417 668 In
439 604 665 668 treberorum
686 608 771 687 ponis
792 604 972 689 iusperpppa,
1003 614 1062 670 tues
1090 609 1217 690 parieles
1244 625 1303 671 une
1328 606 1427 672 toute
1454 607 1619 672 deelheudi.

279 693 452 756 laudabilis
474 702 503 757 et
524 693 745 775 philosophicus
765 696 853 776 plane
875 704 997 758 conatus
1019 715 1056 759 ex
1076 700 1177 777 paucis
1199 699 1346 777 principiis
1368 697 1461 760 muita
1476 696 1620 778 probandi

279 779 455 862 Platoniquc
482 784 608 845 maxime
635 783 783 863 probatus.
827 783 887 846 Sed
914 784 1010 850 deficit
1038 786 1064 845 is
1095 788 1125 845 in
1154 788 1247 849 tertio.
1291 786 1400 847 Verum
1427 785 1545 864 quidem
1567 793 1620 862 est,

280 874 495 950 apogaeitatem
523 878 552 932 et
580 872 757 933 momeliam
784 869 866 933 iliam
894 873 994 934 Lunae
1023 873 1061 934 ab
1092 872 1195 934 eodem
1222 872 1348 953 peudem
1377 876 1536 954 principio:
1568 871 1620 936 sed

281 959 409 1021 doratio
430 961 491 1040 poli
512 975 571 1019 uon
592 960 650 1022 huo
671 959 805 1038 queust
853 960 900 1020 ibi
922 963 1000 1021 eninr
1021 977 1079 1020 nou
1102 959 1279 1041 disputetur,
1311 979 1399 1039 quam
1420 979 1510 1042 prope
1531 962 1621 1023 lcrra

280 1047 402 1109 accedat
422 1048 461 1108 ad
480 1050 707 1127 septentrionem
734 1046 780 1131 (ut
800 1056 832 1109 tu
855 1051 901 1109 ris
922 1047 1076 1129 perpendi,
1099 1050 1129 1108 iu
1150 1045 1191 1131 Θ
1217 1058 1327 1128 quanto
1356 1053 1395 1111 sit
1416 1053 1532 1130 propior
1552 1050 1621 1128 polo

281 1153 370 1213 quam
390 1139 420 1195 iu
446 1135 529 1214 ὲ),
562 1136 614 1197 sed
643 1143 784 1214 quantum
811 1136 965 1197 inclinetur
985 1135 1098 1197 medius
1119 1136 1226 1199 Terrae
1249 1137 1372 1199 circulus
1397 1137 1437 1198 ad
1458 1138 1620 1199 zodiacum

280 1223 413 1284 Summas
436 1223 571 1302 quaestio
594 1231 639 1286 cst
659 1223 864 1302 geographica,
885 1235 950 1285 nou
968 1226 1177 1300 astronomica,
1199 1233 1340 1301 quantum
1361 1225 1503 1287 hacteuus
1524 1237 1621 1286 estro·

279 1314 379 1373 numia
398 1313 615 1389 ‚quaestionum
646 1320 692 1372 est
722 1311 865 1390 amplexa.
916 1310 1037 1373 Nullum
1068 1314 1146 1373 enim
1172 1314 1257 1373 iniert
1286 1316 1462 1393 apperentiis
1487 1316 1562 1392 ipsis
1591 1316 1622 1372 iu

277 1399 362 1460 ¹coeio
384 1402 557 1461 varietatem
578 1402 701 1460 mutatio
723 1398 813 1475 coeli,
844 1397 898 1460 sed
920 1398 1027 1460 Terras
1056 1401 1155 1480 potius
1180 1399 1339 1462 secundum
1360 1400 1491 1463 diverses
1513 1408 1621 1480 perles,

280 1504 357 1566 quae
378 1504 484 1549 noman
506 1488 615 1548 hahent
636 1487 821 1562 historicum,
854 1494 887 1548 ut
908 1486 991 1562 Asia,
1014 1486 1155 1563 Graecia,
1184 1486 1315 1550 Rhodus.
1358 1488 1443 1549 Alias
1471 1496 1621 1567 utcunque

279 1582 406 1636 mutetur
427 1575 522 1655 polus,
544 1593 658 1654 semper
679 1573 782 1636 eedem
803 1592 922 1636 numero
937 1582 1056 1637 manem
1068 1575 1195 1648 climata,
1218 1578 1351 1654 quemvis
1364 1594 1423 1637 uou
1437 1593 1489 1656 per
1503 1577 1622 1638 easdem

280 1664 368 1725 urbes
399 1664 587 1725 transeuntia.
638 1661 713 1724 Vale
740 1664 785 1723 vir
810 1661 967 1742 Magnifice
993 1670 1024 1724 et
1049 1663 1230 1739 doctissime,
1260 1673 1290 1726 et
1318 1665 1375 1726 hoc
1402 1662 1544 1743 quidquid
1566 1673 1623 1738 eet,

280 1750 352 1812 boui
372 1751 501 1814 consule.
548 1753 598 1813 ll.
619 1750 700 1832 Sept.
722 1766 799 1813 euno
823 1753 873 1814 aa.
925 1749 1026 1831 liupo.
1049 1751 1131 1814 'luae
1153 1750 1348 1813 deditissimus
1378 1817 1382 1828 ,

1193 1837 1236 1900 ll.
1258 1839 1291 1902 J·
1313 1837 1435 1917 Ketion

1054 1924 1326 2007 supercommune
1346 1927 1579 1989 Mathematicus.

381 2044 512 2111 Epistulae
533 2046 658 2098 Herrrerti
682 2047 756 2097 detes
779 2045 820 2101 17.
838 2045 909 2111 Sept.
932 2053 958 2099 et
978 2046 1022 2102 it
1039 2049 1101 2100 Dec.
1120 2046 1188 2103 ttae
1208 2050 1302 2113 (comp.
1320 2051 1353 2102 11.
1374 2047 1438 2112 811)
1464 2051 1623 2113 preemleeem

281 2117 384 2180 Kepieri
401 2116 533 2181 epistolem
549 2119 650 2168 elleutio
667 2122 807 2184 trenseunt,
825 2132 904 2182 peuce
920 2117 1052 2170 relerentes
1069 2118 1100 2169 de
1117 2118 1244 2181 Trehouis
1260 2121 1345 2171 Luuee
1362 2121 1456 2171 theorie
1481 2120 1552 2186 („ich
1570 2134 1622 2170 ree·

281 2188 336 2239 hoii
351 2189 377 2237 in
395 2189 496 2239 lumem
512 2188 655 2251 derorregeu
673 2191 747 2240 einen
762 2187 913 2251 gedruckten
925 2190 1025 2239 Tractat
1042 2204 1074 2240 su
1091 2190 1245 2258 helommeu,
1263 2205 1290 2241 so
1302 2192 1343 2242 ich
1356 2191 1411 2241 dem
1423 2190 1506 2241 Herm
1518 2191 1622 2241 eisduuu

281 2259 344 2307 euch
367 2259 559 2308 communlclreu
576 2256 667 2322 rtiii“)
691 2265 717 2309 et
734 2259 765 2309 de
783 2258 908 2320 uycnonrs
925 2274 993 2309 more
1011 2261 1037 2309 in
1064 2260 1183 2310 bohemie
1204 2256 1259 2327 (,,Α
1277 2262 1308 2313 D.
1327 2261 1443 2323 'lychone
1461 2261 1540 2310 Brehe
1558 2260 1622 2310 nihil

281 2330 388 2391 emplius
406 2330 533 2379 literarum
556 2331 653 2396 accepi,
679 2331 743 2379 retio
761 2334 811 2391 est,
838 2331 898 2390 quie
919 2331 951 2379 ob
974 2331 1162 2381 inceleseentem
1186 2337 1281 2393 pestem
1305 2332 1482 2382 discedendum
1501 2333 1525 2381 ei
1542 2321 1623 2379 fult'e

281 2399 394 2448 Venitils
412 2400 552 2461 [itenetiue]
569 2400 622 2449 iilis
634 2400 782 2462 Bohemicis,
799 2400 835 2449 ite
852 2401 919 2449 euim
936 2406 1039 2450 uocetur
1056 2402 1135 2464 loeus,
1154 2415 1228 2463 quem
1244 2402 1379 2466 imperetur
1395 2403 1420 2451 ei
1431 2415 1477 2465 pro
1488 2402 1623 2451 reeideutle

281 2467 462 2535 deputareret).
498 2470 620 2533 liepierur
643 2485 701 2520 reru
723 2469 789 2520 redit
811 2470 844 2519 ed
861 2468 1058 2532 ,‚Hermoniem“
1080 2485 1150 2521 suem
1172 2474 1199 2522 iu
1222 2472 1301 2523 literis
1323 2472 1389 2523 dd
1412 2470 1455 2525 tt
1473 2472 1533 2523 Dec.
1554 2467 1622 2525 1509

281 2538 374 2676 phelli,
400 2541 544 2678 porppprisels
561 2541 647 2604 peucls
666 2540 697 2591 de
713 2541 785 2591 libris
801 2541 833 2590 eb
852 2540 981 2592 Honeste
999 2543 1050 2606 ipsi
1070 2543 1126 2593 loco
1143 2542 1267 2605 'lycheuir
1290 2543 1449 2610 epistolarum
1470 2541 1620 2593 transmissis

295 2609 339 2662 eir.
357 2609 390 2662 11.
478 2627 484 2659 :

388 2699 452 2777 Ego
481 2702 537 2761 etsi
563 2700 621 2763 hoc
655 2697 901 2778 periculosissimo
928 2706 1006 2761 statu
1035 2699 1122 2763 uelde
1152 2700 1318 2778 perturbor,
1351 2699 1493 2763 edomari
1521 2707 1621 2762 tamen

276 2786 341 2867 jam
361 2786 532 2849 methodum
554 2794 583 2850 et
604 2788 698 2870 prima
718 2786 894 2849 lineamenta
914 2787 1016 2863 libelli,
1040 2791 1087 2850 cui
1109 2788 1225 2849 titulum
1246 2788 1352 2850 lacum
1375 2789 1431 2869 ,de
1444 2787 1621 2851 Harmonice
1737 2783 1744 2792 “

279 2874 400 2936 mundl“
426 2875 590 2937 dissertatio
614 2875 860 2955 cosmographiae
910 2875 1031 2949 Libeiil,
1053 2894 1105 2938 seu
1128 2880 1225 2956 capita
1247 2885 1331 2938 emnt
1352 2882 1494 2956 quinque:
1530 2877 1561 2956 l)
1584 2875 1620 2939 de

280 2963 380 3041 figuris
403 2963 686 3040 demonstrabilibus,
710 2965 912 3041 geometricus.
946 2965 981 3041 2)
1005 2965 1050 3025 De
1062 2965 1223 3026 rationibus
1238 2964 1340 3026 solidis
1354 3000 1397 3011 —
1412 2965 1620 3028 arithmeticus.

281 3052 316 3129 d)
338 3052 385 3112 De
407 3053 504 3113 causis
525 3051 741 3112 harmoniamm
763 3087 804 3097 -
826 3054 966 3111 musicus.
1018 3053 1053 3129 4)
1082 3052 1128 3113 De
1150 3055 1247 3113 causis
1264 3061 1438 3133 aspectuum
1461 3086 1499 3099 -
1523 3059 1620 3114 estro·

280 3138 404 3217 iogicus.
440 3138 471 3216 h)
494 3139 540 3199 De
556 3143 652 3201 causis
666 3149 797 3200 motuum
810 3138 1023 3219 periodicorum
1038 3142 1311 3202 -astronomicua
1343 3141 1448 3221 Itaque
1462 3142 1621 3203 etiamnum

280 3245 386 3290 moneo
410 3225 446 3288 de
468 3225 630 3289 Ptolemaei
654 3226 784 3302 Musiris,
807 3245 845 3288 au
868 3228 904 3286 iis
922 3226 1023 3303 J‘urari
1045 3230 1165 3306 possim.

383 3313 470 3375 Mitto
493 3315 540 3376 hic
562 3324 592 3377 et
612 3315 846 3393 Prognosticum,
868 3313 952 3391 cujus
974 3316 1183 3394 praelationem
1203 3314 1285 3393 leges
1307 3323 1337 3379 et
1358 3317 1515 3379 censebis.⁴

384 3401 460 3464 Vale
482 3403 536 3463 Vir
557 3403 713 3481 Magnifice
734 3420 839 3482 meque
860 3402 915 3463 tibi
942 3402 1175 3464 commendatum
1201 3401 1288 3466 habe.
1330 3403 1431 3483 liugn.
1455 3410 1485 3467 ct
1505 3402 1621 3464 Nobili-

199 3528 204 3539 ·
280 3490 350 3553 tatis
372 3496 441 3552 tuae
463 3489 661 3553 deditissimus
1213 3488 1257 3552 ll.
1279 3490 1397 3553 Jouues.
1420 3491 1578 3570 Keplerue.

384 3628 425 3678 tto
446 3627 584 3679 Ptolemaei
608 3625 773 3697 „musicem“,
796 3644 810 3680 e
832 3641 881 3691 que
903 3630 1039 3694 plurimum
1058 3629 1148 3680 euxilli
1171 3627 1304 3691 petendum
1327 3629 1377 3678 eibi
1394 3642 1448 3678 esse
1464 3626 1624 3691 exspectebet

280 3699 313 3750 ed
330 3699 506 3763 perllcleudem
523 3714 594 3750 suem
610 3700 692 3763 ipsius
709 3699 878 3767 Hermouiem,
897 3701 962 3751 redit
972 3701 1095 3765 Kepierus
1110 3701 1137 3748 iu
1148 3698 1228 3748 ilterie
1239 3698 1271 3746 ed
1283 3697 1439 3749 Hervertum
1451 3699 1516 3749 datis
1528 3698 1624 3749 Greetil

281 3769 306 3821 d.
324 3766 366 3822 12.
385 3769 450 3820 Julil
469 3767 547 3833 1600,
565 3784 626 3832 ques
644 3771 802 3820 exhibuimus
819 3771 869 3819 voi.
889 3772 934 3823 ΠΙ.
952 3785 977 3834 p.
996 3767 1030 3823 23
1048 3785 1094 3837 se,
1118 3770 1164 3819 ubi
1180 3768 1269 3819 itidem
1286 3767 1360 3818 refert
1377 3770 1496 3832 quaedem
1515 3769 1546 3817 de
1564 3769 1626 3818 her·

280 3841 373 3890 montis
390 3840 454 3904 suls,
477 3853 539 3902 ques
563 3846 619 3890 tum
635 3841 753 3903 temporie
771 3840 849 3901 megls
868 3841 951 3890 euimo
969 3841 1082 3907 rembet
1099 3852 1173 3901 quem
1191 3839 1311 3889 meoriem
1327 3838 1426 3889 Martis.
1458 3840 1561 3888 Librum
1578 3838 1622 3889 (liu

280 3909 371 3959 frustm
383 3913 522 3972 quaesitum
533 3916 649 3961 mutuum
660 3910 764 3977 sucepit,
772 3925 786 3959 s
793 3907 945 3960 bibliothece
952 3909 1121 3960 lleuechlensl
1131 3909 1269 3959 desumtum
1282 3910 1313 3958 eb
1323 3910 1449 3960 ilerrrerto
1458 3907 1560 3975 turm.
1570 3905 1623 3975 28).

281 3978 351 4031 Hinc
367 3995 412 4045 per
428 3977 525 4043 aliquot
540 3994 618 4032 eunos
637 3986 771 4044 occupetur
787 3979 879 4030 studiis
896 3995 961 4030 mere
978 3981 1150 4031 estruuomicte
1167 3981 1251 4041 omisit
1268 3980 1388 4042 iieplerue
1407 3980 1572 4045 hermonien,
1590 3979 1624 4028 ed

283 4063 358 4111 quem
375 4065 440 4102 euuo
459 4050 558 4101 demum
577 4048 644 4106 1607
661 4051 749 4118 rediit,
767 4056 849 4101 motus
867 4048 906 4100 iris
923 4050 1048 4101 Hereerti
1065 4050 1161 4099 verbis:
1186 4050 1245 4115 „dle
1262 4050 1411 4101 Harmonice
1427 4051 1577 4116 Ptolemaei,
1595 4063 1623 4098 so

282 4120 414 4172 ietelulsch
437 4135 578 4183 suspeugeu
601 4116 662 4183 tsyn
690 4121 782 4186 sullen,
807 4121 855 4170 heb
879 4122 921 4171 ich
943 4123 982 4169 ult
1003 4123 1149 4171 belommen
1171 4120 1280 4174 leucen.
1324 4121 1392 4170 Wolt
1409 4123 1445 4172 sle
1462 4134 1522 4182 gem
1539 4120 1622 4187 tehen,

281 4193 358 4241 eerrie
375 4192 437 4241 euch
456 4189 665 4242 Commenterium
675 4191 814 4254 Porphyrii
843 4192 891 4240 Am
903 4192 1011 4241 llebsten
1021 4193 1080 4241 eber
1092 4191 1135 4240 het
1152 4191 1192 4240 ich
1209 4205 1269 4251 gem
1280 4191 1459 4241 wissenschelt
1476 4204 1524 4240 reu
1542 4190 1624 4238 eluem

281 4262 398 4324 euthore,
425 4262 468 4312 der
485 4276 512 4311 ee
529 4250 686 4313 lemilleriter
702 4266 727 4310 et
743 4250 884 4312 methodius
902 4267 977 4324 etque
994 4263 1123 4326 perspicue
1141 4261 1262 4330 trectirst,
1288 4261 1320 4310 de
1345 4261 1444 4312 eudemi
1468 4259 1624 4322 dergieleheu

282 4329 461 4395 megeupeul‘
504 4333 628 4397 Kepierus
650 4332 683 4383 ed
705 4333 841 4394 merglusm
863 4332 938 4394 huius
959 4334 1078 4396 epietoiee
1103 4329 1374 4398 (oleumcum)
1397 4333 1458 4382 hese
1479 4330 1624 4393 edecdpelt:

282 4408 325 4465 'lu
342 4408 401 4481 ipse
418 4406 484 4465 mihi
500 4407 585 4465 latine
595 4406 744 4465 Ptolemaei
754 4406 919 4464 Harmonice
936 4421 971 4463 ex
988 4405 1153 4463 bibliothece
1163 4407 1294 4464 Murice
1310 4405 1490 4465 transmisisti.
1519 4401 1625 4462 Multus

283 4493 327 4544 eet
337 4486 366 4542 iu
377 4485 551 4544 uiuentium
568 4500 697 4559 generum
710 4485 875 4559 mmmatioi,
893 4485 1030 4557 diatonici,
1047 4484 1216 4543 enharmonii
1226 4487 1308 4559 tuque
1320 4486 1479 4544 diluendis
1491 4494 1625 4553 tonorum,

282 4573 392 4639 utputo
406 4573 447 4624 ts.
478 4566 651 4639 Scripserunt
667 4566 702 4623 de
719 4563 872 4623 Harmouiis
889 4565 949 4622 Jec.
961 4565 1051 4623 Faber
1068 4565 1237 4639 stapulensis
1254 4574 1282 4622 et
1292 4566 1448 4623 lomeudm
1465 4575 1493 4624 et
1504 4565 1625 4624 Boethus

282 4644 381 4718 ehqna
416 4646 518 4702 Nostra
534 4652 624 4703 astute
642 4645 671 4703 S.
690 4645 834 4718 0111111111,
852 4651 950 4704 cautor
965 4645 1128 4718 Lipsiensis,
1146 4646 1231 4705 itsiue
1247 4645 1345 4717 uliquis
1362 4646 1391 4702 iu
1409 4645 1529 4719 dialogis

386 4737 417 4788 lu
433 4740 596 4802 responsione
612 4735 722 4803 Keplerl,
740 4740 811 4802 cauus
828 4742 924 4801 perteus
940 4739 1116 4808 proposuimus
1132 4739 1181 4795 roi.
1195 4738 1242 4792 ΙΙΙ.
1258 4750 1285 4802 p.
1298 4733 1358 4806 lot,
1375 4737 1436 4790 heec
1451 4736 1578 4802 munius:

248 4876 252 4883 ,
386 4825 433 4896 Dc
460 4825 645 4889 Hermouieis
663 4824 759 4889 ualde
787 4825 875 4888 miror
904 4824 1004 4888 literas
1032 4824 1132 4906 blepn.
1154 4824 1237 4888 'lues
1265 4830 1296 4888 et
1324 4827 1424 4890 nescio
1452 4826 1525 4906 quid
1551 4825 1625 4888 mihi

283 4911 419 4979 videetm
432 4914 652 4995 conjiciendum,
674 4912 753 4996 quod
767 4916 825 4993 eir,
840 4913 885 4981 cl
899 4913 1064 4981 Ptolemaei
1075 4913 1254 4981 Hmmouice
1273 4932 1422 4996 uunquam
1443 4921 1473 4981 te
1487 4915 1624 4980 vuerroisci
