3567 5625
533 421 1105 496 ,Harmouisislibsrllicaputl
1378 509 1380 512 Ι
1461 435 1524 497 135
1623 461 1627 467 -

249 600 452 663 Definitio.
497 600 615 664 chorda
643 601 692 663 liic
718 601 837 662 sumitur
863 617 923 661 nou
951 618 1005 680 pro
1034 603 1174 665 subtsusa
1196 604 1278 666 arcui
1300 604 1414 682 ciculi,
1439 614 1474 669 ut
1494 609 1525 669 iu

163 691 341 770 geometria,
368 690 421 751 sed
443 707 496 770 pro
519 692 598 750 omui
620 689 815 767 longitudine,
845 706 921 765 quac
949 697 1019 769 apta
1050 698 1095 753 est
1122 691 1160 752 ad
1183 709 1286 752 souum
1308 693 1467 772 edendum3
1496 702 1526 756 et

163 780 232 856 qnia
253 795 342 838 sonus
364 796 416 855 per
436 785 549 838 motum
570 777 696 852 elicitur,
729 779 759 836 in
781 777 930 838 abstracto
959 776 1070 838 chorda
1091 777 1282 855 intelligenda
1304 789 1349 843 est
1371 781 1407 843 de
1428 782 1525 859 longl-

164 866 263 927 tudiue
291 872 388 926 motus
417 867 628 944 cujuscunque,
657 864 706 926 rel
735 863 771 925 de
794 882 963 943 quacunque
993 866 1053 926 alla
1082 864 1283 943 longitudine,
1313 871 1401 934 ctiam
1429 878 1527 933 moute

164 961 313 1033 concepta.

251 1056 457 1119 Axiomal
501 1056 652 1118 Diameter
680 1057 780 1117 ιιιιιιιι
808 1064 837 1116 et
863 1056 957 1119 latera
978 1057 1508 1135 figurarumradlcallnmlib.1.er

164 1147 342 1226 plicatarum,
367 1161 443 1223 quae
464 1147 610 1224 propriam
632 1144 742 1204 habeut
764 1142 1055 1228 demonstrationem,
1079 1145 1271 1208 determinant
1292 1153 1404 1226 partem
1426 1148 1525 1209 ιὶιιιιιι

165 1241 373 1298 consonantem
396 1251 459 1294 erm
481 1240 544 1294 toto
567 1231 685 1293 cuculo.

250 1317 392 1387 Quomodo
410 1316 527 1372 circulum
545 1315 621 1371 tendi
637 1314 733 1385 possa
752 1321 783 1369 ut
800 1315 919 1371 sonitum
936 1316 1007 1386 edat,
1025 1322 1054 1373 et
1066 1316 1202 1385 quomodo
1224 1315 1376 1386 affigeum
1388 1331 1454 1372 earo
1467 1331 1525 1373 cor·

166 1400 234 1466 pori,
253 1405 285 1452 ut
303 1395 459 1451 mouentia
477 1395 584 1458 exista,
602 1392 646 1447 rel
664 1394 701 1450 ab,
722 1408 776 1447 nuo
794 1392 880 1461 siguo,
900 1391 931 1450 ul
948 1401 1024 1450 totus
1042 1399 1131 1463 sonet,
1147 1394 1191 1449 rel
1208 1411 1226 1450 a
1244 1395 1359 1463 duobus,
1379 1401 1410 1450 ut
1427 1402 1527 1467 partes,

169 1478 196 1533 id
213 1476 327 1545 longum
343 1474 389 1529 hie
405 1473 457 1528 erit
475 1472 626 1544 explicare3
646 1472 686 1528 sic
704 1477 794 1528 umen
812 1473 1008 1529 exordiendum
1026 1473 1091 1542 fuit,
1115 1475 1178 1542 quia
1195 1490 1251 1529 uon
1268 1480 1375 1529 tautum
1393 1475 1427 1530 de
1445 1484 1526 1532 cautu

166 1557 263 1626 agitur,
291 1554 338 1623 qui
355 1559 399 1610 cet
415 1552 557 1608 harmonia
574 1570 634 1609 eum
653 1553 726 1607 souis
744 1560 884 1621 concreta,
908 1553 957 1609 sed
975 1554 1056 1610 etiam
1073 1552 1240 1623 subintelligi
1258 1552 1340 1609 debet
1355 1553 1526 1612 interuallum

165 1635 332 1689 abstractum
356 1632 471 1688 ascum.
508 1631 586 1699 Quod
605 1638 714 1688 cautum
731 1630 844 1698 attinet,
872 1630 975 1687 sufficst
997 1630 1127 1687 chordam
1147 1630 1175 1686 iu
1192 1639 1298 1688 rectum
1320 1637 1461 1687 extensam
1485 1634 1525 1690 sic

165 1710 246 1767 diuidi
263 1727 354 1781 posse,
373 1717 404 1766 ut
421 1709 556 1777 diuiditur,
573 1726 635 1766 cnm
652 1716 695 1766 est
710 1709 739 1764 iu
757 1709 886 1764 ciculum
904 1716 1038 1778 contorta,
1057 1726 1073 1765 a
1089 1709 1176 1766 latere
1194 1711 1299 1780 figurae
1314 1711 1481 1780 iuscriptllis.

251 1800 522 1863 Corollarinuu
567 1800 784 1862 Consonautiac
806 1800 937 1861 infinitae
959 1809 1039 1873 suut,
1063 1804 1134 1879 qula
1154 1802 1262 1879 figurae
1285 1802 1526 1866 demonstrabiles

166 1892 305 1951 iufiuitaa
349 1887 485 1948 Nondum
508 1893 604 1948 autem
626 1896 671 1949 est
692 1897 804 1965 tempus
828 1887 942 1947 dicendi
966 1887 1002 1949 de
1025 1888 1294 1950 concordantiarum
1317 1889 1445 1966 delecti,
1476 1896 1526 1969 qui

165 1998 229 2040 sese
243 1996 304 2038 nou
319 1976 427 2055 profert
441 1974 528 2035 valde
551 1992 646 2052 porro.
690 1976 888 2054 Pythagorael
909 1975 958 2036 bic
972 1979 1002 2035 ln
1016 1978 1142 2037 numeris
1157 1980 1225 2049 sois,
1248 1986 1282 2038 ut
1304 1980 1410 2053 causis,
1433 1997 1525 2055 quae-

165 2071 296 2126 siremnt
325 2071 419 2124 metas
451 2061 660 2140 magnitudinis
688 2062 906 2123 intervallorum
937 2079 1144 2139 consonarum,
1177 2082 1249 2141 quas
1276 2065 1358 2127 solus
1387 2066 1527 2128 humanus
1609 2085 1611 2094 ·

165 2154 278 2213 auditus
301 2151 359 2210 illis
381 2149 460 2225 figit,
493 2152 544 2227 qni
573 2168 631 2210 nou
660 2151 707 2210 eet
736 2149 865 2210 infinitae
898 2153 1054 2229 potentiae.
1100 2152 1154 2211 Est
1185 2155 1272 2228 igitur
1294 2152 1347 2213 illa
1369 2158 1527 2215 coarctatio

165 2243 276 2302 numeri
308 2236 578 2299 concordantiarum
603 2237 777 2298 harmonicis
804 2236 965 2298 intervallis
994 2239 1150 2298 abstractis
1176 2247 1290 2299 tautum
1319 2238 1526 2316 accidentaria,

164 2346 221 2388 nou
245 2345 316 2388 uero
339 2325 473 2388 causalis.
506 2325 568 2405 Ipsi
590 2328 679 2386 etiam
700 2323 833 2386 hodierni
853 2327 956 2386 musici
978 2333 1072 2387 metas
1093 2325 1306 2405 Pythagoricae
1327 2326 1527 2404 egrediuntur3

165 2425 196 2477 ut
219 2416 256 2477 de
278 2414 437 2474 harmoniis
459 2412 632 2474 coelestibus
651 2413 715 2489 jam
737 2421 858 2474 taceam

251 2520 413 2580 Arioma
434 2517 473 2578 II.
518 2516 583 2594 Quo
604 2517 696 2595 gradu
709 2516 808 2578 latens
830 2517 1039 2579 demonstratio
1055 2515 1144 2577 distat
1158 2534 1177 2576 a
1191 2519 1294 2596 primo,
1317 2514 1420 2578 eodem
1434 2518 1528 2595 gradu

165 2619 195 2672 et
215 2610 308 2712 partis
329 2605 445 2680 circuli,
477 2607 626 2685 perlatus
647 2607 805 2678 rescissae,
837 2606 1030 2665 consonantia
1051 2621 1115 2664 cum
1136 2611 1199 2664 toto
1228 2605 1335 2665 circulo
1357 2604 1465 2666 recedit
1489 2607 1528 2667 ab

166 2699 279 2758 unisoui
303 2696 494 2755 consonantia
515 2693 733 2771 periectimima,
749 2709 802 2753 seu
816 2709 893 2767 quae
909 2709 973 2752 sors
988 2698 1033 2751 est
1046 2691 1163 2767 figurae,
1186 2692 1264 2769 cujus
1279 2700 1324 2754 est
1346 2692 1430 2766 latus,
1454 2695 1528 2755 iuter

165 2786 272 2862 figuras
294 2790 416 2856 cetam,
439 2780 543 2843 eadem
563 2797 627 2842 sors
649 2788 695 2841 est
716 2781 925 2840 consonantiae
946 2778 1025 2840 illius
1046 2781 1120 2841 luter
1142 2785 1262 2841 ceteras.
1545 2814 1548 2823 Δ

253 2869 315 2924 Hoc
333 2866 440 2923 amoma
465 2864 578 2920 inierim
595 2863 771 2933 usurpabitur
792 2862 827 2916 ad
845 2862 981 2919 delectum
999 2861 1251 2918 concordantiamm
1273 2862 1429 2920 babendum
1446 2878 1531 2920 cauea
1601 2930 1606 2937 .

166 2945 318 3004 imitatis.

253 3037 407 3097 Axioma
428 3034 483 3094 ΠΙ.
527 3032 636 3094 Latera
657 3033 813 3111 figurarum
832 3033 1010 3112 regularium
1032 3032 1238 3111 stellarumque
1260 3031 1531 3095 indemonstrabilia

167 3128 360 3189 determinant
381 3127 495 3200 partem
516 3122 614 3184 circuli
637 3121 837 3183 dissonantem
858 3141 877 3183 a
900 3128 962 3183 toto
985 3120 1109 3197 circulo3
1141 3124 1184 3182 aio
1206 3124 1295 3182 etiam
1322 3120 1398 3182 latus
1419 3118 1549 3199 figurae'

168 3209 394 3275 demonstrabile
418 3209 547 3287 quidem,
580 3207 633 3268 sed
654 3225 713 3270 nou
742 3227 794 3288 per
824 3228 856 3269 ae
878 3226 933 3269 nee
955 3207 1202 3270 demonstratione
1230 3210 1355 3288 propria
1398 3206 1456 3268 Vel
1477 3225 1530 3287 pro
1578 3282 1582 3288 ,

168 3301 280 3363 demto
315 3298 569 3358 demonstrationis
599 3297 733 3374 propriae
764 3313 880 3357 amarae
912 3314 949 3357 ex
977 3295 1028 3357 lib.
1059 3296 1101 3357 II.
1132 3295 1275 3359 deiectum
1305 3296 1529 3373 congruentiae:

169 3400 287 3465 utroque
309 3384 397 3446 modo
421 3382 580 3444 excluditur
601 3382 870 3460 quindecangulum.

251 3471 312 3525 Hoc
329 3468 437 3523 axioma
454 3465 575 3521 absolvet
592 3465 778 3555 iutegritatem
804 3479 905 3522 causae
923 3465 1189 3538 concordantiamm,
1216 3481 1298 3538 quam
1315 3483 1367 3538 ego
1384 3468 1531 3542 substituo,

168 3546 318 3620 repudiatis
335 3544 585 3615 Pythagoraeorum
603 3544 721 3599 numeris
740 3544 892 3600 abstractis.

276 3618 532 3682 Corollarium.
576 3620 739 3680 Dissonaut
770 3621 859 3698 igitur
881 3617 938 3679 bae
958 3625 1058 3697 partes
1123 3625 1228 3681 atoto

660 4220 752 4241 '¹
867 4228 878 4312 ’.
975 4228 1497 4315 e.'..19aonmrnm1cuu

255 4355 413 4429 Axioma
434 4352 488 4414 lV.
510 4300 670 4430 Figurae,
699 4300 818 4429 quae
807 4358 948 4430 cognatas
975 4349 1085 4410 babent
1112 4347 1373 4411 demonstrationes
1401 4347 1532 4426 laterum,

173 4444 287 4521 pariunt
310 4442 400 4503 etiam
422 4448 563 4535 cognatas
584 4440 760 4500 harmonias.

258 4526 313 4581 Per
325 4525 378 4583 hoc
388 4524 496 4580 axium
504 4522 665 4594 probabitur
674 4522 749 4591 origo
762 4529 790 4577 et
798 4537 883 4577 causa
891 4517 1096 4593 proportionum
1105 4517 1320 4575 harmonicorum
1336 4534 1371 4574 ex
1382 4516 1532 4590 superfluo.

258 4617 414 4676 Axioma
435 4614 472 4674 V
518 4613 651 4675 chordae
674 4613 721 4674 rel
743 4629 826 4673 arcus
848 4613 948 4674 circuli
970 4611 1111 4671 tensionis
1133 4608 1271 4686 aeqmlis,
1294 4609 1435 4672 habentes
1458 4612 1533 4670 inter

173 4722 220 4779 se,
251 4722 340 4765 causa
359 4702 567 4779 longitudinis,
591 4701 713 4762 eandem
735 4702 968 4780 proportionem,
992 4714 1069 4776 quae
1091 4705 1136 4758 eet
1157 4700 1231 4758 inter
1252 4704 1364 4776 partum
1386 4698 1435 4758 vel
1457 4698 1532 4758 resi-
1590 4764 1597 4769 ,

174 4789 262 4852 duum
284 4791 385 4852 circuli
407 4797 439 4851 et
458 4797 553 4851 totum
575 4789 729 4862 cuculum,
761 4790 983 4851 consonantiam
1005 4787 1093 4846 etiam
1114 4785 1164 4846 rel
1191 4785 1402 4849 dissonantittm
1423 4785 1533 4853 babent

176 4879 305 4953 undam,
327 4879 400 4941 licet
420 4879 494 4939 inter
515 4877 593 4938 altos
613 4876 824 4939 terminasset
843 4893 934 4943 nouos
955 4873 1008 4938 illa
1028 4874 1219 4941 contineatur.
