3567 5625
149 439 154 446 .
268 401 333 460 430
738 389 905 462 appenditia
922 389 1146 448 Harmonioonnm

268 588 384 649 onnque
405 569 493 648 igitar
514 535 694 647 ᾳιιιιιιιιιιιι
716 550 961 644 exoptationibus
983 576 1114 630 ratarum
1141 570 1349 646 naseahaatur,
1381 587 1455 649 quaa
1478 587 1534 648 ege
1556 588 1614 644 non

268 660 405 719 eruebam
435 676 469 718 aa
501 659 567 735 ipsa
592 665 710 725 natura,
740 653 837 716 idest
865 673 903 716 ex
924 655 1025 733 liguris
1044 656 1228 734 regularibus
1259 666 1310 718 aut
1338 675 1375 719 ex
1398 662 1614 736 eomparatione

268 754 371 806 mutua
391 747 648 806 consonantiarum
677 744 716 803 ah
739 744 774 801 iis
804 740 1015 816 derivatamm,
1045 744 1112 804 illas
1133 761 1189 822 ego
1212 745 1308 805 dimisi
1334 745 1545 823 utplurimum
1567 750 1614 806 in·

267 842 376 910 tactas3
400 850 474 911 qaas
498 849 568 892 vero
591 848 646 908 ego
671 830 775 902 elicui,
798 829 836 889 ad
858 830 969 910 piacita
991 840 1120 893 ratarum
1143 849 1201 893 nou
1224 832 1380 911 applicavi,
1407 834 1458 893 uhi
1481 836 1613 895 maturio
1650 891 1654 896 .

266 924 357 981 motui
389 922 494 999 potuit
540 920 729 980 htatesaaron
761 917 878 993 quidem
906 917 1071 998 applicari,
1101 922 1171 997 quia
1201 937 1259 979 uon
1286 929 1382 980 errant
1413 919 1462 981 irio
1490 931 1613 996 veteres,

266 1009 359 1070 diesin
383 1024 453 1067 rare
475 1024 533 1066 non
557 1005 716 1084 applicari,
737 1021 796 1063 nou
819 1009 996 1084 comparavi,
1020 1007 1077 1066 hoe
1099 1014 1146 1090 est
1166 1010 1358 1084 aequiparavi
1375 1025 1442 1068 oum
1457 1026 1502 1082 ea,
1525 1027 1614 1085 quam

265 1105 380 1156 vetares
404 1085 496 1156 diesin
519 1094 662 1165 dixerunt,
684 1093 756 1171 quia
778 1090 829 1151 illa
852 1093 971 1153 diuersa
991 1103 1036 1153 eat
1058 1111 1165 1156 amaa.
1209 1095 1293 1156 idern
1309 1095 1466 1156 tenendum
1486 1095 1523 1156 de
1537 1096 1614 1156 lem-

265 1192 345 1248 mate
368 1200 433 1242 meo
464 1191 494 1241 et
523 1189 668 1254 aeteram,
700 1179 785 1255 enjus
811 1179 872 1241 alia
902 1183 1063 1257 quantitas,
1096 1181 1172 1241 alius
1193 1182 1384 1244 abscindendi
1406 1182 1520 1243 modus
1564 1183 1614 1245 Sic

265 1281 369 1331 cantus
390 1286 512 1347 genera,
536 1268 640 1328 darum
661 1273 691 1326 at
712 1265 815 1340 mella,
844 1283 902 1327 non
925 1269 1093 1346 comparari
1116 1284 1172 1346 ego
1195 1286 1260 1328 anm
1284 1272 1319 1330 iis
1340 1271 1512 1347 generibus,
1535 1288 1613 1347 quae

230 1416 232 1419 a
266 1366 380 1418 veteres
402 1363 594 1435 agnoverunt,
618 1357 688 1432 quia
709 1371 729 1413 a
751 1354 921 1414 conluuione
943 1354 1043 1416 lectori
1067 1372 1133 1417 meo
1155 1359 1254 1432 metui,
1280 1374 1339 1415 non
1361 1360 1438 1418 euim
1459 1357 1612 1418 laudatam

264 1446 364 1506 iuveni
387 1446 417 1506 in
439 1451 545 1508 natura
567 1442 764 1520 triplicitatem
787 1440 866 1501 illam
889 1439 1027 1518 gehemm
1050 1452 1161 1502 uantur.
1198 1501 1202 1508 .

351 1531 440 1593 Libro
470 1539 575 1609 quarto
598 1528 700 1588 videor
726 1529 778 1588 tihi
801 1529 905 1588 toliere
935 1530 1116 1590 harmoniam
1146 1546 1261 1590 omnam
1293 1536 1409 1605 praeter
1431 1530 1609 1592 cheularam.

268 1620 330 1679 Etsi
353 1621 465 1698 primae
488 1620 675 1679 terminomm
697 1615 930 1675 harmonicorum
954 1616 1039 1678 ideae
1062 1609 1131 1677 sant
1152 1620 1181 1678 iu
1204 1618 1329 1678 areuhus
1346 1617 1455 1692 eirouii,
1476 1637 1496 1678 a
1518 1618 1612 1696 ligura
1701 1633 1705 1642 ’

263 1707 389 1784 regulari
420 1706 523 1780 dirisi,
556 1715 654 1766 tamen
687 1703 756 1763 illae
779 1702 1008 1782 multiplicantur
1039 1707 1127 1765 etiam
1155 1706 1185 1763 in
1206 1714 1302 1764 reatus
1324 1709 1521 1780 quantitatem
1556 1725 1611 1768 use

263 1798 341 1855 enim
364 1794 490 1872 amplius
518 1792 593 1868 hunt
613 1793 727 1851 termini
753 1793 948 1870 proportionis
977 1803 1095 1869 proptor
1116 1791 1239 1870 liguram
1261 1792 1448 1872 circularem,
1479 1802 1610 1870 atquae

263 1882 408 1942 divisione
426 1882 489 1958 jam
512 1890 558 1940 eat
579 1880 741 1951 datruota,
773 1877 825 1938 aad
848 1878 944 1938 solum
969 1887 1087 1956 propter
1108 1879 1335 1956 longitndinam,
1367 1882 1444 1957 quiae
1467 1886 1611 1958 reperitur

263 1972 352 2029 stiam
374 1971 404 2027 in
425 1970 522 2029 raetia.
565 1966 631 2027 Non
654 1967 742 2042 igitur
764 1966 920 2026 churlares
941 1965 1018 2026 lanio
1040 1966 1207 2028 harmonias
1230 1966 1331 2041 aliter,
1363 1984 1452 2046 quam
1474 1977 1610 2046 respeem

262 2059 421 2134 primarum
441 2055 573 2115 idearum
592 2052 765 2114 mantulum
785 2061 927 2130 ortnaqm
947 2071 1048 2114 earum
1070 2072 1106 2115 ex
1129 2054 1246 2115 airoalo.

349 2142 406 2203 Hie
428 2151 460 2202 tn
483 2145 572 2202 etiam
604 2158 651 2202 ma
673 2149 801 2213 motas,
836 2141 980 2214 Roharte,
1013 2143 1072 2200 tais
1101 2140 1319 2214 additionibus,
1351 2141 1403 2201 uhi
1425 2140 1610 2203 volantatem

264 2233 412 2308 egregiam
435 2228 589 2302 collaudo,
622 2236 749 2289 ortorum
771 2244 889 2304 operam
911 2226 1051 2306 depremr
1080 2231 1110 2287 in
1132 2229 1367 2306 mateomiogiela
1395 2231 1469 2290 meis
1491 2229 1611 2289 humo-

262 2320 333 2377 nlis:
356 2317 452 2378 nullas
474 2334 530 2396 ego
552 2325 652 2394 partas
674 2317 802 2376 musicae
825 2315 957 2376 diramas
974 2315 1097 2376 dirersis
1111 2317 1238 2393 planetis
1256 2319 1388 2393 signisve
1403 2317 1611 2394 accommod03

261 2421 344 2466 maus
365 2411 427 2479 tua,
450 2413 483 2464 ιιι
504 2404 602 2476 rideo,
625 2405 784 2482 praecurrit
806 2401 917 2464 ootrloa
962 2402 1089 2463 Rursum
1103 2403 1283 2466 harmoniam
1298 2402 1473 2480 maguiomm
1496 2414 1610 2466 tantum

261 2494 356 2567 aheat,
380 2501 413 2551 nt
434 2495 469 2553 ιἰι
490 2499 576 2553 ιιιοιιι
597 2493 755 2551 mariam
777 2490 889 2565 dicam,
921 2497 954 2550 ut
973 2494 1090 2567 potius,
1114 2490 1253 2567 quarndiu
1276 2498 1305 2551 et
1328 2493 1357 2548 iu
1380 2500 1522 2567 qnantum
1545 2510 1612 2552 mo·

261 2589 368 2641 rantur
389 2580 536 2658 planetae,
559 2580 699 2638 continua
720 2580 760 2638 sit
781 2576 977 2650 dissonantia,
1000 2577 1225 2639 concordantiae
1249 2594 1319 2638 vero
1342 2595 1460 2657 omnes,
1483 2582 1513 2637 in
1536 2597 1611 2656 quas

213 2705 216 2716 -
260 2668 398 2747 planetae
428 2676 510 2726 motu
543 2674 706 2738 hauseunt,
738 2666 797 2724 sint
818 2674 1056 2739 momentaneae,
1086 2668 1112 2724 si
1135 2668 1318 2726 exactissima
1347 2682 1392 2725 res
1418 2669 1609 2743 pensitantur.

214 2769 218 2776 ·
260 2753 320 2817 Sed
343 2771 412 2829 neo,
447 2752 597 2833 quomode
629 2756 749 2813 mixtam
780 2769 836 2830 epo
866 2760 994 2814 statuam
1025 2751 1220 2827 harmoniam,
1257 2754 1329 2814 satis
1359 2751 1437 2815 alara
1470 2754 1610 2834 explicas.

189 2890 192 2895 „
260 2842 502 2920 Hirtam-patior
527 2841 679 2921 appellari,
703 2843 774 2917 quia
795 2858 862 2901 oum
875 2840 959 2915 radii,
982 2841 1033 2917 qui
1048 2841 1183 2918 angulos,
1206 2843 1403 2919 proportionis
1424 2841 1611 2903 harmauieae

263 2932 419 3003 terminon,
451 2932 689 3005 interstinguunt,
711 2931 770 2988 sint
792 2928 943 3002 coelestes,
967 2929 1093 3004 angulus
1115 2939 1212 2989 tamen
1234 2931 1314 3007 ipse,
1343 2931 1393 3005 qui
1415 2932 1557 2990 terminus
1578 2930 1612 2991 dt

260 3018 466 3097 proportionis,
490 3019 518 3074 in
542 3015 632 3076 Terra
654 3016 802 3075 formator.
846 3014 1002 3076 Nonnihil
1025 3015 1107 3076 deest
1128 3023 1158 3076 at
1180 3010 1221 3075 illi
1247 3025 1315 3076 tuae
1336 3019 1508 3090 narrationi,
1540 3018 1609 3077 dum

260 3104 395 3165 asadiam
417 3122 436 3164 a
458 3121 505 3165 me
527 3106 572 3169 als
595 3105 756 3180 comparari
780 3104 883 3164 tertiae
905 3101 1002 3179 moili;
1032 3119 1091 3162 non
1121 3104 1189 3180 ipsi,
1221 3105 1339 3181 inquam
1363 3120 1438 3179 ego,
1469 3104 1523 3164 sed
1545 3105 1610 3181 ejus

262 3193 362 3257 socias
384 3190 522 3269 diapenta
544 3189 799 3269 apidisdiapason3
826 3191 869 3251 ita
891 3198 922 3250 et
943 3188 980 3250 da
1001 3192 1104 3251 uetans
1126 3191 1270 3253 omnihus.
1314 3193 1412 3267 Atque
1434 3191 1483 3251 hio
1503 3196 1609 3271 repotia

258 3281 491 3357 eomparationis
512 3295 597 3339 meae
620 3278 723 3352 rarha,
757 3295 834 3357 qnae
856 3294 913 3355 ego
936 3284 1049 3338 tantum
1072 3276 1108 3338 de
1131 3276 1205 3338 iihro
1229 3277 1284 3339 ΙΙΙ.
1315 3276 1409 3354 doque
1430 3280 1606 3356 investigato

261 3366 479 3427 harm0niarum
492 3367 621 3426 omnium
636 3374 699 3425 ortu
716 3363 805 3427 ideali
819 3365 1001 3442 scripseram,
1023 3372 1058 3426 ut
1072 3363 1156 3425 inulla
1170 3372 1292 3443 apparet
1308 3364 1512 3441 consideranti,
1535 3382 1610 3443 quae

262 3466 318 3532 ego
342 3455 386 3514 tui
408 3455 505 3533 operis
527 3453 626 3532 capita
646 3469 712 3512 oum
734 3453 842 3530 quihus
863 3452 921 3512 moi
943 3454 1180 3531 comparaverim
1226 3451 1355 3513 Audiam
1376 3460 1473 3513 tamen
1505 3444 1607 3530 ohJeo-

161 3524 172 3543 ²
261 3544 357 3603 tionaa
379 3550 455 3612 tuas,
477 3543 502 3599 si
525 3540 595 3617 qnid
619 3538 688 3600 illas
710 3540 832 3601 forsitan
854 3541 936 3617 operi
957 3557 1024 3600 meo
1046 3548 1161 3618 praeter
1182 3546 1213 3603 et
1234 3540 1311 3601 ultra
1331 3541 1422 3601 rerba
1444 3543 1516 3617 iata,
1539 3544 1613 3619 pers*

259 3627 626 3793 Ρωνιῗέιιιῳξίιίξὲζ
639 3633 990 3792 &aarum
978 3716 1012 3774 ιἰι
1030 3668 1115 3773 terra
1129 3712 1267 3777 duanam
1281 3676 1493 3775 νοάιιιίοπιιιιι
1513 3733 1607 3775 αιιιιιι

255 3807 296 3863 ait
317 3810 542 3878 tempestatum,
570 3801 622 3862 aad
639 3805 743 3878 potiar
764 3802 944 3880 influentiae
970 3800 1133 3875 eujusdam
1154 3804 1252 3861 viritas
1273 3802 1390 3863 uomitu
1418 3809 1447 3862 at
1466 3801 1607 3863 ednaha-

257 3890 333 3950 otta
378 3889 470 3964 Haeo,
492 3891 533 3949 mi
554 3888 691 3964 Roherte,
715 3905 774 3949 vox
797 3897 842 3949 est
864 3889 950 3948 unius
971 3905 989 3949 e
1010 3889 1156 3949 communi
1179 3896 1264 3950 oostu
1280 3887 1440 3962 donorum,
1463 3891 1515 3966 qni
1537 3890 1605 3949 nni·

256 3976 316 4038 iam
339 3977 408 4037 dnm
431 3982 548 4054 oporam
572 3978 673 4056 posuit
693 3978 723 4034 in
745 3976 995 4053 pervestigatione
1018 3992 1182 4037 eausarurn.
1227 3976 1272 4036 hx
1294 3976 1481 4049 admirando,
1511 3978 1607 4054 inquit

257 4064 317 4139 ilie,
341 4066 431 4125 eoorti
447 4073 516 4125 aunt
536 4063 667 4124 stadium
689 4072 779 4141 atque
800 4061 885 4123 labor
905 4060 1112 4137 investigandi.
1158 4061 1216 4122 Hic
1237 4081 1303 4123 oum
1324 4071 1356 4123 tu
1378 4081 1458 4123 meas
1475 4064 1606 4125 molitio·

256 4169 310 4213 nes
332 4152 448 4225 videas,
475 4151 669 4230 iamdudum
692 4154 769 4211 enim
798 4157 829 4211 et
850 4165 907 4228 ego
930 4144 1142 4215 nuus'illoram
1172 4150 1231 4224 lui,
1264 4152 1314 4227 qui
1338 4151 1520 4225 influentias,
1553 4154 1603 4228 qui

255 4241 387 4301 acuatur
408 4239 560 4301 sodomam
584 4242 708 4299 utrtuar
729 4237 910 4313 admirabar,
933 4239 1022 4303 rniror
1044 4235 1190 4313 equidem,
1212 4255 1263 4298 eur
1278 4256 1336 4301 uon
1357 4237 1419 4299 alia
1437 4255 1468 4300 rs
1483 4255 1605 4299 censeas

256 4328 324 4388 illas
346 4326 557 4405 reprimendas,
580 4344 669 4403 qaam
692 4328 815 4404 pristina
836 4324 888 4387 illa
909 4332 939 4389 et
959 4323 1095 4389 obsoleta
1115 4323 1318 4387 admiratione.
1363 4324 1495 4386 Huceine
1518 4327 1605 4402 igitur

256 4426 310 4487 est,
334 4414 541 4494 philosophum
564 4428 669 4491 agore,
692 4413 837 4487 Roherte,
868 4410 1122 4490 philosophantem
1146 4411 1264 4489 objectu
1287 4414 1468 4489 ignorantiae
1490 4415 1606 4475 invete-

255 4510 338 4563 ratae
359 4501 516 4580 prohibere
537 4502 576 4562 ab
598 4499 680 4562 aditu
701 4500 893 4581 penetralium
915 4499 1058 4563 naturae?
1104 4500 1139 4561 lit
1154 4508 1280 4576 quantae
1300 4517 1411 4577 quamn
1434 4508 1502 4563 suut
1529 4504 1606 4561 viras

257 4589 337 4650 iliius
360 4599 428 4649 tuae
451 4590 533 4653 roois
561 4588 704 4663 Videtur,
727 4604 802 4666 quas
825 4603 891 4647 oum
913 4587 1092 4663 argumentis
1115 4588 1188 4651 mels
1210 4587 1366 4675 oonlerasl

344 4676 488 4754 hspaotus
510 4680 540 4736 in
563 4675 646 4737 coeio
668 4693 727 4738 uon
749 4682 803 4747 est,
827 4676 856 4732 in
879 4673 971 4736 Terra
992 4673 1149 4750 formatum
1171 4676 1200 4733 in
1221 4673 1312 4736 'Parra
1333 4691 1405 4735 vero
1427 4683 1457 4736 et
1479 4677 1605 4737 ιιιιιιιιι-

255 4762 321 4823 1ιιιιι
344 4768 412 4825 aira
434 4766 567 4842 munitur
588 4760 749 4840 aspaotum'
762 4763 934 4836 commotio,
963 4769 1101 4838 aspectus
1124 4779 1193 4839 ergo
1215 4778 1308 4827 cansa
1334 4770 1380 4823 est
1399 4765 1604 4823 commotionis

193 4914 201 4925 ,
255 4858 471 4930 ωυροιιιιιω.
517 4850 662 4927 Rursum,
692 4868 750 4913 non
779 4852 874 4911 omnis
903 4849 1030 4926 angulus
1051 4850 1248 4913 ootnedantaa
1275 4849 1366 4913 hahet
1394 4859 1492 4911 motus
1515 4851 1602 4928 aera,
