3567 5625
541 447 720 507 Harmouiuia
755 449 900 507 biberIIl.
918 450 1065 521 Caputh.
1286 451 1290 460 '
1418 456 1479 520 lbb

211 635 452 696 Comeutaneum
473 639 563 714 igitar
585 640 630 694 est
651 650 740 710 supra
762 631 862 705 dictis,
890 633 1062 709 praesertim
1092 631 1232 710 axiomati
1257 633 1296 705 2,
1324 639 1356 692 ut
1377 631 1482 692 borum

130 723 365 795 intervallorum,
394 724 432 783 ad
455 724 747 785 concinui-naturam
767 722 991 796 pertinentium,
1021 717 1174 796 quodlibet
1196 721 1322 778 retineat
1348 728 1482 780 naturam

130 810 243 869 illorum
268 827 471 886 comanorum,
496 832 513 871 a
536 810 643 887 quibus
666 809 858 868 constituitur.
905 807 979 866 Cura
1001 808 1089 882 igitur
1111 823 1147 866 er
1163 808 1299 866 consonis
1323 805 1413 884 duplo
1435 810 1483 866 in-

129 898 252 956 tervallo
276 899 437 957 minoribus
464 898 674 978 perlectissima
701 898 760 954 siut
781 897 838 953 ista
863 890 903 972 '²l,
926 905 956 954 et
979 890 1018 974 ³l4
1050 901 1168 970 propter
1191 893 1347 968 figurarum
1370 895 1481 954 nobili·

130 997 227 1059 tatem,
251 1003 270 1044 a
294 987 400 1062 quibus
424 990 564 1065 originem
586 983 713 1053 ducunt,
745 985 834 1041 etiam
857 982 976 1042 tobalea
998 998 1103 1041 earum·
1118 983 1282 1042 communis
1312 985 1386 1042 iuter
1408 1000 1484 1043 cou-
1525 1013 1532 1026 «

129 1075 220 1141 rinna,
244 1090 287 1132 sc.
310 1070 367 1153 ⁶t„
390 1078 493 1134 ceteris
515 1076 570 1132 erit
592 1068 810 1148 praeferenda.⁴
838 1068 904 1128 Hoc
925 1071 1014 1145 igitar
1037 1068 1222 1135 intervallum
1245 1072 1391 1129 communi
1415 1087 1482 1131 eum

130 1162 278 1220 veteribua
307 1162 425 1220 nomine
455 1169 574 1221 totum
603 1157 751 1227 dicamus,
788 1163 818 1215 et
846 1165 966 1232 propter
999 1156 1075 1215 banc
1112 1155 1349 1231 praecellentiam
1381 1167 1483 1218 tonitru

130 1249 303 1323 perlectum,
327 1258 446 1325 propter
468 1264 538 1308 reru
560 1245 790 1321 magnitudinem
812 1246 1009 1321 proportionis
1032 1251 1161 1303 tonum
1183 1243 1371 1319 majorem.

216 1334 355 1395 Vicissim
384 1338 410 1394 ai
441 1352 593 1413 compares
621 1333 780 1410 perlectum
808 1329 849 1412 ι11,
882 1330 979 1406 majus
1010 1346 1076 1390 cum
1104 1330 1208 1406 majori
1239 1332 1409 1409 imperfecte
1443 1333 1482 1414 il,

129 1425 271 1498 superius,
297 1423 345 1483 rel
367 1425 392 1482 si
415 1425 608 1499 perlectorum
629 1422 725 1480 miuus
750 1416 790 1499 ³l,
814 1435 879 1478 cum
904 1418 1136 1494 imperfectorum
1161 1419 1267 1478 minori
1289 1414 1332 1504 ⁶),
1354 1422 1483 1493 interius,

130 1518 265 1569 nascetur
289 1527 325 1569 er
346 1510 403 1569 boc
426 1511 572 1571 connubio
595 1506 782 1568 intervallum
811 1506 984 1566 concinnum
1015 1506 1211 1581 imperfectius
1234 1499 1306 1589 ⁹)„„
1335 1507 1415 1584 quud
1438 1515 1484 1567 ert

130 1599 223 1656 miuus
246 1614 337 1676 quam
357 1592 419 1680 819,
448 1598 527 1676 qood
551 1593 743 1656 intervallum
773 1611 839 1653 cum
869 1596 899 1651 iu
931 1596 1022 1653 veteri
1051 1594 1165 1654 musica
1190 1601 1257 1654 anta
1280 1593 1482 1655 Ptolemaeum

131 1684 184 1743 iere
214 1702 275 1744 uou
299 1694 378 1745 esset
400 1686 652 1754 animadversum,
683 1684 791 1758 quippe
814 1679 937 1740 theorici
964 1682 1062 1741 omnia
1084 1697 1137 1756 per
1165 1687 1251 1740 tonos
1273 1679 1378 1757 plenos
1402 1684 1483 1758 prius

132 1770 266 1831 definitos
291 1772 547 1848 demonstrabant,
571 1773 598 1832 ei
620 1786 674 1829 uos
696 1771 780 1827 toui
802 1769 961 1828 minoris
984 1767 1033 1828 rel
1054 1771 1139 1845 parvi
1152 1784 1259 1827 nomeu
1283 1766 1427 1843 dabimus,
1449 1782 1484 1830 ut

131 1861 164 1916 tit
195 1859 274 1918 haee
303 1859 528 1936 imperfectionis
556 1865 636 1918 uota
682 1853 738 1916 Ubi
769 1872 829 1914 uuo
856 1856 948 1915 verbo
975 1858 1103 1916 manitus
1124 1857 1163 1915 sit
1191 1855 1297 1928 lectur,
1326 1853 1483 1917 nonnullos

132 1946 177 2004 alii
200 1946 321 2008 saidam
344 1948 499 2008 intervallo
531 1947 561 2007 ld
583 1945 708 2005 nominis
738 1941 868 2015 dedisse,
892 1960 952 2016 -ue,
980 1945 1006 2002 ai
1028 1942 1103 2002 torte
1131 1944 1161 2001 iu
1183 1941 1300 2002 illorum
1328 1943 1483 2006 lectionem

136 2033 285 2107 inciderit,
309 2037 463 2095 oscitantia
485 2034 677 2112 perturbetur.
1536 2025 1548 2034 ”

215 2120 268 2180 Sin
293 2129 391 2182 autem
413 2124 573 2200 perlectum
595 2119 692 2195 majus
715 2112 755 2197 ²),
778 2134 844 2177 cum
866 2116 1036 2193 imperfecto
1062 2117 1166 2194 minori
1188 2113 1231 2200 ὁ18
1254 2119 1405 2195 superius,
1434 2118 1484 2179 vel

134 2211 155 2265 ai
176 2208 341 2285 perfectum
362 2211 457 2269 miuus
482 2208 518 2291 ³s4
546 2226 613 2269 uum
637 2205 804 2282 imperfecto
826 2203 931 2279 majori
954 2199 993 2284 ⁴),
1021 2203 1140 2264 islarius
1162 2206 1331 2279 anemuri,
1362 2208 1485 2266 coutin-

135 2312 198 2355 num
222 2313 260 2355 ex
284 2299 501 2373 comparatione
525 2303 619 2356 ortum
641 2310 682 2354 sc.
710 2286 778 2372 lis„
801 2309 916 2351 rursum
947 2289 1037 2349 trehit
1065 2289 1178 2367 uliquld
1200 2293 1425 2370 imperfectionis
1448 2310 1483 2354 er

134 2386 242 2458 origiue
273 2382 330 2444 bac
359 2401 428 2457 sua,
462 2384 631 2459 diceturque
661 2380 928 2451 semitonium,
963 2376 1110 2437 vocabulo
1141 2377 1259 2451 eodem,
1294 2378 1374 2456 quod
1395 2379 1486 2441 babet

134 2472 226 2545 psum
250 2470 309 2528 boc
330 2471 516 2531 intervallum
540 2473 569 2528 iu
594 2470 703 2534 usitata
726 2464 866 2526 hodierna
887 2465 1013 2538 musica,
1043 2467 1114 2541 quia
1134 2465 1225 2542 paulo
1246 2466 1341 2543 metim
1369 2473 1414 2530 est
1435 2484 1485 2526 se·

134 2558 219 2616 missa
239 2558 302 2615 tuni
325 2559 453 2633 majmis.
498 2558 564 2616 Hoc
593 2555 686 2631 aliqui
714 2563 815 2612 tonum
838 2555 979 2613 minorem
1007 2551 1193 2628 dierirnuut,
1223 2553 1371 2631 aquibus
1392 2553 1485 2615 lectur

133 2644 184 2700 ribi
208 2650 330 2718 eurem,
352 2661 389 2704 ua
410 2647 594 2722 perturbetur

216 2730 303 2789 Haec
325 2733 414 2807 igitur
435 2736 491 2792 tria
514 2741 578 2792 orta
599 2748 617 2789 a
639 2728 790 2807 perlectis,
819 2727 996 2803 comparatis
1027 2726 1073 2785 vel
1103 2728 1177 2786 iuter
1200 2744 1232 2789 se
1260 2726 1309 2787 rel
1334 2743 1403 2787 cum
1426 2730 1485 2787 im·

134 2819 285 2895 perlectis,
309 2819 366 2878 boc
388 2820 579 2891 obtinuerint,
602 2826 635 2876 ut
658 2817 799 2875 concinna
820 2832 873 2890 per
895 2828 927 2873 aa
950 2821 979 2873 et
1000 2830 1115 2892 semper
1136 2823 1242 2877 essent

217 2906 330 2966 Contra
357 2909 382 2967 si
411 2908 587 2986 comparasti
618 2908 694 2963 inter
720 2919 752 2961 aa
779 2902 963 2978 imperiecta,
996 2918 1030 2960 ex
1057 2909 1225 2980 pentagono
1256 2901 1304 2963 rel
1332 2903 1484 2980 decagono

134 3000 204 3064 orta,
228 2993 278 3054 vel
302 2997 434 3071 superius
460 2994 498 3077 ³),
521 3012 587 3055 cum
610 2988 666 3074 δ18,
691 2988 739 3049 rel
761 2988 880 3048 interius
903 2984 945 3070 7„
968 3005 1034 3049 cum
1057 2986 1110 3072 il„
1140 2990 1324 3051 intervallum
1345 2990 1413 3050 hinc
1435 3006 1484 3049 or·

135 3088 202 3153 tum,
227 3079 291 3139 scil.
315 3076 387 3162 2⁴(2,
410 3092 509 3143 tantae
533 3092 577 3143 est
600 3077 835 3157 imperfectionis,
859 3084 891 3135 ut
912 3088 988 3154 pene
1011 3079 1086 3139 iuter
1107 3081 1249 3138 concinna
1273 3095 1337 3138 esse
1360 3076 1484 3138 desinet
1546 3102 1548 3111 =

134 3165 198 3226 Hoc
220 3169 409 3228 intervallum
432 3168 646 3247 appellabimus
670 3166 807 3235 diesin,
836 3180 909 3222 voce
932 3165 1039 3236 veteri,
1073 3167 1157 3240 quasi
1180 3164 1260 3226 dicas
1282 3166 1483 3227 remissionem

135 3253 272 3316 chordae.
319 3255 380 3314 Neo
403 3257 521 3327 laboro,
554 3265 586 3314 ut
615 3255 669 3311 sub
692 3252 747 3310 bac
770 3267 843 3308 voce
866 3249 990 3309 eandem
1018 3267 1083 3310 cam
1111 3254 1260 3313 veteribus
1290 3255 1483 3330 quantitatem

21 3346 22 3355 ’
134 3340 281 3402 intervalli
310 3359 489 3419 proponam,
518 3343 597 3420 quud
626 3345 732 3407 iterum,
758 3339 909 3396 monuisse
935 3336 1070 3399 sufficiat
1119 3339 1350 3415 Imperfectlouia
1377 3356 1483 3400 causue

133 3437 201 3488 sunt
222 3438 298 3488 tres:
328 3431 419 3505 origo,
448 3433 579 3507 parvitas
602 3424 684 3509 (cum
714 3441 772 3483 nou
795 3433 905 3501 aequet
925 3431 1037 3500 partem
1069 3427 1131 3485 toni
1157 3426 1275 3503 perlecti
1300 3423 1431 3509 tertiam)
1455 3433 1485 3484 et

134 3519 203 3592 quia
226 3524 271 3576 est
294 3518 382 3576 etiarn
405 3520 477 3578 iuter
503 3519 587 3575 tertia
610 3519 846 3575 connumeratum
869 3512 1019 3588 superius,
1049 3514 1123 3571 iuter
1148 3513 1279 3586 illese,
1311 3530 1387 3590 quae
1411 3530 1483 3573 cou-

134 3603 287 3662 cinuaudia
309 3607 466 3680 generibus
494 3614 596 3664 cantus
618 3603 796 3672 inserviunt3
825 3601 916 3657 oritur
947 3600 1032 3657 euim
1053 3601 1141 3659 etlam
1168 3618 1205 3660 ex
1227 3608 1297 3660 tono
1319 3601 1424 3660 minori
1455 3607 1484 3659 et

133 3693 292 3751 semitonio
321 3694 505 3768 comparatis.
549 3692 623 3751 Nam
653 3689 709 3747 boc
733 3684 919 3745 intervallum
951 3703 1009 3744 uon
1038 3703 1089 3762 per
1110 3704 1159 3760 se,
1190 3703 1245 3747 nec
1274 3703 1389 3765 temper
1411 3701 1484 3748 uon·

134 3782 250 3837 cinnum
274 3786 336 3849 est,
364 3796 423 3837 non
448 3779 525 3839 solet
547 3779 623 3841 enim
655 3791 714 3833 vox
738 3772 866 3832 humana
896 3780 1014 3840 cautum
1044 3790 1104 3833 una
1134 3782 1163 3834 et
1193 3772 1295 3834 cadem
1319 3772 1412 3853 dpnpq
1432 3790 1485 3850 per

133 3864 189 3924 boc
210 3865 397 3924 intervallum
420 3865 587 3937 traducere,
611 3872 643 3922 ut
664 3879 716 3938 per
739 3858 896 3927 interualla
917 3866 1030 3933 cetera,
1060 3859 1113 3921 sed
1140 3860 1264 3937 negligit
1292 3870 1322 3922 et
1344 3860 1485 3921 transsillt

133 3951 215 4025 illud,
239 3954 295 4010 ulai
319 3960 432 4012 tuntum
456 3956 484 4011 iu
507 3953 669 4011 variatione
692 3955 803 4018 mutus,
827 3946 1003 4008 condimenti
1035 3965 1138 4024 cauam
1168 3957 1238 4009 tunc
1259 3947 1292 4007 bt
1322 3948 1485 4010 extraordi-

22 4046 32 4071 ·
137 4043 215 4099 uarie
237 4043 425 4111 concinnum,
448 4040 500 4100 sed
523 4043 581 4110 sic,
606 4044 638 4096 ut
660 4037 744 4111 quasi
767 4051 875 4094 uorum
899 4051 993 4110 genus
1015 4044 1118 4096 cantur
1142 4039 1271 4116 incipiat,
1293 4044 1324 4096 et
1346 4038 1416 4096 artis
1439 4043 1485 4094 est

135 4125 302 4200 laborisque
325 4144 382 4185 uon
406 4127 522 4197 modici,
547 4124 619 4185 ioue
641 4123 769 4182 bumana
790 4124 854 4181 siue
876 4138 986 4195 organo
1008 4121 1039 4181 ld
1058 4126 1187 4200 assequi.
1232 4123 1337 4196 ltaque
1359 4123 1416 4183 lrou
1437 4124 1486 4181 iu·

138 4213 292 4272 terrallum
315 4222 428 4275 tantum
452 4216 631 4275 discriminat
653 4227 760 4285 genera
782 4211 988 4269 continuorum
1011 4216 1105 4285 ecqua
1126 4218 1213 4288 pecto
1236 4212 1272 4270 lis
1294 4212 1424 4270 inservit.

222 4299 378 4377 Coepimus
401 4302 496 4361 dicere
519 4301 555 4360 de
577 4296 739 4359 intervallis
762 4298 868 4355 tertiis:
890 4298 1015 4374 primum
1037 4300 1113 4357 enim
1135 4315 1172 4356 ux
1187 4298 1233 4367 ils,
1257 4291 1329 4381 ⁹7„
1352 4314 1405 4357 seu
1421 4295 1485 4357 die·

136 4387 191 4457 sia,
210 4385 285 4446 idem
309 4388 363 4446 luit
386 4392 474 4448 etiarn
496 4390 700 4448 concluuorum
725 4382 867 4442 ultimum.
912 4383 1079 4460 Sequuntur
1100 4400 1176 4444 uuae
1196 4387 1285 4445 etlam
1306 4382 1484 4459 reliquorum

137 4472 358 4549 appellationes.
402 4476 478 4535 Nam
505 4471 612 4556 ¹²⁸l„,‚,
634 4471 713 4549 quod
736 4474 826 4529 oritur
847 4487 883 4530 ex
911 4465 975 4551 ’116
997 4478 1027 4529 et
1047 4464 1098 4548 ⁸l„
1120 4478 1219 4546 potest
1238 4470 1379 4548 appellari
1395 4468 1484 4530 (111111

137 4560 230 4635 major
258 4568 288 4620 et
316 4561 495 4637 imogalaris3
524 4561 602 4639 qnod
630 4567 664 4619 ut
692 4576 781 4634 supra
808 4557 918 4617 dietum
948 4556 1036 4633 paulu
1066 4554 1223 4618 admodum
1244 4557 1296 4635 (so.
1320 4560 1484 4634 qurartitutt

138 4640 280 4729 ²⁰²⁵le
303 4652 465 4710 autminus
488 4648 642 4709 intervallo
669 4649 810 4705 concinno
838 4646 985 4705 semitonii
1014 4652 1044 4707 et
1071 4646 1122 4705 rix
1152 4648 1191 4706 ab
1214 4644 1267 4705 illo
1295 4643 1483 4721 digumcltur.

138 4732 247 4808 Estque
274 4734 331 4795 boc
360 4740 476 4796 nomina
504 4739 578 4795 inter
608 4734 763 4804 couciuua,
800 4733 870 4807 quia
898 4731 1014 4794 dieseos
1044 4730 1193 4805 lepltlmae
1223 4734 1318 4792 vicem
1348 4734 1481 4804 aurunci,

138 4824 306 4894 praesertim
335 4825 363 4880 iu
391 4824 552 4883 mutatione
581 4826 693 4881 cantus
739 4819 791 4877 Eat
821 4820 898 4877 enim
929 4820 1043 4893 genesis
1069 4817 1133 4892 sius
1162 4834 1220 4879 utu
1246 4826 1307 4879 taur
1331 4817 1483 4893 naturalis,

138 4923 226 4983 quau
247 4913 498 5010 usu‘necsssariu,
523 4920 555 4970 ut
577 4907 766 4983 undiquaque
787 4908 845 4964 siut
866 4907 896 4962 iu
912 4912 1027 4982 promtu
1042 4905 1198 4966 semitonia
1218 4914 1248 4967 et
1262 4905 1368 4979 1111111,
1390 4923 1483 4985 prop.-
