3567 5625
649 395 731 453 Liber
749 396 797 450 ΠΙ.
816 396 903 465 caput
922 396 994 451 xlv.
1432 401 1494 488 393
1547 475 1553 480 ,

149 581 206 621 cnm
225 567 331 624 chorda
347 569 383 625 sit
400 585 528 626 mensura
545 571 617 637 soni,
641 571 714 627 orbis
732 586 797 625 sero
819 585 875 625 non
898 571 934 626 sit
954 585 1081 627 mensura
1103 571 1145 628 sui
1167 576 1265 627 motus.
1303 570 1390 626 Orbes
1413 571 1508 640 igitur.

148 644 199 714 ipsi
222 647 305 716 plane
323 665 378 704 non
397 657 461 705 sunt
478 635 653 720 comparandi
671 667 760 720 neque
778 650 887 706 chordis
906 667 995 720 neque
1008 650 1089 706 sonis.
1125 650 1195 705 Nam
1206 648 1280 717 quod
1293 649 1495 706 similitudinem

148 726 244 782 attinet
263 737 423 798 usurpatam
442 731 618 801 transitionis,
637 731 692 786 illic
710 732 924 787 aconsonantiis
941 731 976 786 ad
995 729 1110 786 chordas
1128 736 1317 795 consonantes,
1334 728 1379 784 hic
1396 745 1413 784 ι
1430 747 1495 786 con·

150 806 356 874 figurationibus
375 808 409 864 ad
428 808 554 878 planetas
573 811 769 880 configuratos,
787 827 820 867 ea
838 805 938 865 fucata
949 816 1005 879 est,
1029 824 1084 864 nou
1102 809 1173 863 euim
1191 815 1250 863 tota
1268 807 1416 877 curricula,
1441 824 1497 864 nou

147 883 244 952 integri
263 885 357 954 orbes,
381 888 429 942 sed
448 887 617 958 ipsi'saltem
635 890 805 960 planetarum
822 889 1051 957 configuratorum
1077 888 1144 944 situs
1168 887 1333 959 singulares,
1358 903 1409 944 nec
1426 888 1496 943 situs

148 965 174 1018 ιι
192 963 326 1021 diametro
345 967 438 1022 mundi
456 969 525 1036 reri,
552 971 604 1025 hoc
622 979 665 1026 est
682 971 860 1040 sphaerarum
877 968 1004 1038 angustia
1022 975 1050 1023 et
1067 967 1230 1038 amplitudo,
1256 970 1305 1024 ιιι
1323 969 1392 1026 situs
1410 981 1495 1038 appa-

147 1045 264 1096 rentes
256 1046 342 1113 ipsius
361 1045 457 1101 sideris
477 1049 529 1104 sub
547 1048 648 1103 extimo
667 1049 767 1104 circulo
785 1049 931 1105 zodiaco
924 1065 952 1102 ιιι
970 1047 1018 1102 illa
1036 1046 1211 1102 similitudine
1232 1048 1400 1118 respondent
1418 1046 1496 1101 chor·
1552 1087 1555 1096 ,

148 1119 194 1175 dis
231 1123 329 1191 Itaque
347 1125 505 1192 requirebat
522 1127 679 1195 similitudo,
699 1135 730 1181 ut
747 1126 941 1200 unaquaelibet
962 1125 1065 1181 chorda
1082 1133 1284 1195 compararetur
1301 1127 1418 1197 planatis
1430 1141 1494 1196 pro

147 1198 248 1328 duisme
267 1202 405 1331 ἷιιιιιιιιιι,
429 1220 484 1260 ιιι
508 1213 538 1261 ιι
557 1206 680 1276 singulae
703 1207 825 1276 singulis.
861 1206 894 1261 Ιι
917 1221 982 1261 veru
1002 1206 1158 1274 pertinebat
1180 1206 1215 1261 ιι
1240 1206 1316 1276 prius
1338 1207 1495 1282 membrum,

166 1291 253 1345 equo
290 1289 412 1338 ιιιιιιιι

216 1356 290 1413 Nota
307 1361 353 1416 VI.
389 1364 441 1420 Hic
459 1372 578 1435 systema
602 1366 734 1421 musicum
753 1374 928 1435 comparatur
950 1381 1003 1421 non
1023 1365 1138 1435 amplius
1156 1364 1281 1434 zodiaco,
1309 1372 1342 1420 ut
1363 1364 1496 1435 capitess,

149 1434 222 1489 ιιι
214 1438 267 1505 ipsi
286 1444 409 1532 compagi
427 1445 511 1501 totius
529 1446 638 1516 mundi,
657 1452 684 1500 ιι
703 1445 822 1500 chordae
840 1443 964 1513 singutas
982 1445 1095 1514 singulis
1114 1444 1236 1514 orbibus;
1256 1444 1369 1501 stabiles
1386 1444 1495 1516 quidem

152 1514 274 1581 sphaeris
295 1519 388 1610 primis
407 1523 586 1593 singulorum,
609 1525 723 1580 mobiles
741 1541 804 1578 nero
823 1524 1042 1582 succedentibus.
1078 1525 1152 1579 Haec
1170 1525 1343 1594 quantuvas
1361 1532 1426 1595 apta
1443 1525 1497 1580 ιιι-

152 1592 291 1649 ιιιιιιιο’
283 1599 408 1667 impingit
426 1607 515 1658 tamen
532 1605 624 1659 multis
643 1606 812 1673 modisque
831 1603 920 1658 minus
938 1603 1055 1659 causalis
1074 1602 1121 1667 sit,
1143 1611 1191 1658 ιιι
1208 1602 1319 1658 mihim
1336 1618 1396 1659 meo
1415 1617 1497 1674 opere

150 1676 343 1731 consectanda.
378 1681 447 1735 Nam
465 1683 560 1752 primo,
579 1684 602 1739 si
621 1684 700 1739 orbes
719 1684 827 1740 chordis
845 1684 1020 1753 respondent,
1039 1682 1176 1738 debebant
1187 1683 1314 1753 planetae
1331 1681 1497 1752 respondere

148 1756 252 1824 plectro
271 1766 319 1811 aut
337 1759 456 1828 plectris.
491 1763 552 1818 Jam
570 1781 635 1820 nero
661 1764 794 1833 plectrum
813 1765 948 1833 percurrit
966 1779 1058 1819 omues
1077 1762 1206 1831 chordas,
1231 1769 1279 1819 aut
1301 1762 1424 1833 singulae
1443 1760 1506 1816 sal··
1612 1791 1617 1796 -

148 1843 202 1890 tem
221 1835 335 1905 singulis
353 1838 487 1896 iaciuntur
504 1843 631 1911 plectris,
655 1851 684 1899 at
701 1860 790 1913 neque
808 1861 881 1901 unus
900 1843 1010 1913 planeta
1027 1844 1161 1914 percurrit
1177 1858 1270 1899 omnes
1288 1845 1380 1911 orbas,
1407 1855 1496 1910 nequa

149 1914 249 1983 singuli
267 1932 332 1972 snos
350 1934 457 1989 omnes;
483 1939 552 1977 uuus
572 1924 643 1978 euim
662 1923 737 1979 solus
756 1938 815 1978 esse
833 1923 994 1993 perhibetur
1016 1922 1050 1978 ab
1068 1922 1234 1978 astronomia
1251 1921 1427 1988 Ptolemaida,
1451 1921 1498 1989 qui

149 1992 288 2062 planetam
306 1998 388 2052 vehit
424 2001 548 2071 Reliqua,
569 2020 638 2073 quae
657 2003 951 2060 desideranturmhac
963 2004 1174 2073 comparatione,
1193 2010 1341 2072 sequentur
1352 2018 1409 2058 sura
1420 2001 1498 2058 ιοιιι

236 2073 311 2128 Nota
329 2078 388 2132 Vll.
424 2080 476 2136 Hic
494 2083 717 2140 dissimulandum
736 2085 800 2152 luit,
819 2084 894 2153 quod
911 2097 966 2135 non
984 2088 1015 2135 ιι
1032 2081 1093 2136 soni
1114 2079 1227 2136 stabiles
1244 2082 1269 2150 7,
1289 2080 1416 2150 planetae
1434 2093 1499 2135 sero

150 2155 229 2208 etiam
250 2157 275 2219 7,
295 2157 333 2210 sic
352 2158 433 2214 etiam
450 2171 480 2216 ut
498 2164 640 2219 chordae'
632 2181 660 2217 m
680 2165 835 2217 universum
854 2163 896 2229 15,
914 2160 954 2215 ιιι
972 2159 1052 2213 ctiam
1071 2158 1178 2214 orbes
1169 2176 1198 2214 ιι
1209 2159 1363 2215 uuiversum
1382 2160 1414 2214 15
1432 2159 1498 2214 siut:

149 2229 228 2300 longe
248 2233 319 2288 enim
336 2235 429 2305 plures
448 2241 526 2296 orbes
544 2242 709 2298 astronomia
727 2241 876 2297 Ptolemaei
894 2241 998 2298 statuit.

236 2335 310 2390 Nota
326 2335 402 2391 VIII.
438 2336 499 2390 Etsi
517 2337 545 2390 in
563 2344 709 2406 systemate
727 2337 876 2391 Ptolemaei
894 2337 1032 2407 perlecto,
1060 2332 1133 2403 quod
1152 2338 1260 2390 constat
1277 2348 1312 2387 ex
1329 2332 1499 2408 adiapason,

152 2416 297 2469 monstrari
316 2424 431 2484 possunt
450 2424 478 2470 et
495 2417 585 2471 omnia
601 2433 702 2484 genera
720 2425 825 2485 cautus,
842 2425 869 2470 et
888 2431 982 2471 omnes
1000 2415 1104 2485 species
1122 2413 1270 2482 primarum
1295 2411 1500 2468 concordantia·

154 2507 222 2556 rum,
237 2502 264 2547 et
283 2511 376 2549 omnes
395 2496 467 2551 modi
485 2512 533 2549 seu
552 2497 617 2566 toni,
636 2496 684 2551 illa
701 2503 792 2551 tamen
810 2495 960 2565 amplitudo
978 2493 1113 2554 intervalli
1131 2509 1187 2548 non
1204 2491 1257 2547 alia
1274 2492 1390 2566 naturali
1406 2507 1499 2547 neces·

151 2570 247 2641 sitate,
272 2573 320 2628 sed
339 2573 424 2628 solius
443 2574 552 2628 humani
570 2582 667 2644 captus
684 2591 769 2630 causa
787 2577 935 2630 constituta
952 2574 1017 2642 fuit,
1041 2589 1092 2631 nac
1113 2580 1156 2629 est
1177 2570 1334 2639 verisimile,
1359 2571 1446 2626 Deum
1464 2582 1499 2624 ex

151 2647 204 2704 hoc
221 2651 360 2707 hominum
380 2659 525 2721 systemate
544 2654 685 2709 arbitrario
704 2655 882 2726 archetypum
900 2655 1013 2724 petiisse
1030 2653 1168 2724 compagis
1179 2650 1353 2722 planetarios.
1388 2650 1500 2706 Minima

150 2746 214 2784 vero
233 2740 275 2787 est
293 2733 460 2803 rationabile,
480 2733 672 2789 adnumerum
690 2750 819 2791 sonorum
837 2737 864 2790 in
883 2750 916 2789 eo
935 2735 1072 2790 stabilium
1090 2733 1266 2790 constitutum
1279 2746 1339 2786 esse
1358 2743 1499 2784 numerum

151 2812 299 2878 primarum
316 2813 344 2865 in
362 2813 462 2868 mundo
481 2814 659 2879 sphaerarum
682 2831 731 2870 seu
753 2816 932 2885 planetarum.
968 2816 1037 2870 Nam
1060 2827 1188 2868 numerus
1211 2827 1338 2866 sonorum
1362 2806 1500 2863 stabilium

150 2892 322 2959 septenarius
344 2893 466 2960 sequitur
489 2893 524 2948 ad
547 2893 622 2949 illam
645 2895 815 2950 arbitrariam
832 2895 987 2965 systematis
1013 2891 1232 2962 amplitudinem,
1255 2898 1284 2944 at
1300 2887 1336 2943 ad
1353 2886 1499 2942 ternarium

150 2970 227 3024 illum
245 2986 386 3026 numerum
409 2988 462 3026 non
480 2971 562 3041 plane
579 2974 743 3029 naturalium
768 2974 897 3043 generum
920 2981 1031 3041 cantus,
1055 2990 1109 3042 qua
1130 2970 1189 3026 sola
1206 2968 1383 3040 usurpatione
1404 2967 1500 3023 nititur

151 3049 290 3104 distinctio
308 3065 443 3118 sonorum,
462 3052 602 3107 instabiles
621 3060 649 3107 et
665 3053 791 3122 mobiles,
811 3069 871 3108 cum
889 3060 988 3109 natura
1005 3067 1097 3106 omnes
1115 3050 1175 3105 soni
1201 3047 1355 3118 systematis
1373 3046 1428 3101 sint
1446 3052 1500 3100 sta·

150 3126 229 3196 bdes,
247 3127 302 3182 hoc
319 3137 361 3182 est
379 3130 481 3185 definiti
499 3132 582 3189 certis
600 3141 714 3189 naturae
731 3133 819 3193 metis.
838 3131 890 3185 etsi
908 3131 955 3185 alii
973 3128 1033 3185 aliis
1051 3135 1148 3184 cautus
1166 3127 1335 3183 naturalibus
1357 3124 1501 3194 generibus

151 3205 241 3260 utiles.
277 3207 316 3261 Et
336 3217 367 3263 ut
385 3209 459 3280 dam,
484 3226 545 3266 esse
569 3212 622 3268 hoc
639 3218 758 3282 systema
776 3209 946 3265 retinendum
969 3216 997 3264 et
1019 3208 1046 3262 in
1067 3222 1099 3261 ιο
1124 3220 1205 3260 ιοιιι
1233 3203 1364 3273 quosdam
1387 3202 1501 3259 mobiles
1577 3234 1580 3243 ν

150 3284 345 3355 aestimandos,
365 3288 399 3341 ob
418 3288 552 3344 naturalia
570 3297 666 3345 cantus
684 3306 792 3356 genera,
812 3290 909 3344 ιιιιιι
927 3295 955 3341 ιι
972 3286 1061 3355 molle,
1080 3285 1166 3352 acob,
1185 3284 1203 3337 ιι
1221 3289 1250 3337 ιι
1266 3282 1317 3350 ἀρ,
1336 3299 1367 3346 c,
1383 3282 1400 3335 t
1418 3297 1501 3337 sonus

149 3379 200 3432 pro
219 3364 237 3419 2
256 3365 412 3435 mobilibus;
431 3375 521 3424 tamen
541 3386 602 3425 cum
621 3369 795 3439 disdiapason
813 3368 914 3422 habeat
934 3368 965 3423 15
985 3381 1066 3421 sonos
1084 3380 1132 3419 seu
1151 3363 1226 3417 locos
1244 3361 1345 3432 potius,
1362 3361 1380 3414 4
1397 3360 1442 3416 hic
1459 3377 1502 3417 so·

149 3443 208 3498 lum
226 3442 296 3497 fiunt
313 3444 436 3511 mobiles,
454 3446 510 3500 bini
527 3447 555 3501 in
574 3454 691 3515 utroque
709 3447 849 3516 diapason,
868 3443 1102 3502 bisonusacilieet
1115 3447 1237 3509 uterque,
1256 3441 1398 3494 restabunt
1415 3440 1500 3494 nihilo

147 3524 239 3578 miuus
258 3522 385 3578 undecim
402 3526 526 3594 stabiles,
553 3535 601 3582 aut
618 3528 641 3581 si
661 3527 742 3580 etiam
758 3529 785 3594 f,
811 3528 840 3594 sp
864 3541 915 3593 pro
932 3539 986 3578 uno
1013 3522 1084 3576 inter
1106 3519 1220 3573 mobiles
1247 3519 1288 3574 bis
1310 3532 1500 3575 accenseamus

149 3601 186 3655 ob
204 3603 284 3656 istam
302 3602 397 3657 literae
416 3606 636 3673 geminationem,
656 3604 708 3659 etsi
726 3603 903 3661 divisionibus
921 3601 1014 3672 primis
1032 3598 1278 3653 monochordorum
1295 3614 1350 3653 non
1367 3606 1501 3656 monstra·

148 3690 201 3741 tos,
221 3690 313 3735 tamen
332 3682 420 3737 adhuc
438 3692 517 3738 erunt
537 3700 648 3740 numero
667 3687 692 3752 9,
711 3693 808 3740 natura
825 3682 934 3752 quidem
953 3680 1030 3748 duce,
1050 3693 1118 3748 qnae
1131 3684 1223 3732 autem
1234 3676 1337 3731 clavem
1355 3693 1410 3733 non
1421 3678 1501 3733 docet

147 3761 296 3830 geminare.
516 3804 518 3807 .

223 3837 302 3907 Quod
328 3840 398 3894 enim
417 3842 588 3899 Ptolemaeus
613 3843 661 3897 4
653 3860 681 3897 ιι
704 3858 759 3898 una
786 3849 882 3896 octava
904 3854 952 3895 seu
970 3837 1102 3906 diapason
1128 3843 1156 3891 et
1179 3837 1307 3893 alciun
1326 3835 1501 3904 disdiapason

147 3925 278 3974 numerat
299 3919 419 3989 stabiles,
439 3921 467 3977 id
485 3929 527 3977 est
545 3931 660 3994 propter
676 3923 731 3978 ιιι
749 3930 789 3978 ιιι
778 3920 926 3977 trachorda
941 3917 1092 3987 conjuncta,
1111 3932 1182 3985 quae
1201 3917 1275 3972 sonis
1293 3918 1333 3984 A,
1353 3916 1417 3971 dat
1434 3914 1466 3983 d,
1484 3932 1502 3985 g

146 3997 351 4053 conducatur
343 4015 370 4052 ιι
389 4001 503 4070 singulis
522 4001 662 4071 diapason,
680 4017 795 4071 quorum
812 3999 987 4053 intermedius
1006 3999 1040 4065 (b,
1059 4015 1074 4054 c
1092 4004 1119 4051 et
1137 4015 1158 4065 e,
1176 3996 1198 4065 i)
1221 3996 1303 4066 longa
1324 3993 1502 4064 usurpatione

145 4075 225 4132 soliti
244 4082 308 4130 suut
325 4076 415 4132 iacere
433 4082 555 4151 mobiles,
577 4081 681 4135 scilicet
698 4098 753 4136 non
770 4087 875 4135 tantum
892 4080 929 4147 B,
947 4080 966 4133 ιι
984 4086 1012 4131 ιι
1030 4078 1074 4145 de,
1093 4093 1117 4145 ι,
1136 4076 1185 4131 ιιι
1198 4075 1319 4143 etiumc,
1338 4074 1385 4143 qui
1401 4082 1501 4141 tamen,

144 4162 251 4210 natura
270 4154 397 4226 docente,
422 4162 626 4215 constituuntur
643 4160 791 4214 rectissime
810 4157 937 4226 stabiles,
961 4158 1121 4227 praesertim
1139 4174 1161 4213 c.
1197 4157 1238 4211 Δι
1262 4154 1314 4211 etsi
1337 4154 1419 4209 etiam
1436 4152 1502 4208 mihi

143 4240 250 4289 natura
267 4249 359 4288 rerum
378 4240 600 4306 geometricamm
626 4238 717 4307 signat
735 4238 773 4303 G,
799 4254 827 4305 c,
850 4236 881 4305 d,
904 4252 1005 4307 yprae
1022 4238 1133 4302 ceteris,
1159 4252 1213 4291 non
1231 4251 1295 4291 vero
1317 4236 1407 4302 signat
1423 4251 1443 4287 c
1460 4229 1503 4288 sel

140 4320 174 4386 s,
195 4314 240 4383 sp,
261 4314 313 4368 nisi
332 4323 467 4382 quatenus
485 4333 530 4372 ars
550 4328 675 4375 naturam
693 4319 827 4377 imitatura
854 4324 883 4371 at
901 4317 992 4384 signat
1009 4318 1103 4372 eadem
1121 4324 1220 4372 natura
1237 4314 1303 4370 milri
1321 4313 1403 4367 etiam
1419 4312 1451 4377 b,
1475 4310 1502 4364 B

143 4403 174 4449 et
196 4394 247 4462 de,
273 4409 300 4461 e,
325 4410 379 4462 qno
398 4397 504 4451 nomine
521 4398 636 4453 mobiles
655 4398 709 4452 duo
727 4398 766 4466 B,
791 4398 855 4451 tet
874 4397 923 4464 de,
942 4413 956 4451 c
973 4395 1007 4450 ab
1025 4396 1144 4465 antiquis
1161 4395 1260 4463 habiti,
1289 4391 1502 4463 praestantiores

142 4489 213 4529 esse
232 4471 364 4526 deberent
382 4473 474 4528 stabili
491 4493 517 4529 a
555 4477 626 4543 Quin
645 4477 707 4544 imo,
726 4476 749 4531 si
768 4492 877 4530 causam
895 4473 1034 4543 respicias,
1052 4491 1101 4529 eur
1118 4473 1292 4541 disdiapason
1305 4470 1502 4536 introducatur,

141 4552 196 4607 illa
218 4558 260 4604 est
278 4550 403 4606 desumta
421 4569 456 4607 ex
474 4556 617 4610 omnifaria
635 4555 807 4611 successione
827 4571 956 4609 sonorum
974 4555 1081 4608 omnino
1101 4552 1233 4620 omnium,
1252 4566 1305 4605 non
1325 4558 1429 4605 tantum
1448 4556 1501 4603 sta·

138 4631 252 4687 bilium.
288 4629 317 4684 Si
343 4647 408 4702 ergo
432 4634 478 4689 hic
501 4635 590 4691 solum
614 4633 728 4690 stabiles
751 4632 966 4701 consideramus,
992 4631 1060 4687 nihil
1077 4630 1119 4691 ιι,
1129 4629 1203 4699 illos,
1227 4637 1258 4685 ut
1275 4628 1357 4698 tales,
1385 4625 1503 4697 pertinet

140 4720 239 4767 totum
258 4717 376 4778 systema
397 4712 580 4784 disdiapason.
615 4714 684 4768 Nam
702 4713 772 4768 idem
792 4714 872 4782 ordo,
899 4712 945 4781 qui
964 4718 1006 4766 est
1023 4711 1142 4781 interp,
1166 4727 1193 4778 c,
1217 4710 1247 4778 d,
1264 4726 1283 4779 p
1300 4706 1415 4762 recurrit
1432 4706 1502 4759 inter

140 4815 170 4859 c,
192 4790 225 4857 f,
240 4805 270 4859 g,
289 4807 303 4844 ι
321 4799 349 4846 ιι
367 4794 400 4859 d,
416 4811 447 4863 g,
467 4811 500 4861 a,
519 4795 551 4863 d,
569 4793 688 4848 noudum
705 4792 817 4862 impleto
835 4800 982 4861 systemate
1000 4784 1181 4858 disdiapason.
1218 4785 1405 4855 Itaqus‘quod
1423 4784 1501 4841 affec·
1584 4842 1588 4853 ,

139 4878 252 4931 monem
271 4874 428 4932 stabilitatis
446 4870 552 4940 attinet,
570 4871 674 4945 suflicit
690 4871 744 4929 illis
762 4879 881 4941 systema
899 4871 1069 4928 diatessaron
1087 4886 1148 4926 oum
1167 4868 1310 4938 diapason,
1328 4865 1402 4936 quod
1419 4865 1502 4922 habat
