3567 5625
505 408 642 469 indicium
659 407 771 483 Kapleri
788 411 823 468 de
840 423 1029 469 mensurarum
1045 410 1217 484 aequatione.
1471 417 1533 484 dib
1620 461 1627 484 .

183 585 212 641 h.
230 602 254 642 e.
274 586 308 643 de
324 586 356 642 21
378 586 511 644 undecim.
548 588 757 644 correctorem
776 586 897 659 cylindro
920 585 1054 657 sphaerae
1076 602 1176 657 corpus
1201 604 1255 643 nna
1277 588 1421 659 corrigitur
1437 597 1534 660 estque

184 665 491 737 2094395102393195t3
510 667 603 736 itaque
622 667 722 722 divisor
739 669 791 722 iste
810 667 846 722 sit
863 666 961 735 prioris
979 666 1040 723 bes:
1067 666 1195 737 prodiens
1222 667 1274 722 erit
1301 666 1410 725 dimidio
1435 670 1533 739 prioris

183 745 296 811 auctior,
314 760 352 800 ao.
371 760 499 801 numeros
517 744 583 800 iate:
603 745 888 817 157085928031700,
917 746 995 815 cujus
1012 745 1091 802 radix
1117 745 1213 803 cubica
1240 746 1419 816 539⁸⁶³³sm
1442 747 1534 818 prodit

183 823 343 880 diametrum
362 823 660 894 quaesitae'sphaerae.

710 1004 764 1064 tu
787 1005 908 1083 caput
930 1005 999 1064 vn.

271 1155 333 1211 Jam
350 1170 511 1226 responsum
530 1163 573 1212 est
589 1157 662 1227 apud
682 1157 747 1226 Cap.
767 1158 799 1213 V.
835 1157 981 1227 Nunquam
999 1155 1067 1212 adeo
1093 1163 1154 1212 tota
1171 1164 1214 1212 est
1231 1156 1354 1227 operatio
1371 1174 1421 1228 per
1437 1158 1530 1230 lineas,

181 1249 232 1289 nec
249 1242 292 1290 ast
308 1235 478 1304 geometrica,
497 1250 548 1290 nec
565 1243 630 1290 sont
646 1235 772 1290 inventae
790 1235 877 1290 lineroe
899 1237 928 1291 in
951 1252 984 1291 ea
1006 1235 1041 1290 ad
1066 1251 1096 1290 se
1118 1242 1212 1291 mutuo
1230 1238 1414 1306 proportione,
1432 1237 1460 1293 in
1477 1255 1532 1308 qua

181 1319 224 1367 est
242 1312 329 1367 cubus
347 1313 382 1367 ad
400 1312 549 1378 cylindrum
566 1320 615 1368 aut
632 1313 784 1383 sphaeram,
803 1329 837 1368 ne
850 1314 991 1384 proximae
1009 1313 1116 1384 quidem
1135 1313 1232 1384 lineae,
1250 1315 1349 1383 quibus
1368 1317 1530 1385 exprimere·

182 1399 228 1445 tur
245 1393 313 1447 haec
330 1393 481 1462 proportio.
518 1393 571 1448 Sed
590 1407 641 1448 nec
661 1399 778 1461 possrint
793 1393 906 1448 inveniri
925 1394 1073 1463 praecisae.
1111 1393 1260 1461 Quodlibet
1276 1394 1346 1450 enim
1363 1393 1436 1450 latus
1453 1393 1530 1463 poly-

181 1470 243 1539 goni
270 1469 370 1526 circulo
395 1470 516 1541 inempti
543 1470 627 1526 habet
652 1471 823 1526 remotiorem
852 1465 1078 1527 demonstrandae
1105 1472 1287 1542 proportionis
1315 1488 1381 1528 suae
1406 1472 1529 1541 gradum,

182 1557 338 1618 separatum
364 1549 398 1604 ab
417 1549 649 1606 antecedentibus.
684 1550 763 1605 Solos
782 1550 899 1606 menius
925 1557 990 1619 post
1018 1566 1110 1605 omnes
1131 1549 1233 1621 figuras
1257 1550 1406 1622 polygonos
1435 1548 1526 1606 adhuc

181 1636 306 1699 superest
323 1645 377 1684 non
396 1630 596 1686 demonstratus
624 1645 675 1686 nec
699 1630 942 1698 demonstrandus,
969 1630 1022 1684 nisi
1048 1628 1123 1699 prius
1151 1630 1336 1687 demonstrata
1359 1630 1413 1684 sint
1440 1630 1530 1685 omnia

182 1709 327 1778 polygona,
346 1725 462 1779 quorum
478 1708 591 1765 infinite.
626 1708 798 1779 Impossibile
815 1710 899 1779 igitur
916 1707 1094 1764 demonstrari
1113 1708 1250 1764 cuculum.
1286 1707 1430 1777 Nunquam
1447 1709 1529 1776 igitur

179 1788 236 1844 ulla
252 1789 383 1843 linearum
400 1789 568 1858 praecisione
586 1789 733 1844 evitabitnr
750 1787 904 1844 emorculus
921 1803 1104 1856 numerorum,
1130 1788 1196 1856 quin
1218 1787 1308 1857 potius
1326 1787 1526 1857 aggravabitur.

181 1866 277 1922 Laudo
296 1874 386 1922 umen
403 1867 565 1924 industriam
583 1865 713 1924 Schoneri
730 1868 758 1923 in
776 1866 947 1922 mechanicae
965 1865 1178 1934 investigationis
1201 1864 1342 1921 exercitio:
1370 1865 1420 1919 etsi
1440 1864 1527 1919 laten·

181 1944 244 1999 dum
263 1951 314 2010 est,
333 1944 419 2002 lineas
437 1946 472 2003 ab
489 1946 537 2002 illo
554 1947 649 2004 ductu
676 1946 704 2002 in
730 1946 905 2017 proportione
932 1946 995 2002 cubi
1020 1944 1054 2000 ad
1080 1943 1230 2012 cylindrum
1255 1958 1328 1998 mere
1353 1942 1525 1999 mechanicas

180 2037 241 2077 esse
259 2039 309 2077 nec
327 2025 486 2081 numerandi
503 2025 622 2082 taedium
644 2025 800 2093 sublevare,
826 2026 875 2081 sed
898 2038 1125 2095 praesupponere.
1163 2021 1232 2077 Nam
1250 2020 1433 2090 corpulentias
1451 2022 1526 2091 prius

180 2101 327 2173 explicarit
343 2103 371 2158 iu
389 2103 515 2172 numeris,
534 2109 631 2173 postea
648 2118 684 2156 ex
700 2102 818 2159 numeris
835 2104 863 2158 in
881 2102 967 2159 lineas
985 2100 1123 2156 uanstuiit
1141 2105 1241 2170 quanta
1259 2102 1348 2168 potuit
1365 2100 1525 2170 subtilitate,

180 2183 229 2238 ubi
240 2182 349 2252 quidem
361 2184 452 2238 naum
460 2183 488 2238 in
500 2183 581 2238 tertio
594 2182 678 2251 digito
690 2198 707 2237 a
719 2181 829 2238 sinum
840 2195 1012 2238 numerorum
1022 2178 1200 2235 subtilitatem
1213 2176 1338 2233 deserere
1350 2185 1460 2235 coactns
1473 2185 1524 2234 est.

701 2361 754 2421 Ad
776 2362 894 2439 Caput
915 2359 999 2420 vm.

266 2514 318 2569 Hic
335 2529 390 2570 uon
407 2520 451 2571 sat
469 2519 560 2570 certus
578 2529 645 2580 sum,
663 2530 698 2569 an
716 2529 826 2570 sensum
843 2510 985 2568 verborum
1003 2509 1046 2566 rel
1062 2510 1139 2579 ipse,
1166 2509 1209 2567 rel
1231 2512 1312 2566 etiam
1338 2512 1464 2580 quiante
1481 2528 1525 2570 me

178 2593 352 2662 scripserunt,
369 2594 579 2663 perceperimus.
615 2592 691 2661 Quae
704 2593 786 2661 igitur
803 2591 836 2646 ad
854 2606 967 2660 scopum
984 2590 1143 2658 responderi
1161 2606 1242 2660 posse
1260 2590 1396 2660 existimo,
1423 2589 1524 2646 diserte

180 2686 328 2740 proponam
346 2671 373 2725 in
392 2672 464 2726 hunc
481 2672 598 2727 modum.
635 2672 740 2726 Sitrae
758 2669 955 2741 cylindraceum
973 2667 1138 2737 ordinatum,
1166 2669 1246 2740 cuijus
1265 2669 1396 2726 diameter
1414 2678 1443 2725 et
1460 2669 1523 2725 alti·

179 2749 245 2804 tudo
265 2755 380 2819 occupet
397 2756 490 2820 partes
508 2749 620 2805 lineales
637 2750 697 2819 400,
716 2748 855 2820 quaeritur
872 2747 959 2802 inane.
985 2747 1052 2802 Cum
1070 2761 1135 2816 ergo
1152 2756 1245 2818 partes
1262 2747 1311 2803 471
1336 2748 1450 2804 lineales
1466 2765 1522 2804 me·

177 2829 281 2883 tiantur
297 2843 345 2883 vas
364 2830 380 2884 8
398 2845 557 2895 marcarum,
575 2828 671 2884 ducam
689 2828 762 2884 hunc
779 2842 920 2884 numerum
938 2825 979 2881 bis
997 2825 1025 2880 in
1044 2842 1082 2895 se,
1101 2833 1131 2881 ut
1142 2826 1191 2881 lint
1203 2827 1297 2893 cubus,
1315 2828 1361 2897 qui
1374 2829 1425 2884 erit
1435 2829 1524 2896 major

179 2924 259 2975 qnam
277 2908 424 2979 82250000,
444 2910 507 2977 quia
526 2926 542 2964 a
559 2909 655 2978 majori
672 2909 774 2965 radice:
793 2908 889 2964 ducem
908 2907 990 2961 etiam
1007 2906 1060 2962 400
1077 2905 1119 2961 bis
1137 2906 1166 2961 in
1178 2921 1216 2975 se,
1229 2913 1362 2975 eruntque
1375 2908 1522 2976 04000000,

179 2985 263 3041 cubus
282 2987 387 3041 numeri
405 2987 464 3043 400.
501 2986 539 3043 Ut
555 3002 619 3057 ergo
637 2987 710 3056 prior
727 2986 864 3041 inanitatis
882 2999 1010 3039 uumerus
1037 2984 1071 3038 ad
1088 2984 1105 3039 8
1123 2999 1244 3052 marcas,
1272 2986 1311 3040 sie
1328 2986 1462 3054 posterior
1479 2985 1524 3039 hic

178 3065 212 3119 ad
231 3080 334 3120 marcas
346 3064 505 3134 posterioris
523 3064 692 3134 cylindracei.
728 3066 798 3133 Quia
824 3064 875 3120 etsi
902 3078 951 3133 per
977 3062 1061 3117 cubos
1088 3079 1248 3133 operamur,
1275 3081 1341 3119 rasa
1366 3080 1430 3119 sero
1459 3068 1524 3118 sunt

177 3143 353 3212 cylindracea,
373 3145 503 3199 cuborum
521 3152 611 3198 tamen
630 3141 914 3212 comprehendentium
932 3141 966 3196 ad
990 3140 1126 3209 cylindros
1152 3157 1216 3196 suos
1241 3158 1348 3212 semper
1367 3149 1409 3197 est
1428 3142 1522 3197 eadem

176 3223 324 3291 proportio.
360 3222 464 3276 Eadem
482 3221 516 3276 de
541 3222 662 3291 sphaeris
690 3219 820 3290 dicenda,
847 3218 955 3288 quando
983 3218 1081 3273 lineale
1107 3219 1199 3288 prodit
1224 3219 1373 3289 particulas
1398 3219 1523 3275 diametri

177 3298 383 3356 bombardariae
401 3309 429 3356 et
445 3304 485 3357 sic
503 3299 654 3370 ejaculandi
672 3298 751 3368 globi.
1492 3350 1494 3361 .
1568 3354 1574 3361 .

263 3379 317 3435 Sed
344 3387 373 3436 et
395 3381 476 3436 letius
502 3381 610 3436 extendi
634 3385 727 3448 potest
752 3377 780 3432 in
799 3376 933 3449 cylindris.
972 3377 1059 3449 Sunto
1081 3376 1252 3446 cylindracea
1276 3384 1449 3446 quotcunque
1466 3394 1522 3433 non

180 3459 326 3528 aequantia
343 3459 503 3515 metrum
520 3457 671 3525 altitudine,
690 3455 738 3510 sed
756 3471 869 3524 quorum
887 3455 1012 3510 diametri
1036 3462 1065 3510 et
1087 3455 1245 3512 altitudines
1269 3454 1367 3511 dentur
1385 3455 1522 3524 sigillatim

176 3555 226 3607 per
242 3539 350 3594 lineale.
386 3540 492 3595 Ducam
509 3538 653 3593 diametros
670 3535 699 3590 in
717 3551 755 3605 se,
773 3533 908 3603 producta
924 3535 953 3589 in
970 3533 1141 3590 altitudines:
1160 3534 1307 3605 prodibunt
1323 3549 1448 3589 vasorum
1466 3550 1521 3590 non

18 3612 19 3619 '
76 3628 80 3631 “
173 3618 235 3686 ipsa
253 3618 362 3687 quidem
378 3617 482 3685 mania,
506 3615 554 3672 sed
572 3623 661 3670 tamen
678 3613 798 3682 numeri,
825 3614 1010 3669 custodientes
1034 3613 1147 3670 candem
1165 3614 1376 3685 proportionem,
1395 3629 1476 3683 quam
1493 3621 1522 3669 et

174 3698 340 3766 capacitates
358 3714 419 3752 cnm
437 3695 508 3751 inter
525 3710 555 3749 se
573 3702 630 3749 tum
648 3690 683 3746 ad
700 3693 879 3762 capacitatem
888 3692 960 3748 vasis
977 3692 1093 3747 ordinati
1110 3707 1144 3746 ex
1162 3692 1303 3762 particulis
1321 3694 1381 3763 lii,
1399 3691 1423 3748 si
1441 3693 1522 3748 etiam

173 3773 225 3827 hae
243 3774 330 3831 lineae
343 3775 437 3832 cubice
455 3774 674 3844 multiplicentur.

262 3852 383 3923 Sphaera
395 3853 481 3909 omnis
494 3848 764 3921 comprehendentem
777 3848 876 3903 cubum
889 3846 1094 3917 praesupponit,
1112 3862 1167 3901 non
1179 3862 1242 3903 sero
1255 3847 1519 3918 parallelepipedon;

175 3929 268 4000 itaque
285 3930 312 3985 iu
331 3930 453 4002 sphaeris
471 3930 511 3985 ita
528 3929 582 3984 late
599 3928 736 3996 negotium
763 3925 874 3981 extendi
897 3942 952 3980 non
978 3932 1078 3994 potest.
1114 3925 1167 3979 Est
1189 3932 1281 3980 tamen
1307 3926 1360 3982 alia
1387 3926 1521 3995 quaedam

174 4007 263 4076 ligura
280 4009 367 4065 solida
385 4010 466 4078 hujus
485 4008 605 4077 generis,
623 4005 712 4062 latiori
730 4002 886 4060 definitione
903 4004 1115 4077 comprehensa,
1143 4020 1213 4073 quae
1235 4006 1263 4060 in
1288 4004 1340 4060 hoc
1366 4003 1519 4074 analogiam

173 4103 234 4141 cum
253 4085 429 4156 cylindraceis
447 4089 551 4158 pariat,
577 4102 673 4155 nempe
700 4085 815 4141 solidum
838 4085 967 4140 conoides
993 4083 1142 4153 ellipticum
1159 4100 1208 4141 seu
1226 4084 1373 4154 uniforme,
1401 4083 1474 4154 quod
1492 4083 1521 4138 in

171 4164 266 4220 uiuum
285 4170 396 4222 monus
414 4167 462 4243 sui
470 4167 588 4271 frusino
607 4164 726 4220 admittit
743 4165 824 4219 etiam
842 4164 994 4236 sphaeram

709 4325 758 4386 Ad
781 4326 901 4403 Caput
921 4324 980 4385 IX.

257 4478 425 4549 Logisticam
443 4479 597 4534 cacumine
615 4476 814 4548 progressionis
832 4475 910 4531 rideo
929 4491 945 4530 a
963 4476 1101 4531 Sehonero
1119 4476 1201 4546 plane
1219 4475 1384 4547 absolutam,
1403 4483 1431 4532 et
1448 4476 1519 4532 inest

170 4558 431 4651 inconsideratione
448 4558 550 4615 inventi
567 4557 648 4626 hujus
666 4556 811 4626 plurimum
829 4554 1023 4611 delectationis.
1059 4553 1130 4622 Quid
1149 4555 1220 4611 enim
1237 4573 1292 4611 uon
1304 4561 1395 4625 potest
1406 4553 1519 4610 humani

135 4766 138 4771 .
173 4638 416 4773 mgenlilliidledgno
433 4672 571 4787 proiisum
589 4730 606 4770 a
624 4714 770 4781 Schonero,
790 4721 822 4768 ut
838 4711 1000 4781 scripturam
1018 4710 1175 4767 emendaret
1191 4727 1241 4783 per
1252 4719 1366 4782 puncta3
1386 4727 1435 4767 nec
1448 4709 1518 4766 enim

171 4795 297 4853 sufficere
316 4803 443 4866 poterant
460 4795 559 4866 apices.
597 4794 753 4863 Cogitabam
770 4794 830 4863 ipse
849 4791 1019 4847 characteres
1036 4787 1105 4842 alios
1123 4788 1303 4861 deligendum
1321 4806 1383 4845 nam
1396 4788 1518 4846 confusio

173 4876 319 4933 metuenda
336 4875 388 4939 tuit
404 4883 553 4947 perpetua,
581 4873 708 4931 euntibus
730 4889 748 4929 a
768 4872 785 4928 7
804 4871 896 4929 stanm
913 4870 942 4925 in
961 4869 1000 4925 10.
1035 4868 1183 4940 Postquam
1207 4883 1272 4928 sero
1299 4874 1327 4929 et
1352 4868 1518 4927 Schonerom

222 4982 320 5039 Kephari
332 4980 408 5036 Opere
419 4981 448 5027 V.
1320 4962 1363 5024 40
