3567 5625
660 436 689 493 in
704 433 878 495 Harmoniam
894 436 997 498 hund.
1459 445 1498 507 19

161 613 209 677 hic
230 613 316 676 dictis
337 589 494 696 appositior
528 615 632 695 ,Vale
675 618 732 682 Die
755 619 784 681 9.
807 618 880 683 Dec
906 618 1020 695 ltiW,
1048 619 1105 680 nisi
1126 635 1274 682 assumere
1295 617 1385 695 velis,
1415 617 1499 699 Kep-

162 700 254 765 lerum
274 702 414 782 libellum,
436 711 592 784 numquam
612 704 652 768 ad
672 706 757 770 finem
779 707 871 786 proeli
892 709 1082 786 pervenisset,
1103 704 1231 768 Fluddio
1252 709 1456 769 transmisisse.

255 808 301 870 De
313 809 372 871 hoo
386 808 503 870 Fluddii
517 810 617 873 libello
630 829 726 890 pauca
739 813 881 873 habemus
897 828 972 890 quae
988 808 1126 874 dicemus.
1149 812 1265 874 Priores
1278 815 1384 891 repetit
1398 812 1500 890 objur-

162 896 294 973 getiones
315 916 423 976 magna
445 917 481 960 ex
501 905 598 977 parte,
628 900 701 960 nihil
723 903 808 977 nori,
840 900 920 977 quod
949 908 1108 961 memoratu
1137 899 1257 977 dignum
1286 904 1340 977 sit,
1369 901 1500 962 afferens

163 978 300 1046 Oratione
321 989 422 1062 utitur,
450 988 476 1047 ei
498 995 592 1048 totum
612 990 807 1066 spectaretis,
838 989 1027 1064 modestiore,
1050 1006 1227 1067 quamquam
1249 988 1344 1050 elucet
1366 1001 1502 1049 nonnun-

163 1086 251 1147 quam
272 1075 387 1135 animus
409 1073 523 1153 Angiici
545 1075 699 1153 theosophi
721 1094 740 1136 a
760 1075 889 1153 Kepiero
920 1078 1097 1138 vulneratus.
1151 1074 1336 1155 Quantopere
1358 1077 1501 1155 Kepierus

163 1157 199 1219 dc
221 1160 428 1224 mathematica
450 1171 479 1224 et
500 1167 677 1225 astronomia
698 1166 842 1239 meruerit,
865 1167 959 1242 magis
978 1182 1065 1242 quem
1087 1173 1174 1226 eume
1196 1182 1366 1243 agnoscens,
1389 1167 1450 1225 suis
1466 1164 1502 1226 de

163 1247 272 1309 mundo
293 1253 425 1329 mysticis
446 1253 632 1330 opinionibus
652 1251 718 1330 pirre
741 1269 830 1330 quem
843 1251 964 1331 Kepieri
978 1253 1116 1332 operibns
1135 1254 1244 1316 tribuit.
1275 1252 1348 1318 cun
1363 1252 1504 1315 nonnulla

164 1351 200 1396 ea
221 1337 279 1398 hoc
298 1355 438 1416 responso
460 1339 697 1401 adnotationibus
719 1341 758 1401 ed
779 1340 900 1418 Kepleri
922 1342 1096 1420 Apologiam
1123 1358 1177 1403 eno
1207 1342 1273 1404 ioco
1302 1339 1523 1420 adjecerimus„

162 1440 267 1502 pauca,
291 1443 367 1503 quae
389 1428 420 1486 in
441 1426 498 1489 flue
520 1429 665 1507 leguntur,
688 1428 788 1490 ndens
808 1429 900 1490 iubet

263 1530 410 1612 Keplerus
428 1529 543 1594 'dumet
565 1534 594 1592 in
615 1550 735 1594 numero
751 1535 808 1594 id:
842 1532 915 1594 mihi
935 1537 1075 1613 mysteria
1096 1542 1149 1594 tua
1168 1533 1307 1612 perplexa
1327 1540 1396 1594 sunt
1418 1533 1505 1612 culpa

164 1625 216 1679 tua
237 1626 440 1698 tuorumque,¹
454 1638 527 1698 quos
548 1619 668 1696 laudas,
689 1638 792 1682 roseae
813 1624 907 1684 crucis
927 1623 1056 1698 fratrum,
1079 1624 1129 1699 qui
1151 1622 1267 1699 iugimt
1289 1620 1327 1682 ad
1348 1621 1453 1683 salices
1475 1629 1505 1682 et

165 1723 197 1767 se
220 1710 341 1785 eupiunt
361 1715 449 1769 antea
469 1708 570 1770 videri.
601 1708 648 1769 Ad
670 1709 743 1770 haec
765 1708 925 1770 iliuddiue:
950 1714 1061 1770 manes
1078 1728 1172 1772 roseae
1191 1713 1233 1768 cr.
1251 1711 1366 1782 majores
1383 1712 1504 1784 protecto

164 1795 241 1861 tunt,
260 1806 341 1860 quam
357 1792 456 1862 quibus
473 1792 663 1848 malevolorum
681 1790 825 1862 opprobria
841 1808 939 1848 nocere
957 1793 1070 1864 possint.
1104 1793 1132 1848 0
1150 1808 1230 1862 quarn
1248 1807 1361 1864 corpore
1378 1791 1506 1848 robustus

164 1868 377 1941 msetdoaunss,
395 1886 476 1943 quam
493 1870 590 1943 spiritu
604 1877 702 1942 potens
721 1877 749 1925 et
765 1869 853 1940 fortis,
872 1871 917 1941 qul
935 1872 1104 1939 incumbes,
1122 1869 1295 1941 philosophia
1307 1877 1335 1926 et
1346 1869 1507 1941 theosophis

165 1950 405 2024 eminentissimos,
429 1951 488 2008 solo
513 1968 563 2009 suo
581 1957 649 2009 nutu
666 1957 786 2022 cogeret,
813 1958 844 2006 ut
861 1950 890 2006 in
907 1952 1044 2010 hominum
1069 1951 1248 2020 frequentiam
1265 1951 1413 2020 prodirent.
1448 1950 1506 2006 lmo

165 2029 228 2089 rer'o
245 2047 297 2089 nec
313 2033 364 2089 ubi
380 2048 431 2088 nec
447 2031 513 2087 mihi
529 2031 684 2089 obedientes
702 2031 854 2101 neminique
872 2033 926 2088 nisi
937 2032 989 2088 soli
1000 2035 1058 2090 Deo
1080 2029 1195 2098 subjecti
1206 2031 1233 2085 in
1244 2023 1382 2102 publicum
1399 2030 1508 2101 prodire

165 2120 193 2169 et
202 2112 305 2169 mundo
323 2128 353 2169 se
370 2112 491 2169 revelare
508 2128 557 2170 suo
572 2120 693 2181 tempore
703 2109 801 2181 procul
812 2109 894 2166 dubio
906 2127 959 2166 non
973 2111 1112 2178 desistent,
1130 2110 1193 2165 dum
1205 2111 1308 2167 interes
1319 2112 1507 2189 tam'Joennea

166 2209 246 2263 qusrn
258 2192 395 2249 Robertns
412 2192 470 2249 suis
488 2192 608 2249 contenti
625 2195 750 2246 moneant
767 2188 990 2259 conceptiombus
1008 2196 1036 2245 et
1053 2196 1149 2246 conns
1165 2190 1297 2259 homines,
1315 2187 1382 2261 ipsis
1396 2197 1427 2247 ut
1443 2189 1509 2245 mihi

163 2271 273 2326 ridetur
290 2269 388 2326 millies
405 2269 548 2341 doctiores,
566 2270 666 2341 probra
682 2277 711 2326 et
728 2269 848 2326 convicia
865 2269 924 2325 sine
941 2285 1025 2325 causa
1041 2275 1069 2325 et
1086 2270 1190 2325 ratione
1207 2269 1305 2326 inferre
1317 2270 1456 2340 desistent,
1474 2285 1508 2326 ne

167 2346 236 2405 bsec
252 2349 363 2420 hugues
381 2364 446 2405 enee
463 2347 668 2418 intemperantis
678 2348 712 2405 iis
724 2347 833 2404 taudem
845 2346 990 2417 eliquendo
1002 2346 1127 2403 damnum
1140 2347 1243 2404 edent
1270 2346 1384 2407 Deinde
1398 2349 1507 2423 pergit:

166 2428 219 2482 ists
244 2427 388 2499 spoiogiee
411 2428 525 2484 loannis
547 2442 612 2497 pare
633 2426 730 2497 jurgiis
752 2425 834 2496 piena
858 2434 901 2482 est
926 2434 954 2482 et
978 2443 1031 2483 non
1056 2429 1145 2497 magni
1168 2444 1230 2483 cnm
1252 2428 1349 2485 ceterIs
1372 2427 1509 2484 nonnullis

166 2507 296 2562 momenti
311 2506 432 2578 materia
451 2522 534 2578 quere
552 2521 612 2562 eam
629 2504 768 2563 bresitstis
787 2519 870 2561 cause
887 2504 1062 2561 omittendam
1079 2520 1184 2562 censeo.
1228 2502 1320 2576 Tunc,
1341 2505 1509 2580 provocatis

168 2592 219 2670 qui
245 2590 370 2670 legerint
400 2594 475 2652 inter
501 2608 533 2651 ee
564 2597 593 2652 et
619 2589 778 2669 Kepierum
808 2591 933 2666 arbitris,
966 2593 1093 2667 quaerit,
1122 2605 1218 2651 nonne
1249 2593 1311 2670 ipse
1342 2588 1510 2668 philosophi

167 2682 284 2740 nomine
306 2677 467 2756 digniorem
489 2695 578 2755 quam
597 2677 742 2757 Kepierue
771 2679 801 2735 in
824 2678 879 2739 hac
902 2695 992 2739 eausa
1012 2695 1046 2739 ee
1067 2680 1250 2757 praestiterit,
1281 2684 1311 2739 et
1332 2677 1417 2738 finem
1440 2677 1510 2738 iacit

168 2766 212 2828 hia
227 2766 327 2829 timu:
350 2768 459 2827 tametsi
475 2770 516 2825 vir
532 2769 694 2837 durissime,
716 2775 747 2825 ut
763 2768 799 2825 ad
813 2768 917 2841 justsm
934 2784 984 2840 ego
1002 2768 1082 2825 variis
1099 2768 1181 2839 hujm
1198 2768 1347 2840 Apologiee
1363 2774 1426 2826 crae
1442 2767 1511 2825 iocis

167 2849 379 2922 indignationem
397 2855 520 2906 arrectm
537 2848 601 2903 mibi
619 2865 673 2905 non
689 2848 861 2906 mediocriter
878 2865 1076 2916 succenserem,
1099 2848 1153 2904 imo
1175 2866 1239 2905 sero
1260 2866 1310 2920 pro
1332 2849 1412 2906 modo
1430 2843 1510 2905 rehe-

168 2929 284 2986 ruentiae
302 2937 330 2985 et
346 2926 460 2984 ferroris
478 2926 518 2983 tui
535 2928 679 2998 saevirem,
705 2929 845 2999 aptissima
862 2945 893 2985 se
910 2926 1065 3000 praebuerit
1088 2930 1208 2984 occasio:
1235 2944 1269 2984 en
1286 2936 1377 2985 tamen
1394 2936 1423 2984 et
1440 2942 1511 2998 ecce,
1627 2932 1631 2945 '

168 3005 395 3080 quemadmodum
411 3006 516 3078 magico
534 3005 716 3062 susurramine
733 3023 827 3065 amnes
850 3008 935 3079 agiles
957 3006 1068 3075 reverti,
1095 3014 1189 3063 ventos
1211 3008 1351 3064 unanimes
1373 3006 1512 3076 exspirare

168 3095 249 3158 atque
273 3085 387 3155 irrigaris
404 3084 558 3142 violentiam
580 3085 702 3143 inhibere
724 3086 862 3156 dicmtnr,
889 3087 929 3143 eie
953 3085 1034 3141 etiam
1056 3101 1113 3156 me,
1137 3085 1319 3143 moderamine
1337 3094 1365 3143 et
1380 3085 1513 3157 punientia

169 3165 274 3222 meliori
291 3165 423 3222 imbutum
440 3171 520 3234 etque
537 3163 652 3222 bilosum
669 3166 697 3221 in
715 3181 775 3221 meo
792 3165 942 3222 meditullio
966 3164 1139 3236 elementum,
1163 3172 1302 3234 utcunque
1320 3165 1349 3221 in
1366 3182 1396 3221 se
1413 3163 1512 3219 mobile

169 3251 197 3300 et
222 3242 361 3315 rapidum,
385 3243 601 3312 aequanimitatis
626 3253 690 3302 tuae
713 3252 796 3317 atque
818 3245 952 3302 amicitiae
974 3244 1080 3301 oblatae
1104 3242 1200 3313 spiritu
1225 3243 1412 3315 propitiatam,
1447 3243 1512 3299 mite
1606 3244 1609 3257 ’

170 3330 252 3395 utque
268 3323 354 3380 lixum
371 3324 437 3378 setis
454 3323 595 3392 hucusque
612 3330 640 3380 te
657 3323 793 3381 invenisse
810 3339 898 3395 spero,
917 3339 970 3395 quo
982 3323 1031 3379 tibi
1048 3323 1160 3380 comiter
1176 3323 1323 3392 mundique
1339 3322 1452 3379 literatis
1469 3337 1512 3378 me

170 3410 245 3460 tuam
262 3403 293 3460 iu
309 3402 425 3459 mathesi
442 3402 554 3474 glorium
572 3412 619 3460 ant
642 3402 827 3460 ebuccinatam
850 3402 878 3458 in
901 3402 1086 3474 philosophia,
1110 3400 1285 3472 qualisqualis
1308 3409 1362 3473 est,
1387 3401 1513 3458 simulem
1579 3436 1585 3451 ι

171 3482 351 3540 aemulatione
368 3488 416 3539 aut
431 3481 530 3539 invidia
547 3482 656 3539 minime
672 3497 790 3553 unquam
807 3487 987 3552 persecutum,
1013 3483 1062 3540 sed
1079 3481 1152 3553 quod
1169 3497 1257 3536 meum
1275 3488 1318 3537 est
1333 3479 1433 3553 potins,
1464 3486 1512 3538 st·

171 3563 278 3620 lauticis
296 3562 375 3634 qnasi
392 3563 510 3620 humeris
527 3567 679 3620 sustentdre
696 3561 724 3615 in
742 3559 966 3631 praecedentibus
983 3577 1141 3633 eggressum
1158 3561 1303 3618 indicarem
1322 3601 1329 3616 .
1349 3603 1356 3616 .
1375 3603 1383 3620 .

276 3651 319 3706 Sis
331 3649 420 3721 igitur,
437 3650 478 3705 uir
492 3651 667 3720 ornatissime,
685 3650 714 3707 in
725 3650 821 3707 studiis
833 3649 886 3707 tuis
899 3650 1096 3709 mathematicis
1107 3649 1173 3706 felix
1184 3657 1266 3721 etque
1277 3649 1392 3718 mustus,
1408 3664 1513 3721 precor,
1561 3714 1565 3719 g

171 3731 320 3790 annunti
336 3729 509 3802 philosophie
525 3730 660 3787 moenem
678 3730 779 3787 susdso
797 3736 849 3786 etc.

280 3825 360 3887 Huic
382 3825 503 3887 consilio
531 3826 684 3886 obsecutus
706 3822 850 3902 Kepierus
871 3820 991 3882 Fluddii
1016 3821 1116 3906 libello
1142 3840 1201 3883 non
1227 3821 1390 3901 respondit,
1419 3822 1512 3881 satius

171 3914 297 3988 ducrum
329 3916 530 3976 asnonomicis
558 3913 662 3973 studiis
689 3929 775 3991 porro
797 3927 861 3971 sese
884 3910 1004 3985 dede're,
1034 3928 1121 3987 quam
1150 3929 1216 3972 oum
1244 3909 1421 3989 theosopho,
1451 3909 1513 3968 suis

171 4004 359 4083 opinionibus
381 4003 548 4081 insipienter
569 4001 746 4075 inhaerente,
768 3998 892 4074 litigare.
938 3998 1071 4060 Ceterum
1093 4015 1258 4074 monemus,
1290 3997 1437 4058 addidisse
1459 4012 1513 4054 nos

171 4093 202 4150 in
224 4092 465 4153 annotationibus
491 4090 632 4166 quasdam
659 4087 777 4149 Fluddii
797 4088 1002 4165 responsiones
1031 4086 1069 4146 ad
1091 4086 1211 4165 Kepieri
1235 4086 1410 4163 Apologiem
1431 4090 1461 4142 et
1483 4089 1516 4141 ut

172 4180 288 4240 leoiiim
325 4176 552 4257 comprehendat
586 4176 676 4237 lector
705 4193 754 4247 ee,
776 4191 851 4251 quse
884 4173 1029 4252 Kepierns
1063 4183 1163 4235 contra
1199 4172 1356 4234 Fiuddium
1391 4172 1514 4249 scripsit,
1580 4187 1587 4201 ⁴

173 4270 300 4330 numeru
323 4267 468 4327 continuis
491 4258 711 4348 (i-xxvl.)
733 4266 865 4340 signasse
886 4263 917 4320 in
940 4261 1060 4341 KepIeri
1087 4261 1307 4341 „Appendice“,
1331 4275 1408 4336 quae
1422 4257 1515 4316 siun-

175 4353 239 4418 dius
260 4359 291 4415 in
306 4353 489 4430 „Discursu“
504 4370 558 4414 suo
579 4350 684 4413 iisdem
704 4351 831 4413 numeris
853 4351 991 4427 signarit,
1014 4351 1153 4430 inscripta
1169 4346 1349 4428 ,Anelysis“
1365 4346 1389 4407 L
1404 4343 1444 4405 11.
1460 4351 1515 4405 ete

742 4644 951 4664 m
