3567 5625
686 409 768 465 Libsr
784 409 939 489 IV.·Gaput
955 410 1016 466 uit
1456 420 1519 479 261

174 590 228 651 lrcc
249 587 288 650 ad
303 599 471 671 ⁸aspectum,
494 608 546 651 ens
566 589 712 651 mbonisi
742 587 889 667 quomodo
912 589 990 651 bunc
1011 588 1415 668 aper-simeutumaerts,
1444 610 1522 669 quo·
1608 660 1621 679 ,

174 677 259 738 modo
284 678 411 754 corpus?
433 679 490 738 nisi
511 680 566 739 sua
589 685 711 755 uterque
733 680 840 751 anima,
868 694 945 754 quae
968 686 1119 754 aspectum
1140 681 1233 756 primo
1255 697 1308 757 per
1322 698 1354 741 se
1369 682 1519 758 percipiat,

175 765 260 851 modo
283 782 303 825 a
325 784 370 826 me
393 766 482 827 dicto.
526 767 689 826 Flammam
706 764 835 842 aliquam
858 782 924 825 esse
939 765 1058 826 vitalem
1081 767 1157 826 hanc
1171 766 1348 842 facultatem,
1372 771 1521 828 incensam
1629 778 1638 787 '

176 857 202 912 in
225 851 312 913 corde
336 856 445 931 (eoque
468 856 550 927 mori,
573 855 708 914 absumto
731 854 850 931 pabulo,
874 870 941 912 cum
963 871 1044 913 meus
1066 851 1234 937 perennet),
1258 856 1383 931 probavi
1404 859 1435 914 in
1452 854 1521 934 Opt

175 942 378 1002 Asnonomiae
400 950 491 1018 parte,
515 939 564 1002 iol.
589 943 630 1000 te
652 944 783 1014 (11.1tt)
812 939 961 1001 luculenta
982 945 1198 1018 comparatione
1210 943 1305 1002 cordia
1328 943 1451 1020 ejusque
1473 961 1522 1003 re·

175 1031 353 1105 ciprocorum
375 1040 516 1103 motuum,
539 1028 665 1107 systoles
688 1036 717 1089 et
740 1026 889 1102 diastolas,
914 1046 980 1088 cum
996 1027 1097 1105 clausa
1113 1030 1259 1107 lampade,
1282 1033 1311 1088 iu
1328 1048 1388 1107 qua
1405 1031 1522 1093 flamma

124 1168 128 1179 ,
175 1120 212 1176 sit
234 1114 363 1176 fovenda
384 1117 468 1190 oleo,
492 1116 697 1189 ventilatione,
721 1115 917 1177 eliumatione.

257 1202 326 1263 Hac
351 1205 441 1282 igitur
469 1192 614 1264 esseutiae
641 1204 704 1280 ejus
733 1206 913 1279 proprietate
944 1205 1045 1263 nititur
1078 1205 1218 1280 imprimis
1248 1203 1419 1265 admirabile
1448 1204 1523 1265 illud

175 1293 320 1367 negotium
341 1290 564 1368 genethliacum.
610 1291 683 1351 Cum
706 1291 904 1370 enim‘ritalis
927 1290 1059 1361 facultas,
1083 1294 1202 1353 incensa
1224 1293 1255 1350 in
1270 1292 1356 1351 corde
1378 1293 1523 1368 flamens-

176 1396 230 1455 que
254 1379 393 1454 quamdiu
415 1384 478 1438 vita
500 1387 645 1456 superest,
673 1380 712 1438 sit
734 1378 853 1453 quidam
877 1379 1001 1439 circulus
1024 1379 1177 1452 zodiacus,
1205 1396 1271 1439 cum
1293 1380 1435 1440 consistat
1457 1380 1522 1456 ejus

176 1469 303 1527 essentia
324 1469 352 1524 in
376 1469 495 1543 energia
516 1478 546 1527 et
570 1466 659 1525 veluti
683 1467 763 1524 fluxu
785 1466 938 1546 flammeo,
961 1467 1029 1526 binc
1050 1466 1091 1540 flt,
1116 1474 1148 1526 ut
1170 1469 1260 1525 totius
1278 1466 1390 1526 zodiaci
1406 1468 1522 1528 sensilis
1548 1540 1552 1549 ι

175 1552 267 1629 ligura
288 1554 392 1615 influat
413 1556 441 1612 in
465 1554 554 1630 illam,
577 1570 677 1614 recens
699 1571 719 1613 a
740 1561 825 1629 partu
847 1557 1005 1627 iucensam,
1028 1555 1116 1630 inque
1138 1553 1218 1613 illam
1242 1553 1383 1614 inolescat
1404 1558 1522 1631 penitus

175 1639 272 1717 (coelo
295 1641 365 1702 licet
387 1651 454 1720 pust
475 1651 577 1719 partus
599 1648 777 1700 momentum
806 1644 834 1699 in
857 1642 918 1701 alia
940 1642 1037 1701 omnia
1060 1650 1147 1702 eunte
1169 1649 1199 1702 et
1220 1641 1459 1721 transfigurato),
1491 1645 1522 1702 in

175 1729 229 1788 bac
250 1728 320 1787 idea
341 1729 460 1790 animali
482 1726 580 1790 circuli
602 1730 717 1789 zodiaci
745 1727 812 1789 loca
834 1731 933 1789 omnia
960 1732 1072 1806 signet,
1104 1747 1180 1806 quaa
1202 1729 1339 1806 planetae
1367 1731 1422 1790 sub
1445 1730 1521 1805 linis,

175 1832 250 1893 quse
273 1825 364 1891 onus,
388 1835 517 1891 occasus,
540 1824 592 1878 aut
613 1816 741 1877 medium
764 1816 838 1875 coeli
862 1818 1059 1877 obtirnrerunt.
1103 1816 1179 1877 Prae
1198 1816 1319 1892 reliquis
1342 1833 1412 1877 raro
1434 1819 1522 1879 rebus
1566 1824 1572 1839 '

172 1908 374 1964 asuonomicis
396 1906 487 1965 multu
510 1907 637 1964 maxima
659 1903 845 1965 necessitudo
867 1904 1020 1963 intercedit
1041 1904 1199 1965 harmoniis
1221 1905 1346 1965 radiosis
1368 1922 1434 1964 cum
1457 1914 1522 1965 ortu

173 1993 265 2069 primo
289 2000 319 2051 et
339 1994 512 2054 formatione
534 1993 622 2068 hujus
644 1992 744 2052 vitalis
766 1994 795 2049 in
818 1993 935 2051 homine
948 1991 1108 2052 facultatis.
1153 1992 1289 2051 Diximus
1305 1994 1391 2068 enim,
1415 2010 1520 2069 quam-

173 2080 244 2138 libet
266 2081 381 2140 animae
402 2081 573 2141 facultatem
596 2097 661 2140 esse
683 2079 829 2154 circulum,
854 2082 967 2140 ratione
989 2082 1148 2152 essentiae,
1173 2085 1206 2138 ut
1229 2082 1371 2153 essentie,
1395 2088 1521 2140 atvero

173 2169 235 2242 agit
257 2166 368 2243 aliquid
393 2171 422 2226 in
444 2186 476 2229 sc
499 2172 593 2247 ipsam
615 2184 651 2227 ex
672 2168 820 2240 instinctu,
844 2175 877 2226 ut
899 2166 1011 2228 scilicet
1027 2174 1180 2243 comparat
1191 2167 1332 2227 circulum
1347 2184 1433 2226 suum
1455 2182 1522 2228 eum

172 2254 307 2331 partibus
334 2256 415 2331 ejus,
444 2272 510 2317 esse
538 2256 703 2316 harmonias
735 2254 946 2333 archetypicas.
991 2252 1060 2313 Jam
1092 2272 1162 2314 raro
1184 2255 1309 2314 facultas
1332 2253 1430 2314 vitalis
1452 2262 1522 2316 tuno

173 2344 276 2418 incipit
299 2359 396 2418 agere,
420 2353 489 2403 tunc
510 2346 539 2401 in
562 2352 660 2404 sctum
681 2342 856 2420 perducitur,
880 2359 945 2403 cum
970 2360 1020 2418 per
1036 2350 1152 2419 partum
1173 2343 1369 2401 inflammatur
1391 2345 1468 2402 intus
1490 2346 1522 2402 in

173 2429 269 2490 cordis
289 2429 440 2512 lampade,
468 2435 512 2491 sic
533 2438 566 2489 ut
586 2433 643 2507 ipsi
665 2447 751 2506 porro
773 2432 812 2488 sit
834 2446 908 2505 opus
931 2431 1136 2506 respiratione,
1167 2431 1275 2506 quippe
1303 2427 1341 2488 ad
1363 2429 1522 2489 lovendam

173 2518 321 2576 damnum
343 2512 434 2578 ritae
478 2517 602 2594 Quando
625 2520 714 2593 igitur
735 2518 837 2594 incipit
859 2534 923 2577 esse
945 2516 984 2591 id,
1008 2515 1088 2593 quod
1106 2523 1151 2576 est
1172 2524 1250 2585 tunc,
1274 2533 1339 2576 cum
1355 2514 1521 2577 harmonias

173 2604 388 2680 architectatur,
411 2613 481 2665 tunc
495 2609 621 2665 maxime
635 2608 664 2664 iu
681 2604 762 2663 illam
774 2604 870 2664 influit
883 2603 1037 2664 harmonia
1050 2604 1168 2664 radiosa
1181 2602 1365 2680 planetarum
1392 2604 1517 2664 sensilia

260 2691 344 2752 Haec
366 2692 441 2753 adeo
463 2711 552 2754 causa
574 2702 627 2765 est,
651 2709 702 2752 eur
724 2694 775 2767 qul
797 2700 956 2752 naseuntur
978 2693 1034 2752 sub
1049 2701 1165 2770 tempus
1180 2690 1336 2755 multorum
1350 2699 1521 2766 aspectuum
1579 2676 1586 2689 ⁸
1623 2719 1657 2749 n

174 2781 248 2839 inter
270 2780 421 2858 planetas,
452 2782 473 2839 ii
494 2781 665 2860 plerumque
688 2790 718 2840 et
740 2780 879 2841 laboriosi
908 2779 1037 2841 evadant
1066 2789 1096 2839 et
1118 2780 1266 2851 industrii,
1295 2782 1358 2838 sire
1389 2776 1426 2838 ad
1449 2796 1521 2857 opes

175 2868 365 2928 cumulandas
387 2868 455 2942 inde
477 2889 496 2929 a
517 2872 615 2946 pueris
637 2868 808 2941 assuefiant,
839 2869 904 2928 sire
925 2885 1021 2928 rerum
1042 2867 1227 2943 publicarum
1253 2865 1451 2928 moderatores
1475 2867 1522 2928 val
1588 2873 1589 2878 ’

174 2956 234 3013 nati
262 2955 311 3014 rel
334 2956 437 3016 delecti
465 2956 586 3030 fuerint,
609 2973 661 3016 seu
691 2955 816 3032 denique
846 2956 874 3012 iu
903 2954 1002 3015 studia
1028 2957 1221 3015 incubuerint
1266 2951 1332 3029 Quo
1363 2956 1393 3013 in
1415 2972 1522 3030 genere

175 3044 253 3101 ritae
274 3045 300 3101 si
322 3046 370 3102 cui
393 3043 494 3103 videor
521 3060 576 3119 ego
603 3043 736 3120 exemplo
764 3059 829 3103 esse
857 3060 962 3120 posse,
993 3045 1019 3103 ei
1048 3045 1163 3120 genesis
1185 3057 1269 3101 meae
1297 3033 1432 3101 notitiam
1463 3059 1522 3102 non

174 3129 276 3202 invidi,
311 3129 385 3189 libro
409 3131 445 3190 de
466 3129 560 3190 Stella
581 3130 667 3190 Nora
688 3129 738 3189 iol.
765 3131 805 3189 te
829 3134 875 3202 (11.
894 3134 967 3202 ott),
987 3147 1075 3207 quam
1098 3133 1187 3191 etiam
1209 3129 1266 3188 hac
1285 3131 1350 3188 vice
1373 3130 1520 3206 applicare

175 3217 359 3277 commodum
374 3218 468 3278 luerit
512 3217 680 3278 Jactantlae
695 3219 803 3277 crimen
817 3234 875 3276 non
889 3234 1000 3293 moror3
1024 3219 1209 3278 criminentur
1225 3217 1293 3276 licet
1308 3218 1337 3288 ii,
1361 3220 1412 3292 qui
1427 3226 1521 3277 totum

174 3303 231 3363 boe
253 3306 419 3380 scriptionis
442 3322 534 3381 genus
548 3305 690 3364 stultitiae
707 3305 854 3379 damnaui,
878 3321 930 3364 seu
946 3307 1058 3365 ratione
1073 3323 1125 3365 seu
1142 3306 1220 3363 vitae
1237 3306 1378 3377 instituto,
1402 3304 1520 3380 idiotas,

173 3390 336 3463 semidocti,
359 3391 510 3452 titulorum
532 3401 562 3452 et
583 3391 767 3469 phalerarum
788 3392 827 3451 ad
849 3391 991 3468 populum
1007 3390 1231 3453 dementandum
1254 3393 1410 3465 institores,
1434 3393 1522 3453 tbeo·

173 3478 235 3555 logi
257 3481 357 3551 edam,
380 3489 413 3539 ut
434 3480 522 3539 Picus
545 3479 684 3557 appellat,
706 3480 832 3556 plebeji3
855 3480 933 3556 apud
957 3497 1042 3540 veros
1065 3481 1226 3557 sapientiae
1250 3485 1395 3537 amatores
1418 3479 1520 3556 cuius·

175 3583 290 3643 cunque
321 3566 429 3627 ordinis
460 3570 568 3628 odmen
597 3567 654 3627 buc
683 3567 769 3627 facile
791 3566 884 3639 diluo,
916 3566 1043 3627 utilitate
1070 3567 1186 3629 lecturis
1209 3567 1281 3638 mei,
1311 3567 1381 3641 quia
1410 3566 1519 3627 nuliius

174 3671 270 3729 neque
293 3657 431 3730 genesin,
462 3671 558 3730 nequa
585 3658 727 3716 internam
757 3657 846 3712 animi
870 3652 1091 3730 dispositionem
1118 3653 1213 3730 aeque
1236 3658 1315 3712 certo
1337 3652 1519 3729 exploratam

173 3740 281 3802 babeo.
335 3740 452 3818 Jupiter
480 3745 569 3816 igitur
595 3744 785 3819 nonagesimo
813 3741 962 3818 proximus
998 3741 1124 3817 qu'atuor
1157 3739 1296 3817 gradibus
1329 3748 1521 3816 superaverat

173 3830 282 3887 trinum
304 3826 431 3902 Saturni,
454 3828 505 3890 Sol
529 3838 559 3890 et
580 3831 681 3889 Venus
700 3830 796 3906 juncti
818 3827 986 3888 defluebant
1007 3830 1046 3888 ab
1069 3831 1141 3902 isto,
1165 3827 1354 3904 applicabant
1376 3827 1414 3887 ad
1435 3827 1519 3889 illum

172 3916 330 3991 utrobique
352 3916 512 3990 sextilibus,
535 3916 702 3977 defluebant
724 3925 753 3977 et
774 3934 793 3975 a
815 3914 958 3993 quadrato
974 3917 1088 3995 Martis,
1111 3915 1251 3991 adquam
1266 3913 1428 3975 Mercurius
1449 3933 1519 3993 pro·

172 4005 250 4062 mmo
273 4001 458 4081 applicabat;
487 4005 571 4063 Luna
592 4004 631 4084 ad
652 4004 782 4080 ejusdem
805 4006 912 4063 trinum
934 4005 1010 4078 ibat,
1038 4003 1124 4064 oculo
1146 4002 1236 4063 'trun
1257 4004 1407 4079 proxima,
1430 4005 1520 4063 etiam

172 4092 201 4148 in
224 4090 399 4167 latitudine,
423 4092 569 4155 oriebatur
591 4098 690 4151 autern
705 4090 766 4149 25⁰
782 4089 981 4163 Geminorum,
1005 4090 1185 4152 culmiuabat
1201 4089 1264 4148 22⁰
1280 4090 1413 4165 Aquarii.
1450 4090 1519 4150 Tri·

172 4177 279 4254 plicam
303 4179 561 4256 configurationem
583 4179 647 4255 ejus
669 4179 726 4238 diei
749 4178 899 4256 partilem,
924 4178 1058 4239 sextilem
1080 4179 1198 4239 Saturni
1219 4183 1248 4238 et
1271 4176 1363 4250 Solis,
1386 4176 1519 4238 sextilem
1616 4255 1619 4260 ἱ

172 4262 260 4325 Joris
283 4273 314 4325 at
336 4265 468 4339 Veneris,
491 4266 666 4342 quadratum
681 4266 816 4327 Mercurii
840 4275 869 4325 et
882 4266 987 4325 Martis
1009 4266 1153 4345 prodebat
1174 4281 1263 4324 aurae
1285 4266 1427 4338 mutatio;
1450 4283 1518 4325 nam
1553 4259 1556 4276 '

172 4360 241 4429 post
261 4351 331 4430 gelu
352 4353 465 4418 dierum
487 4354 600 4430 aliquot
622 4371 658 4414 eo
679 4357 745 4431 ipso
768 4353 814 4415 die
836 4362 920 4430 tepor
934 4361 1015 4412 ortus
1037 4353 1162 4430 glaciem
1177 4352 1275 4425 solvit,
1298 4352 1414 4429 pluvias
1430 4350 1518 4411 dedit
1601 4393 1609 4421 ,

258 4440 363 4517 Neque
386 4445 489 4501 tamen*
505 4441 562 4502 boc
583 4459 641 4502 uuo
664 4441 797 4518 exemplu
821 4457 922 4501 omnes
945 4440 1158 4517 astrologorum
1181 4440 1364 4517 aphorismos
1384 4437 1519 4498 dolenses

175 4536 203 4587 et
217 4528 403 4588 confirmatos
418 4528 497 4600 volo,
519 4547 614 4606 neque
629 4527 711 4589 coelo
727 4530 902 4589 transscribo
916 4546 1011 4587 rerum
1027 4528 1219 4588 humanarum
1234 4524 1443 4604 gubernacula,
1462 4526 1519 4585 im-

175 4633 259 4675 mane
282 4623 424 4693 quantum
445 4615 542 4676 adbuc
564 4618 648 4677 abest
669 4617 874 4694 philosophica
895 4616 970 4675 baec
993 4616 1159 4675 observatio
1182 4615 1220 4674 ab
1243 4614 1295 4672 ille
1309 4613 1443 4686 stultitia,
1466 4630 1518 4672 seu
1562 4643 1568 4658 x

176 4701 259 4762 malis
281 4706 426 4763 insaniam
449 4702 553 4765 dicere.
599 4704 675 4763 Nam
697 4713 730 4763 ut
751 4704 839 4779 hujus
870 4702 995 4778 exempli
1018 4703 1143 4778 vestigia
1165 4717 1309 4778 premam,
1340 4702 1410 4759 novi
1433 4699 1519 4760 sami-

176 4806 242 4848 nam
263 4790 367 4850 iisdem
389 4807 464 4867 pene
487 4799 586 4851 natam
608 4792 790 4866 aspectibus,
820 4791 1034 4866 inquietissimo
1056 4806 1127 4849 sana
1149 4791 1281 4864 iugenio,
1304 4786 1355 4847 sed
1378 4804 1437 4862 quo
1460 4805 1519 4847 uon

178 4884 287 4938 tautmn
307 4876 381 4938 nibil
403 4876 517 4956 proficit
536 4881 567 4939 in
588 4877 680 4940 literis
702 4873 777 4963 (non
799 4881 903 4938 urbam
924 4877 981 4938 hoc
1003 4882 1048 4940 est
1069 4878 1098 4934 iu
1120 4875 1261 4960 lamina),
1284 4873 1338 4942 ted
1360 4876 1449 4944 auam
1471 4883 1519 4945 to-
