3567 5625
271 415 334 481 ter
780 383 1103 482 Palmalachum

269 590 420 662 sonantius)
438 605 511 661 esse,
537 596 566 645 et
582 592 727 648 coelestem
745 592 876 661 ιιιιιιιι,
902 606 956 660 qua
974 591 1108 646 animetur
1125 589 1298 660 universitas,
1317 590 1447 660 originem
1464 605 1498 646 ex
1515 587 1621 646 musica

267 687 405 728 mersae.

354 753 399 807 ltu
417 752 498 807 etiam
516 752 626 807 Timaeo
644 750 799 807 harmoniae
817 761 845 807 et
863 752 953 807 anima
970 750 1063 806 mnndi
1082 765 1115 804 ιι
1134 749 1229 804 eadem
1242 764 1413 805 numerorum
1426 748 1529 818 origine
1547 757 1618 805 sunt

268 832 309 886 De
333 832 428 888 animis
451 849 514 888 sero
533 832 630 887 ceteris
649 831 776 886 Timaeus
798 832 851 887 iste
869 848 923 886 non
942 831 1031 885 minus
1050 845 1111 882 cum
1129 829 1257 883 Hermete
1281 829 1386 884 videtur
1404 828 1520 895 sentire,
1545 826 1619 896 qnod

268 919 414 965 mentorem
433 911 520 966 Deum
538 909 699 980 introduxit,
727 911 848 968 infinitus
866 911 1016 968 animarum
1034 907 1182 975 exercitus,
1205 923 1239 963 ex
1257 908 1306 963 ills
1323 923 1495 966 numerorum
1512 907 1618 962 hmmo·

267 988 389 1045 nieorum
406 1005 496 1045 massa
513 989 614 1057 iactos,
639 988 845 1045 distribuentem
862 990 934 1043 inter
951 989 1076 1056 planetas
1101 997 1129 1042 ιι
1146 986 1241 1044 stellss
1258 988 1340 1057 fixas,
1365 988 1438 1044 velut
1454 990 1483 1044 in
1499 989 1620 1057 quodam

264 1068 460 1136 reconditorio,
488 1068 560 1122 unde
577 1067 641 1121 illae
668 1066 724 1121 suis
742 1067 868 1138 singulae
885 1067 1055 1135 temporibus
1072 1065 1101 1120 in
1119 1082 1234 1135 corpora
1252 1070 1428 1124 animantium
1446 1067 1619 1125 demitteren-

265 1157 317 1205 tur.
355 1150 409 1203 Cur
426 1150 466 1202 ita
483 1162 616 1214 censeam,
634 1147 703 1201 hacc
721 1162 783 1202 cum
800 1147 962 1203 Hermeticis
981 1147 1135 1214 convenire,
1153 1161 1236 1202 musa
1254 1157 1303 1214 est,
1322 1149 1395 1217 quod
1412 1164 1473 1203 cnm
1491 1147 1620 1216 planetae

266 1234 371 1297 septem
389 1227 606 1296 celebrarentur,
630 1227 747 1281 fixarum
765 1226 882 1295 sphaera
900 1233 1009 1285 octava,
1032 1224 1159 1278 Timaeus
1181 1224 1264 1294 igitur
1288 1226 1455 1280 octonarium
1475 1224 1619 1292 quendam,

265 1322 320 1361 non
338 1308 514 1376 abstractum,
532 1307 582 1362 aed
600 1313 756 1361 concretum
775 1306 900 1376 sphaeris
921 1305 1064 1360 mundanis
1083 1302 1207 1372 designat
1219 1305 1367 1358 animarum
1379 1303 1542 1358 habitaculis
1555 1311 1620 1356 ante

265 1385 463 1440 immersionem
481 1401 574 1441 aarum
591 1386 617 1438 in
637 1397 768 1452 corporu3
784 1386 841 1454 jam
859 1400 924 1439 sero
943 1390 971 1437 et
988 1381 1124 1436 Hermetis
1142 1380 1292 1449 discipulus
1310 1381 1465 1450 profitetur,
1484 1396 1513 1434 se
1531 1381 1619 1449 prius·

270 1478 351 1530 quam
377 1471 537 1519 nasceretur
562 1463 646 1520 fuisse
674 1468 701 1522 in
727 1464 875 1528 octonario.
912 1462 1068 1518 Macrobius
1092 1461 1217 1530 quidem,
1244 1460 1383 1529 explicem
1400 1460 1469 1515 illud
1486 1459 1620 1529 Scipion's

267 1543 435 1598 ciceroniani
460 1544 540 1598 »hinc
563 1545 694 1614 proiecti,
721 1543 776 1598 huc
799 1549 1003 1607 reuertuntur«,
1031 1539 1100 1593 haec
1125 1537 1214 1594 omnia
1239 1539 1338 1594 ιιιιιιιι
1366 1547 1395 1595 ιι
1419 1539 1506 1593 ιιιίιι
1532 1537 1619 1607 expli·

265 1630 317 1676 cat.
353 1622 391 1676 Et
413 1623 507 1677 mundi
531 1623 639 1692 quidem
664 1626 779 1680 animam
802 1622 906 1677 fontem
931 1619 1051 1689 appellat
1078 1618 1227 1674 mimarum
1250 1625 1278 1671 et
1295 1618 1437 1686 quomodo
1463 1619 1499 1671 sit
1522 1614 1618 1669 animis

264 1701 449 1757 habitaculum
471 1702 498 1757 in
515 1704 561 1756 ιιι
578 1704 679 1774 lactea,
703 1710 849 1771 numquam
873 1701 902 1753 in
926 1714 1042 1768 corpora
1067 1696 1136 1752 velle
1159 1697 1259 1752 reverti
1277 1697 1422 1766 incipiant,
1446 1696 1567 1765 explicat
1584 1711 1618 1748 ex

265 1780 432 1849 Pythagora,
449 1790 478 1836 et
495 1797 565 1850 qnae
584 1784 669 1838 series
688 1783 724 1838 sit
745 1781 896 1835 descensus
915 1793 1008 1832 earum
1026 1792 1075 1845 per
1094 1775 1182 1843 signa,
1200 1775 1277 1829 initio
1293 1775 1367 1829 iacto
1386 1791 1402 1829 s
1420 1776 1538 1843 Cancro,
1558 1790 1618 1843 per·

265 1872 318 1925 que
342 1859 474 1948 sphaerae
498 1875 604 1931 omnes,
630 1870 659 1916 et
682 1858 817 1929 quomodo
841 1873 890 1926 per
911 1871 1038 1911 numeros
1062 1852 1234 1909 harmonicos
1256 1855 1372 1908 innexae
1389 1855 1563 1923 corporibus,
1586 1854 1619 1908 iis

265 1937 383 1991 numeris
406 1937 566 1995 disturbatis
591 1941 731 1996 solvantur
752 1936 904 2003 eodemque
921 1936 1046 2003 redeant,
1069 1932 1140 1988 unde
1163 1932 1302 2002 proiectae
1321 1941 1392 1988 sunt.
1429 1933 1505 1988 idem
1527 1940 1619 1988 ιιιιιιι

263 2012 400 2070 Hermetia
417 2031 472 2072 non
490 2019 619 2096 meminit,
638 2036 699 2075 cum
717 2016 819 2071 Plotini
836 2025 864 2070 ιι
881 2015 1009 2070 Numenii
1026 2022 1055 2069 et
1069 2012 1213 2104 Porphyrii
1231 2021 1438 2081 ceterorumque
1456 2012 1619 2077 meminerit,

265 2091 392 2149 videntur
408 2094 491 2163 igitur
508 2083 650 2152 coaetanei
667 2098 760 2152 inisse.
797 2096 857 2164 Ego
870 2096 923 2149 nisi
933 2103 1030 2151 auctor
1047 2109 1136 2149 essem
1153 2093 1212 2184 ipse
1225 2094 1321 2162 capitis
1335 2095 1376 2160 10,
1396 2093 1469 2182 quod
1482 2093 1619 2163 epilogum

264 2171 329 2227 iacit
346 2173 408 2228 libri
425 2176 479 2229 mei
496 2176 528 2231 V
548 2177 781 2242 Harmonioorum,
801 2183 829 2227 et
846 2174 899 2228 nisi
917 2188 960 2228 me
979 2174 1055 2241 prius
1068 2172 1136 2226 illud
1148 2171 1401 2263 scripsisseliquido
1413 2171 1520 2240 scirem,
1537 2189 1620 2241 quam

264 2249 344 2306 istam
361 2250 585 2324 philosophorum
603 2256 674 2311 inter
692 2271 723 2310 se
741 2252 915 2310 nudationem
932 2251 1111 2317 instituerem,
1126 2250 1264 2320 juraasim,
1282 2252 1320 2308 ibi
1333 2251 1431 2318 corrigi
1448 2250 1519 2304 hanc
1531 2250 1618 2318 philo·

264 2329 388 2397 sophiam
411 2333 569 2404 animasque
592 2353 646 2391 non
666 2332 880 2390 disseminandas
905 2333 976 2386 inter
1000 2330 1125 2399 planetas
1147 2336 1176 2384 et
1193 2330 1286 2385 stellas
1308 2332 1390 2399 fixas,
1413 2329 1462 2385 scd
1481 2332 1618 2397 cogendas

263 2407 292 2462 in
310 2408 394 2464 lixum
413 2412 440 2465 iu
457 2414 559 2480 gremio
577 2415 670 2470 mundi
689 2414 760 2470 Solis
779 2411 903 2480 globum,
927 2409 1089 2477 interimque
1108 2409 1171 2464 dum
1190 2419 1368 2479 corporentur
1385 2409 1536 2480 pascendas
1556 2408 1618 2463 bar·

264 2486 360 2541 moniis
377 2498 507 2559 motuum,
531 2508 565 2546 es
590 2493 707 2562 planetis
732 2492 856 2547 omnibus
880 2491 909 2544 in
927 2490 1017 2545 Solem
1040 2489 1224 2555 illabentium,
1251 2490 1356 2544 occulte
1379 2487 1519 2546 insmuari.
1557 2487 1618 2546 Huc

265 2567 335 2620 euim
353 2568 431 2623 ualde
449 2570 630 2640 plausibiliter
647 2573 802 2628 traheretur
819 2570 936 2639 hymnus
954 2569 1000 2623 ille
1017 2568 1116 2634 Procli,
1135 2584 1170 2621 ex
1188 2568 1283 2623 eodem
1303 2586 1340 2625 sc.
1360 2588 1432 2640 penu
1450 2573 1618 2643 depromens,

265 2662 326 2700 cum
344 2646 500 2703 Platonicus
524 2657 552 2702 et
570 2649 767 2720 Pythagoricus
785 2649 869 2704 fuerit
886 2647 1080 2717 philosophus,
1106 2646 1134 2700 in
1152 2663 1206 2715 quo
1224 2647 1336 2716 hymno,
1363 2657 1509 2721 postquam
1527 2651 1617 2706 Solem

264 2725 444 2795 philosophus
462 2727 610 2783 salutasset
627 2745 720 2800 regem
737 2731 810 2802 mnu
827 2729 954 2784 mentulis
971 2737 998 2781 ιι
1018 2725 1155 2781 dominum
1173 2728 1273 2795 victrici
1288 2729 1386 2796 fautu,
1406 2730 1547 2802 eidemque
1566 2731 1617 2786 cla·

265 2822 312 2862 ιιι
331 2805 366 2861 sd
383 2804 498 2861 mundus
517 2807 685 2877 materiales,
713 2808 784 2863 sitae
803 2826 840 2865 sc.
859 2809 975 2878 indigos,
995 2805 1170 2871 credidisset,
1197 2805 1288 2860 subdit
1307 2806 1378 2863 hunc
1401 2826 1521 2865 uersum:
1545 2813 1618 2877 'Tuo-

264 2893 314 2940 θεν
326 2887 452 2951 &punning
470 2886 540 2957 ῥυμα
552 2890 676 2943 maceror
693 2890 861 2959 ὲξοχιιιυωι,
880 2887 1045 2956 intelligens,
1064 2886 1092 2940 ni
1106 2886 1202 2953 fallor,
1221 2888 1370 2942 animarum
1382 2889 1483 2944 rivulos
1496 2906 1547 2960 per
1558 2891 1618 2945 har·

265 2966 382 3020 monium
407 2965 617 3022 in'subluuaria
640 2967 807 3036 defluentes,
832 2969 867 3024 de
889 2967 988 3037 quibus
1007 2965 1152 3035 Virgilius,
1181 2981 1216 3020 ex
1241 2967 1335 3021 eadem
1357 2983 1395 3022 sc
1414 2968 1510 3024 Italica
1532 2971 1617 3040 philo·

265 3043 374 3115 sophia,
393 3051 424 3099 nt
441 3044 603 3101 Aristoteles
622 3047 758 3116 appellat,

828 3166 1012 3180 .....
1047 3143 1123 3181 merus
1140 3126 1229 3196 opitct
1247 3126 1342 3179 molem

506 3174 577 3259 Inde
594 3205 736 3261 ιιιιιιιιιιιιιι
749 3206 937 3277 pecudumque
952 3222 1051 3276 petua,
1070 3206 1194 3275 citaeque
1211 3204 1351 3259 uolantum

506 3282 610 3351 Ipneue
627 3289 667 3339 cst
684 3284 740 3340 iilis
756 3285 835 3356 oipor
852 3290 878 3340 ιι
896 3285 1018 3340 coelestis
1037 3284 1115 3353 oripo

431 3374 435 3381 ’
508 3359 673 3417 Seminsbua.

352 3452 456 3510 Eodem
475 3454 576 3510 referet
592 3456 754 3528 Apollinem,
772 3457 886 3527 cythara
903 3456 1067 3512 mulcentem
1085 3458 1237 3511 mariannes
1256 3462 1458 3527 tempestuosae
1479 3461 1619 3528 geniturae

228 3532 232 3545 '
264 3530 375 3600 fluctum
392 3542 420 3590 et
432 3550 537 3604 paeana
549 3552 584 3590 ex
597 3535 693 3592 eodem
703 3537 809 3592 litenis
822 3545 850 3590 et
861 3537 966 3591 Phoebi
979 3536 1115 3603 sodalitio,
1129 3537 1175 3605 qui
1186 3537 1287 3591 uiribus
1304 3546 1332 3593 et
1343 3538 1458 3594 victoria
1468 3541 1619 3607 exsultans,

265 3613 377 3681 impleut
393 3614 554 3670 hannoniae
570 3619 680 3672 arietum
697 3616 839 3672 dulcedine
856 3618 1002 3685 mundum,
1023 3632 1102 3684 quae,
1121 3618 1244 3684 quamvis
1262 3619 1377 3686 poetica,
1398 3618 1512 3673 Procius
1529 3627 1620 3674 ιιιιιι

266 3691 444 3760 philosophus
468 3693 503 3750 ad
521 3695 661 3750 victoriam
679 3696 851 3750 animationis
875 3695 973 3762 trahit,
1000 3711 1056 3764 qua
1072 3695 1187 3763 iactum,
1211 3705 1242 3750 ut
1265 3698 1417 3752 contumaci
1438 3699 1552 3753 materis
1570 3698 1619 3753 sub

262 3770 359 3840 jugum
377 3770 548 3830 informantis
566 3775 672 3829 animae
689 3775 783 3845 missa,
802 3784 951 3830 concentus
970 3776 1101 3831 existeret
1117 3775 1259 3831 suavitatis
1276 3776 1431 3839 ineffabilis,
1456 3794 1490 3830 ex
1508 3785 1620 3834 naturae

265 3850 370 3906 scilicet
387 3869 467 3909 cursu
485 3870 539 3910 non
557 3853 696 3923 impedito.
733 3854 803 3910 Sunt
821 3862 912 3908 autem
931 3855 1021 3908 omnia
1038 3855 1200 3909 Hermetica
1235 3855 1305 3909 Nam
1318 3855 1488 3911 Poemander
1508 3857 1620 3912 eandem

268 3930 429 3986 suauitatem
446 3932 664 4001 repraesentavit
680 3932 797 3999 imagine
816 3931 905 3987 coitus
924 3933 1023 3987 mentis
1042 3950 1102 3989 cum
1115 3942 1223 3987 natura
1258 3934 1324 3988 Fuit
1342 3942 1370 3987 et
1383 3935 1538 3992 Aristotelis
1556 3947 1623 3994 tem·

266 4025 333 4078 pore
351 4018 427 4064 secta
443 4011 685 4081 philosophorum,
710 4027 781 4079 qnae
800 4011 917 4067 animam
936 4010 1004 4066 dixit
1022 4027 1083 4067 esse
1100 4013 1276 4081 harmoniam,
1302 4013 1433 4069 deliniens
1456 4016 1623 4074 emmonim

269 4091 547 4158 contemperationem
563 4098 592 4145 et
610 4090 835 4159 compositionem
854 4089 1066 4158 contrariorum,
1084 4099 1117 4145 nt
1135 4098 1178 4145 est
1195 4091 1265 4146 libro
1283 4094 1304 4147 h
1324 4092 1356 4146 de
1373 4095 1478 4149 Anima

354 4166 430 4223 Haec
452 4169 536 4236 igitur
561 4169 744 4239 Pythagorica
766 4167 944 4238 philosophia
968 4168 1002 4222 de
1027 4170 1117 4224 anima
1140 4188 1202 4226 cum
1224 4186 1279 4226 non
1306 4170 1443 4227 rideretur
1465 4172 1623 4229 Pmlemaec

266 4244 396 4315 causalis,
422 4246 571 4301 absurdum
594 4247 647 4301 hoc
665 4246 783 4313 habens,
810 4246 884 4313 quod
907 4246 1011 4301 numeri
1034 4248 1165 4304 abstracti
1189 4256 1218 4304 ιι
1243 4249 1400 4305 harmoniae
1426 4250 1626 4320 subjicerentur

268 4327 374 4381 animae
392 4342 442 4395 pro
461 4327 592 4393 essentia,
611 4342 672 4380 cnm
690 4333 782 4380 tamen
800 4324 944 4380 harmonia
961 4326 997 4381 sit
1014 4326 1075 4395 ipss
1092 4327 1206 4384 aliorum
1224 4329 1388 4398 aliquorum,
1413 4338 1480 4399 puta
1498 4333 1626 4388 termino·

267 4421 326 4460 rum
343 4405 497 4476 quantitate
521 4405 716 4473 inaequalium,
748 4419 841 4459 eorum
859 4419 896 4458 sc
916 4404 987 4460 intcr
1004 4421 1034 4460 ιι
1051 4408 1262 4476 compositorum
1285 4408 1381 4463 relatio
1407 4425 1456 4465 seu
1475 4412 1625 4482 proportio,

267 4483 357 4538 anima
382 4500 446 4538 vero
469 4499 557 4553 neque
579 4485 642 4552 ipsa
668 4482 845 4538 terminorum
870 4483 1074 4574 (elementorum
1099 4489 1238 4557 corporis)
1261 4489 1420 4558 compositio
1443 4491 1531 4559 possit
1555 4507 1627 4566 esse

267 4576 355 4631 neque
372 4561 482 4617 illorum
499 4562 649 4632 proportio,
667 4560 885 4628 ιιιιιιιιιιιιιι,
876 4577 997 4630 mquam,
1016 4563 1056 4619 sie
1073 4572 1105 4620 ut
1122 4566 1278 4622 differentes
1291 4582 1335 4620 ree
1354 4568 1408 4623 sint
1426 4570 1517 4623 ιιιι)
1509 4570 1625 4627 invicem

269 4641 412 4710 ιιιιιιιιι,
435 4641 500 4697 hinc
517 4642 624 4696 termini
642 4641 800 4710 comparati,
818 4603 882 4694 isole
900 4639 999 4695 anima.
1035 4642 1208 4699 Ptolemaeus
1227 4646 1310 4713 igitur
1335 4647 1490 4704 harmonias
1508 4667 1558 4719 per
1575 4668 1628 4706 nn.

269 4737 358 4777 meros
378 4721 488 4790 quidem
505 4721 612 4791 etipse
630 4721 737 4790 format,
756 4721 796 4775 sic
814 4736 877 4775 vero
896 4720 1027 4776 formatas
1046 4737 1100 4777 non
1119 4725 1264 4779 essentiam
1282 4724 1350 4779 iacit
1366 4727 1484 4798 ιιιιιιιιι,
1503 4727 1553 4782 sed
1570 4729 1627 4783 ssl-

272 4806 328 4854 tem
346 4800 547 4857 similitudinem
565 4806 596 4854 et
613 4798 833 4857 conformationis
851 4801 972 4856 rationes
991 4802 1117 4872 utrinque
1135 4812 1271 4873 cognatas

355 4878 424 4939 Mihi
442 4893 526 4935 ιιιιι
544 4877 677 4933 ιιιιιιιιοι·
693 4886 737 4935 ιιι
753 4877 939 4950 distinguendi
956 4880 1027 4939 iuter
1044 4881 1199 4941 bautonius
1217 4882 1291 4957 ipsse
1301 4899 1392 4941 ιιιιιιιι
1410 4884 1525 4941 sensiles
1543 4884 1628 4941 iuter-
