3567 5625
425 445 469 502 ns
485 443 645 515 rigum
663 443 887 500 amasam
906 443 1098 513 manuenar.
1132 444 1215 502 noer
1231 445 1266 502 u.
1445 452 1525 514 uro

442 737 495 811 De
522 737 725 852 Figuramm
752 735 979 826 Regularium
1007 737 1252 826 congruentia.

260 888 286 948 1.
309 888 509 949 Definitio.
554 891 753 968 congruentia
773 889 834 950 alia
855 889 989 966 planitiei
1012 897 1072 964 est,
1099 851 1209 950 alia'in
1231 887 1337 950 solido.
1382 889 1416 949 In
1438 888 1529 968 plano

179 979 367 1053 congruentia
391 985 449 1054 est,
481 996 546 1038 cunr
569 978 670 1055 anguli
693 979 851 1055 figurarum
873 976 1001 1054 plurium
1022 978 1131 1057 singuli
1152 979 1196 1038 sic
1217 977 1256 1037 ad
1277 985 1418 1056 puuctum
1440 996 1530 1038 unum

179 1071 359 1150 concurrunt,
381 1071 416 1123 ut
437 1064 535 1125 nullos
557 1067 738 1143 relinquatur
761 1065 870 1125 hiatus.

264 1150 304 1210 lL
328 1152 535 1213 Definitio.
579 1154 664 1214 Haec
678 1155 807 1231 perfecta
822 1153 936 1226 dicitur,
960 1170 1026 1213 cum
1039 1152 1149 1228 figurae
1169 1154 1312 1232 cujusque
1327 1159 1533 1214 concurrentes

178 1239 278 1316 auguii
303 1256 404 1299 omues
428 1240 530 1301 eadem
553 1244 650 1318 specie
672 1248 854 1316 coneurmnt,
877 1248 911 1301 ut
933 1243 975 1299 ita
990 1258 1089 1301 omnes
1104 1259 1262 1303 concursus
1277 1245 1352 1303 inter
1367 1259 1400 1302 ee
1422 1241 1533 1302 simiies

178 1331 233 1388 sint
258 1335 288 1386 et
311 1344 502 1388 concursuum
525 1330 596 1388 ordo
619 1332 650 1387 in
671 1329 816 1388 infinitum
839 1330 1003 1390 continuari
1023 1331 1126 1406 possit.

265 1414 320 1474 111.
344 1416 544 1475 Definitio.
591 1417 816 1491 Pcrfcotissima,
840 1435 907 1478 cum
923 1420 1011 1482 etiam
1034 1415 1144 1494 figurae
1167 1425 1370 1479 concurrentes
1392 1418 1422 1475 in
1444 1415 1534 1493 plano

179 1511 245 1562 sunt
269 1502 401 1580 ejusdem
423 1506 540 1580 speciei.
1268 1559 1272 1572 .

266 1590 319 1648 IV.
344 1591 557 1652 Definitio.
601 1590 793 1669 Inperfecta,
817 1609 882 1651 oum
906 1591 999 1668 major
1021 1590 1139 1667 quidem
1161 1591 1256 1668 figura
1277 1591 1407 1670 undique
1429 1592 1536 1654 simili-

178 1679 231 1736 bus
258 1680 447 1739 concursibus
470 1680 589 1756 sepitur,
613 1696 708 1757 nequa
730 1689 828 1740 tamen
845 1679 930 1738 datur
945 1681 1126 1739 continuatio
1149 1682 1178 1737 in
1202 1679 1354 1754 infinitum,
1378 1687 1431 1741 aut
1452 1680 1537 1741 datur

179 1764 315 1842 quidem,
345 1766 398 1827 sed
425 1783 483 1826 non
512 1769 575 1827 sine
604 1767 782 1827 admixtione
812 1766 993 1826 diversamm
1023 1783 1179 1826 concursus
1208 1770 1379 1845 specierum.
1422 1767 1538 1847 imper-

179 1854 257 1913 fecta
279 1854 431 1915 deterioris
452 1854 574 1932 gradus,
605 1872 672 1915 cum
700 1856 794 1932 major
823 1854 917 1933 figura
939 1870 997 1913 non
1021 1856 1156 1914 omnibus
1184 1856 1299 1932 anguiis
1321 1856 1410 1917 simili
1440 1857 1538 1935 specie

180 1958 353 2003 concurrere
376 1951 447 2020 apta
469 1950 523 2003 est.

174 2060 178 2068 ·
268 2047 306 2108 V.
329 2049 537 2109 Definitio.
582 2046 685 2109 Solida
699 2047 889 2125 congruentia
910 2054 954 2106 est
977 2052 1006 2105 et
1028 2044 1122 2123 figura
1143 2045 1248 2120 solida,
1272 2064 1338 2107 curn
1352 2047 1453 2126 auguli
1476 2051 1539 2108 sin-

179 2136 237 2213 guli
263 2136 391 2213 plurium
412 2136 566 2214 planarum
580 2135 737 2213 figurarum
759 2134 899 2211 angulum
915 2136 1095 2193 constituunt
1115 2133 1250 2209 solidum,
1273 2138 1441 2213 aptatisque
1463 2136 1541 2214 figu-

178 2226 216 2283 ris
237 2223 424 2301 regularibus
449 2223 495 2284 rel
519 2224 775 2301 semiregularibus
809 2221 907 2282 nullus
928 2228 1019 2281 restat
1041 2220 1139 2281 biatus
1160 2223 1234 2281 iuter
1266 2221 1360 2284 latera
1382 2224 1539 2301 figurarum

182 2312 336 2372 obviantia
358 2312 413 2372 sibi
436 2313 466 2370 in
489 2311 760 2390 opposito·solidae
782 2310 893 2386 figurae
916 2317 1011 2385 parte,
1044 2310 1095 2385 qui
1123 2325 1182 2368 non
1206 2308 1303 2368 claudi
1331 2315 1427 2387 possit
1446 2312 1542 2389 figura
1619 2369 1623 2372 .

181 2401 292 2478 speciei
316 2402 402 2459 unios
425 2417 460 2460 ex
484 2399 623 2459 adhibitis
645 2398 694 2459 vel
716 2400 822 2458 saitem
843 2397 1036 2473 regularibus.

271 2485 352 2551 Nota,
371 2481 444 2553 quod
462 2482 499 2537 sit
516 2482 570 2537 alia
587 2484 770 2550 congruentia,
787 2496 842 2534 nou
860 2478 1002 2548 pinnarum
1015 2478 1163 2547 figurarum
1181 2476 1216 2531 ad
1229 2476 1343 2546 figuram
1356 2480 1469 2536 solidam
1487 2481 1542 2537 for·

182 2563 319 2632 mandam,
343 2562 392 2619 sed
419 2564 540 2632 ipsamm
559 2561 709 2618 solidarum
733 2561 879 2630 figurarum
902 2557 975 2612 inter
992 2571 1035 2624 se,
1058 2555 1093 2611 od
1110 2556 1202 2610 iocum
1224 2556 1340 2613 solidum
1363 2560 1435 2615 circa
1457 2577 1542 2616 unum

182 2652 317 2715 puuctum
334 2641 511 2711 explendum:
531 2631 687 2709 bmnsmodi
703 2639 807 2707 figurae
825 2650 972 2705 corporeae
991 2641 1056 2690 sunt
1073 2641 1181 2689 tautum
1199 2634 1282 2705 duam
1302 2637 1388 2692 cubus
1406 2646 1433 2694 et
1451 2639 1540 2695 rbom·

183 2725 235 2781 bus
261 2721 480 2780 nodecaedrious.
515 2721 585 2775 Nam
609 2726 672 2775 octo
697 2716 791 2787 anguli
816 2715 878 2771 cubi
901 2719 1066 2788 concurrunt
1088 2713 1124 2774 ad
1146 2729 1229 2768 onum
1254 2721 1385 2784 puuctum
1407 2725 1436 2773 et
1459 2733 1542 2772 unum

184 2805 307 2873 undique
331 2801 422 2857 locum
449 2799 566 2869 expient
609 2797 750 2853 Rhombus
782 2807 845 2850 vero
869 2793 953 2850 habet
977 2792 1031 2847 duo
1061 2807 1162 2864 genera
1187 2792 1362 2866 angulorum,
1392 2796 1544 2855 tribuentes

185 2885 301 2939 obtusos
325 2890 402 2950 octo,
435 2888 463 2936 et
486 2878 824 2950 quadnlinearem'aautoa
854 2890 910 2929 sex.
953 2872 1040 2941 Igitur
1065 2870 1157 2927 obtusi
1185 2880 1303 2939 quatuor
1332 2885 1485 2945 congruunt
1509 2878 1544 2934 ad

184 2960 277 3017 iocum
296 2960 468 3031 explendum,
495 2958 567 3014 acuti
585 2973 649 3012 nero
669 2972 729 3012 sea:
754 2953 834 3023 quale
853 2959 963 3009 struunt
981 2950 1132 3006 aedificium
1150 2966 1230 3023 apes,
1249 2952 1323 3009 celiis
1343 2955 1490 3024 contiguis,
1515 2964 1546 3011 ut

185 3057 271 3096 uuam
288 3039 464 3094 circumstent
482 3053 498 3092 a
516 3035 599 3090 fundo
618 3042 674 3090 tres
693 3033 814 3087 adversis
832 3031 939 3099 fundis,
965 3044 982 3084 a
999 3028 1130 3085 lateribus
1149 3045 1198 3083 sex
1222 3038 1250 3085 et
1267 3041 1381 3101 possent
1399 3036 1480 3090 etiam
1498 3051 1545 3090 au·

184 3123 274 3178 terius
291 3126 349 3175 tres
369 3116 438 3174 aliae
456 3117 630 3172 circumstare
648 3113 683 3168 ad
701 3112 816 3182 figuram
835 3108 1043 3173 absolvendam,
1066 3107 1120 3162 uisi
1137 3106 1209 3163 fores
1228 3113 1394 3180 oportuisset
1420 3129 1481 3170 esse
1498 3129 1545 3184 pa·

186 3210 288 3260 tentes.
325 3198 436 3255 Debeo
455 3211 519 3252 nero
538 3193 687 3251 solidarum
706 3191 853 3260 figuramm
871 3187 1050 3256 coagmentis
1067 3202 1118 3241 nos
1136 3186 1180 3241 bic
1198 3203 1252 3243 non
1271 3191 1385 3259 agimus.

277 3296 333 3357 VI:
354 3290 557 3353 Definitio.
601 3284 818 3344 Pcrfcotissima
846 3279 942 3341 solida
971 3280 1160 3356 congruentia
1188 3281 1341 3361 solidaque
1369 3284 1464 3367 figura
1492 3295 1546 3363 est,

188 3408 257 3452 cum
279 3388 369 3447 etiam
390 3378 480 3459 plana
503 3374 691 3452 congmentia
713 3377 780 3430 sunt
802 3367 934 3444 ejusdcm
956 3367 1066 3445 figurae
1089 3369 1197 3428 omnia.

275 3491 346 3552 VII.
368 3484 579 3548 Definitio.
624 3474 770 3537 Haecrci
786 3482 830 3534 est
851 3471 992 3549 regularia
1007 3480 1078 3546 tota,
1103 3491 1168 3537 rum
1190 3478 1280 3555 plan„
1302 3490 1370 3545 ,unt
1390 3483 1546 3561 regularia,

185 3585 337 3658 habetque
361 3591 462 3637 omncs
484 3568 608 3649 angulos
631 3569 661 3625 io
683 3562 785 3624 eadem
809 3561 962 3639 sphaerica
984 3560 1145 3641 superficie,
1160 3575 1189 3627 et
1210 3569 1285 3628 inter
1306 3587 1338 3630 ae
1360 3571 1480 3634 similes,

276 3684 361 3746 Vill.
384 3676 587 3741 Definitio.
631 3669 688 3731 Vei
711 3675 757 3730 est
778 3665 1008 3743 semireguiaris,
1039 3684 1105 3727 cum
1125 3670 1217 3746 pians
1238 3681 1306 3733 snut
1328 3677 1549 3754 semireguiaria

186 3775 270 3857 (vids
291 3773 358 3834 libr.
381 3771 405 3829 Ι.
429 3766 486 3826 def.
510 3761 552 3843 8.)
581 3760 729 3834 habetque
753 3753 876 3832 angulos
900 3752 1011 3812 solidos
1033 3772 1153 3817 numero
1176 3758 1319 3821 iincamm
1342 3762 1495 3825 distinctos
1519 3774 1549 3825 et

188 3861 364 3935 dissimiles,
387 3872 446 3916 non
469 3860 566 3913 tamen
588 3846 716 3926 plurium
738 3859 827 3921 quam
844 3841 967 3900 duorum
991 3859 1140 3925 generum,
1162 3850 1269 3907 necin
1291 3850 1434 3926 pluribus,
1459 3871 1549 3930 quarn

190 3953 308 4013 duabus
332 3944 493 4024 sphaericis
507 3935 725 4015 superficiebus,
748 3948 807 3991 uno
830 3936 929 3989 centro
946 3929 1104 4008 descriptis,
1131 3932 1295 4012 ordinatos;
1318 3946 1348 3998 et
1369 3941 1551 4018 singulorum

187 4056 332 4120 generum
354 4030 478 4111 anguina
501 4035 544 4087 tot
567 4039 694 4097 numero,
718 4025 791 4096 quot
812 4018 903 4077 babet
925 4034 984 4075 uua
1006 4018 1190 4095 regularium.

279 4122 343 4178 Nou
361 4118 468 4183 obstat,
495 4107 701 4179 congruentiam
718 4103 789 4157 banc
808 4100 922 4156 solidam
949 4098 1172 4170 perfectissimam
1197 4106 1261 4161 dici:
1285 4122 1348 4163 narn
1366 4124 1437 4179 quae
1460 4110 1549 4180 planis

191 4205 254 4273 ejns
270 4202 345 4256 inest
361 4191 543 4265 imperfectio,
568 4181 725 4243 solidationi
742 4197 796 4235 uon
815 4180 898 4235 debet
916 4177 1040 4249 adscribi,
1070 4180 1119 4236 sed
1144 4183 1169 4237 ei
1188 4184 1294 4240 accidit.
1329 4188 1438 4243 Dicitur
1459 4197 1549 4246 tamen

190 4282 341 4351 aequisona
358 4272 558 4346 perfectissima
574 4268 646 4321 haee
662 4261 870 4329 semiregularis.

280 4370 340 4432 lX.
362 4366 435 4427 Def
441 4365 567 4422 initio.
612 4357 745 4418 Perfecta
767 4353 911 4413 inferioris
933 4353 1041 4429 gradus
1064 4359 1122 4428 est,
1154 4371 1219 4413 cnm
1243 4356 1331 4432 plana
1352 4359 1497 4436 regularia
1520 4369 1550 4422 ει

191 4462 295 4539 anguli
319 4472 421 4519 omnes
442 4456 471 4512 in
494 4448 601 4511 eadem
618 4442 771 4521 superficie
786 4441 939 4518 sphaerica
954 4448 983 4499 et
1005 4442 1080 4499 inter
1101 4458 1133 4500 se
1155 4443 1263 4503 similes
1287 4451 1364 4520 sunt,
1387 4447 1439 4506 scd
1461 4447 1551 4526 plana

192 4561 293 4612 tamen
308 4540 492 4607 diversarum
509 4537 679 4617 specierum,
702 4528 881 4607 singulamm
897 4524 1015 4606 quidem
1038 4535 1081 4587 tot
1104 4546 1231 4604 numero,
1256 4539 1328 4608 quot
1349 4542 1417 4593 sunt
1440 4536 1468 4593 in
1492 4553 1551 4596 una

193 4637 471 4720 perfectissimarum
492 4627 664 4704 figuramur,
696 4635 736 4677 so.
758 4633 816 4675 nou
838 4617 934 4675 minus
956 4633 1044 4692 quam
1069 4616 1103 4689 4,
1127 4624 1198 4692 quot
1220 4617 1257 4676 ad
1280 4622 1430 4681 minimum
1452 4623 1550 4701 plani-

192 4727 292 4788 tiebus
314 4720 412 4784 solida
433 4718 527 4796 figura
548 4713 726 4775 terminatur.

283 4830 327 4893 X.
349 4822 561 4888 Definitio.
605 4810 779 4893 Imperfecta
800 4809 990 4887 congruentia
1011 4826 1063 4870 seu
1079 4807 1173 4885 figura
1194 4816 1247 4884 cst,
1270 4828 1337 4871 oum
1360 4816 1465 4887 ceteris
1485 4833 1563 4877 mam

194 4921 336 4982 nannum
357 4914 452 4990 major
473 4911 567 4989 figura
587 4922 647 4965 non
668 4902 786 4979 saepius
809 4915 898 4977 quam
919 4894 1010 4959 semel
1030 4904 1084 4957 aut
1104 4897 1151 4959 bis
1173 4899 1327 4963 menuitur.
