3567 5625
720 406 810 465 thse
826 403 958 466 Editoris.
1446 413 1509 474 cst

163 578 271 649 quoties
288 578 410 650 ineptum
428 581 494 651 quid
511 580 609 638 iecisse
625 579 669 636 rel
686 580 787 637 dixisse
805 581 953 638 existimat.
969 601 971 612 ¹
987 580 1027 637 nt
1041 580 1070 636 in
1087 578 1140 634 hec
1157 592 1274 640 censura
1290 585 1388 650 peccat
1404 581 1432 638 in
1448 598 1511 653 par·

162 664 217 711 tem
240 657 366 728 alteram,
388 665 472 730 prout
493 660 604 716 fortuna
628 661 790 730 respondet,
812 662 853 716 ita
874 647 1024 732 quamlibet
1046 672 1103 714 rem
1127 657 1170 712 rel
1187 653 1291 727 probat
1306 658 1355 713 rel·
1368 658 1511 730 improbat.

163 736 201 791 Et
218 736 310 806 quoad
328 737 396 792 bene
421 739 464 794 vel
481 738 551 798 male
575 740 725 796 succedunt
747 741 869 811 incepto,
897 757 953 814 non
977 744 1020 795 est
1045 738 1180 794 sincerum
1203 736 1238 792 de
1254 736 1287 791 iis
1306 736 1447 806 iudicium.
1482 737 1512 794 si

161 814 226 884 quid
245 814 352 872 occulte
369 816 506 887 peccarit,
533 817 624 886 quiete
641 817 699 873 iere
718 818 879 874 considerat.
916 819 1005 888 Saepe
1027 832 1082 872 non
1101 815 1202 872 iactum
1220 813 1330 883 mitem,
1358 815 1406 880 scd
1424 813 1511 872 iotam

164 902 289 950 naturam
308 911 384 950 suam
402 895 520 950 ᾱεωεει.
554 896 619 952 Non
635 896 738 964 rictus,
757 912 813 952 oon
830 898 958 966 amictus,
978 911 1033 951 non
1051 893 1165 959 doloris,
1183 910 1238 950 non
1255 892 1357 963 gaudii,
1374 910 1429 948 non
1445 899 1512 962 'ops-

163 989 223 1027 rum
240 972 281 1028 illi
299 990 365 1029 cura
383 973 481 1043 major,
510 989 591 1044 quam
614 972 748 1045 opinionis
773 974 912 1031 hominum
936 974 970 1031 ds
988 989 1030 1041 se,
1057 989 1139 1042 quam
1162 974 1238 1044 cupit
1255 972 1364 1029 nonnisi
1387 989 1512 1042 magnum

78 1113 82 1120 ,
165 1067 235 1107 εεεε.
272 1052 350 1108 Unde
372 1053 441 1108 haec
464 1054 571 1110 insania
594 1052 725 1122 »rideri«,
750 1053 872 1122 quamvis
896 1069 945 1123 per
968 1069 1025 1108 rem
1047 1053 1207 1109 heremum?
1241 1053 1304 1110 Duo
1327 1052 1410 1123 igitur
1433 1052 1512 1109 nobis

164 1130 374 1189 consideranda:
404 1133 435 1202 1)
453 1149 502 1188 cur
518 1141 591 1190 amet
613 1148 702 1189 veram
725 1137 831 1187 tentum
848 1131 981 1201 gloriam?
1011 1132 1039 1199 2)
1058 1149 1106 1189 cur
1127 1133 1287 1204 tantopere?
1322 1130 1404 1187 Aliud
1421 1138 1512 1188 eutem

162 1206 190 1265 iu
209 1211 395 1279 superioribus
413 1211 595 1283 tractavimus,
613 1227 651 1267 sc.
670 1227 719 1266 cur
736 1211 827 1266 omnia
844 1209 905 1279 ejus
922 1211 1033 1282 incepta
1049 1211 1175 1281 primitus
1186 1217 1260 1268 lcum
1276 1219 1352 1268 tanto
1370 1211 1467 1266 ardore
1484 1218 1512 1268 ct

164 1286 256 1344 calore
273 1291 443 1360 provenient

249 1368 346 1439 Iteque
369 1369 392 1424 si
410 1368 466 1425 Soli
483 1368 555 1423 inest
576 1370 662 1428 virtus
678 1370 821 1439 Mercurii,
846 1385 930 1427 censa
950 1368 1123 1426 mediocriter
1144 1375 1230 1440 pater.
1264 1370 1317 1425 Est
1335 1371 1406 1425 euim
1422 1360 1465 1445 Θ
1483 1368 1511 1424 in

164 1456 256 1513 sextili
277 1450 313 1536 Ἃ
334 1465 441 1514 etcum
460 1450 500 1533 Q,
518 1473 588 1527 quae
605 1458 644 1514 nil
661 1466 713 1529 est,
731 1460 785 1515 nisi
802 1460 916 1529 species,
935 1466 964 1514 et
980 1457 1225 1527 remordendum,
1243 1457 1317 1526 quod
1333 1455 1370 1530 l]
1389 1453 1425 1542 Ἃ
1446 1466 1512 1516 aute

163 1548 260 1612 ortum
280 1544 407 1613 quodque
424 1538 467 1621 Θ
484 1546 512 1600 in
531 1546 590 1602 VH.
609 1552 637 1600 ct
655 1536 719 1616 quib
735 1538 778 1624 Q
796 1545 824 1600 in
839 1544 887 1617 Δ
914 1548 959 1610 0¹·
993 1546 1077 1601 Forte
1094 1545 1176 1600 etiem
1193 1544 1257 1615 quia
1274 1537 1317 1623 Θ
1330 1555 1358 1603 ει
1369 1549 1433 1606 Asc.
1446 1564 1515 1618 cunr

164 1635 221 1683 tam
239 1630 333 1685 multis
350 1630 446 1687 stellis.
481 1632 543 1686 Jam
561 1632 643 1687 etiam
663 1626 699 1711 Ἃ
720 1633 748 1688 in
766 1633 803 1688 Μ.
823 1634 852 1688 C.
888 1632 943 1689 Sed
967 1647 1002 1690 an
1020 1647 1076 1688 non
1101 1632 1170 1689 heco
1192 1638 1249 1686 tum
1272 1633 1358 1688 multu
1374 1634 1512 1691 iomanem

163 1718 256 1788 potius
269 1719 440 1788 significent?
469 1719 566 1789 Itaque
587 1718 625 1793 Θ
647 1722 675 1774 in
692 1712 819 1795 sextilib
840 1722 1007 1791 suspicacem
1031 1727 1059 1776 et
1086 1719 1231 1777 sollicitum
1253 1728 1282 1777 et
1304 1723 1414 1778 anxium
1436 1723 1510 1791 iacit,

164 1802 192 1851 et
209 1797 366 1867 vigilantem
390 1804 418 1852 et
436 1804 568 1853 attentum
591 1800 619 1853 in
643 1798 758 1868 singula.
795 1798 848 1854 Ubi
872 1799 956 1868 igitur
981 1799 1151 1870 inquisiverit
1174 1800 1202 1853 in
1220 1800 1303 1855 vitam
1320 1817 1398 1857 suam
1420 1807 1448 1856 et
1465 1800 1511 1857 de·

164 1877 341 1947 prehenderit
357 1884 470 1947 peccota
488 1893 550 1946 sua,
576 1894 641 1934 sane
662 1877 696 1933 de
713 1894 747 1933 eo
764 1879 882 1934 maxime
900 1877 1013 1949 dolebit,
1039 1877 1111 1950 quod
1130 1878 1277 1948 pessimum
1298 1879 1351 1948 ipsi
1368 1879 1511 1937 ridebitur.

166 1956 290 2011 Diximus
308 1964 407 2026 autem,
424 1956 510 2011 rideri
527 1957 588 2026 ipsi,
607 1972 678 2026 quoe
695 1963 766 2012 sunt.
801 1956 952 2012 Pessimum
974 1971 1038 2012 vero
1059 1971 1090 2012 re
1107 1971 1172 2012 vera
1194 1955 1313 2011 infamis
1346 1959 1405 2014 ‚Gur
1421 1965 1512 2014 autem

165 2035 239 2091 dolet
263 2035 297 2090 de
320 2051 353 2091 ea
375 2037 502 2104 cognita?
537 2036 580 2091 An
603 2037 667 2105 quia
683 2035 808 2091 naturale
825 2036 878 2092 hoc
897 2043 939 2092 εει
961 2042 989 2091 ει
1007 2035 1113 2091 dirim
1134 2033 1299 2090 ἰηειίεειιιει
1333 2036 1443 2094 Contra
1479 2039 1511 2095 In

163 2113 216 2168 hoo
234 2115 295 2184 ipso
312 2115 524 2171 luculentissime
542 2115 745 2184 distinguuntur
761 2115 884 2172 homines
910 2131 975 2171 ase
992 2114 1119 2183 invicem,
1147 2114 1220 2183 quod
1238 2113 1348 2183 quidum
1367 2115 1460 2171 dolent
1477 2114 1512 2170 de

163 2192 340 2261 turpitudine,
360 2193 468 2261 quidam
486 2209 549 2262 non,
568 2208 637 2262 quos
654 2193 809 2251 nominibus
826 2194 915 2250 bonne
931 2195 975 2250 rel
992 2194 1080 2248 malus
1096 2191 1196 2249 indolis
1208 2190 1405 2261 distinguimus.
1423 2192 1512 2267 ,Unde

164 2270 249 2339 igitur
266 2277 359 2326 mutus
377 2270 473 2326 dolor?
508 2273 552 2326 An
570 2288 604 2327 ex
623 2288 664 2342 eo,
682 2274 747 2344 quia
764 2279 858 2328 tantm
876 2289 953 2330 amor
970 2273 1091 2342 gloriae?
1125 2273 1162 2327 At
1179 2261 1252 2328 unde
1270 2273 1402 2341 uterque?
1427 2286 1512 2342 supra

108 2345 110 2354 '
163 2351 237 2405 enim
253 2355 360 2405 tuntum
377 2349 493 2407 diximm
512 2349 545 2406 de
563 2352 712 2422 cupiditate
733 2356 762 2407 et
778 2351 959 2408 delectatione
978 2350 1137 2422 speculandi
1162 2348 1379 2419 inbricaudiqne,
1402 2351 1460 2420 jem
1477 2352 1512 2408 de

164 2427 313 2484 moralibus
330 2428 443 2497 murus.
478 2432 525 2485 An
541 2430 624 2499 igitur
641 2431 716 2487 dolet
732 2430 794 2486 ideo
811 2430 996 2493 uehementer,
1023 2430 1088 2499 quia
1112 2429 1287 2485 vehementer
1303 2431 1403 2500 cernit,
1430 2447 1512 2500 quam

163 2506 265 2639 rugium
290 2507 338 2576 sit,
364 2515 393 2563 et
409 2508 533 2566 ueturele
551 2516 594 2565 est
617 2510 708 2566 dolere
734 2509 767 2565 de
792 2508 888 2564 maloi
923 2508 969 2566 Sic
993 2507 1081 2563 omnis
1103 2507 1189 2563 virtus
1207 2508 1289 2564 ammi
1316 2522 1351 2562 ex
1371 2508 1511 2566 intellectu

148 2583 182 2638 *d
219 2590 354 2640 ucerctur.

251 2661 388 2731 Optimum
405 2665 488 2734 igitur
504 2671 556 2735 est,
574 2665 620 2722 ubi
635 2668 759 2738 jungitur
775 2667 910 2724 industris
926 2668 1043 2739 ingenio.
1079 2668 1117 2722 Et
1127 2666 1172 2722 hio
1184 2667 1285 2738 optime
1295 2666 1398 2723 habent
1411 2668 1509 2740 omnia,

164 2740 218 2797 nisi
234 2740 309 2811 qued
325 2742 422 2797 Martis
440 2743 531 2798 radius
550 2745 699 2814 quadratus
723 2746 795 2802 illam
813 2749 921 2803 nimiam
946 2753 1029 2816 auget
1055 2747 1288 2818 praecipitantium
1310 2752 1339 2802 ei
1363 2747 1510 2805 multarum

164 2837 259 2877 rerum
277 2820 466 2892 inceptionem.
500 2824 586 2879 Nota:
603 2824 772 2894 Mecgerlino
791 2834 834 2882 eet
849 2825 959 2897 Jupiter
975 2829 1003 2882 in
1021 2835 1092 2884 ortu.
1128 2827 1289 2883 Etillenon
1305 2834 1348 2895 εει
1364 2828 1405 2883 its
1421 2826 1510 2883 landis

165 2898 307 2956 studiosus
333 2909 362 2957 et
383 2910 475 2959 umen
498 2903 619 2960 honoris.
654 2904 730 2961 loris
753 2905 836 2976 igitur
860 2906 997 2976 ingenium
1024 2906 1138 2977 simplex
1156 2911 1209 2973 est,
1236 2913 1366 2976 appetere
1383 2907 1510 2965 honores.

164 2983 204 3038 Et
223 2978 298 3041 aliod
316 2989 359 3038 est
375 2983 478 3052 honos,
504 2983 577 3040 uliud
594 2983 664 3041 Ιεεε.
700 2984 923 3054 Distinguuntur:
948 2986 1009 3041 leus
1031 2985 1160 3042 fundetur
1183 2985 1211 3040 in
1228 2985 1355 3059 opinione
1371 2985 1511 3047 hominnm

167 3067 196 3117 et
213 3061 243 3120 in
261 3062 468 3131 ειὶειίιεειίοιιε,
485 3061 574 3116 honor
589 3062 618 3117 iu
634 3064 800 3133 ceremoniis,
819 3063 1035 3129 salutationibus,
1052 3064 1153 3135 titulis,
1171 3063 1280 3135 officiis,
1299 3069 1327 3121 et
1343 3071 1435 3135 potest
1451 3068 1511 3123 deri

165 3144 225 3199 sine
243 3144 333 3200 laude.
369 3143 489 3199 Deberet
510 3148 601 3196 nmen
618 3156 654 3197 ex
669 3141 750 3198 laude
767 3142 916 3214 proficisci,
940 3143 993 3199 nisi
1011 3142 1195 3214 degeneraret.
1230 3144 1355 3215 Dignitas
1381 3142 1511 3202 emineret

165 3221 264 3278 honori
282 3220 495 3293 quodammodo,
520 3219 648 3276 sihonor
673 3237 735 3278 eum
752 3223 833 3279 laude
860 3230 910 3279 est.
945 3218 1128 3291 Praestantis,
1156 3221 1318 3278 excellentie
1335 3230 1400 3278 sunt
1416 3222 1510 3279 lunde-

164 3309 290 3358 mentum
308 3309 336 3357 et
351 3306 469 3371 possunt
486 3299 545 3354 sine
562 3297 644 3354 laude
661 3300 782 3369 cogitari.
818 3300 974 3356 Armoricae
991 3301 1116 3356 ultimum
1133 3301 1310 3357 videturesse
1328 3303 1356 3356 in
1367 3299 1509 3371 opinione,

163 3382 282 3452 primum
298 3381 327 3437 iu
343 3381 431 3449 iacto,
453 3394 508 3449 quo
526 3377 626 3448 eliquid
642 3380 832 3446 retribuimus,
855 3389 899 3435 εει
917 3386 1008 3435 autem
1025 3380 1175 3435 cummunis
1193 3380 1273 3435 etiam
1290 3379 1509 3436 benefactoribus

165 3467 194 3516 et
211 3461 343 3532 petrona,
360 3460 482 3529 quamuis
500 3473 555 3512 non
573 3455 731 3528 laudentur,
754 3467 786 3513 ut
803 3465 832 3513 et
848 3458 1006 3528 potentibus
1025 3464 1107 3527 etque
1128 3457 1263 3514 divitibus.
1298 3458 1390 3514 Virtus
1408 3464 1451 3513 est
1468 3471 1509 3512 se·

165 3541 268 3596 metius
287 3540 352 3610 quid
369 3554 449 3608 quum
467 3534 643 3607 praestantia,
662 3535 726 3605 quia
742 3534 792 3591 ille
808 3535 966 3606 simpliciter
984 3535 1177 3606 consideratur,
1194 3537 1263 3592 haec
1279 3535 1374 3593 reluta.
1409 3538 1509 3593 Aucto·

104 3650 107 3661 ›
165 3618 234 3676 ritus
253 3625 298 3675 est
313 3620 426 3676 muitum
442 3632 554 3687 reguum
574 3616 632 3670 sine
648 3614 752 3670 honore
768 3617 851 3686 regio.
886 3614 1024 3671 Lutberus
1042 3615 1082 3673 sic
1099 3618 1229 3685 regnavit.

253 3698 296 3754 Ab
313 3697 422 3755 ineunte
439 3703 528 3751 aetate
546 3694 655 3750 inerunt
671 3694 736 3750 huic
757 3693 859 3748 homini
876 3693 1024 3748 adversarii
1041 3692 1138 3762 uliqui,
1154 3695 1265 3765 primus,
1283 3709 1364 3762 quem
1380 3692 1510 3748 memoris

164 3786 255 3850 teneo,
275 3779 398 3850 HoIpius,
415 3776 469 3832 imo
488 3789 581 3832 omnes
599 3771 768 3841 consodeles,
786 3770 905 3838 Molitor,
924 3770 1093 3827 Wielandius
1111 3772 1304 3843 Mulpronnee,
1323 3778 1351 3827 et
1368 3771 1510 3840 Tubingae

165 3857 301 3927 Kollinus,
320 3854 485 3912 Bebeuhusii
501 3851 681 3915 Brsunbaum,
699 3848 879 3919 Mulpronnee
897 3847 1128 3917 Ziegelheuserus.
1163 3852 1303 3908 Receuseo
1321 3852 1471 3907 diuturnos.

235 3934 378 4005 Tubingae
386 3932 557 3997 Hulderious,
575 3929 713 3998 Seiiierus,
731 3926 860 3997 Ortolius,
879 3927 1048 3998 edelbergae
1059 3929 1216 3995 Lendliuus,
1233 3930 1413 4000 liulpronnse
1425 3929 1510 3999 Spen-

164 4013 343 4084 genbergius,
361 4012 502 4082 'lubingae
521 4006 856 4078 creberus,rlu1pronnae
872 4006 1024 4081 Rebstoclr,
1043 4008 1182 4078 Husclius,
1201 4008 1341 4080 'lubingae
1357 4010 1510 4081 Deuberus,

165 4092 335 4150 heriradus.
371 4093 508 4164 cognatm
526 4091 671 4160 laegerus,
688 4088 732 4144 lo.
752 4087 865 4158 Regius,
883 4088 1033 4158 Munerius,
1053 4086 1216 4158 Speidelius,
1235 4087 1372 4159 Zeilerus,
1390 4088 1433 4145 Jo.
1450 4090 1509 4145 Mo·

164 4172 231 4229 litor
253 4172 352 4244 frater,
380 4173 431 4228 su.
449 4170 574 4240 Crellius,
599 4183 691 4236 socer,
714 4166 837 4236 plerique
860 4167 1002 4236 aequales,
1025 4166 1121 4236 reliqui
1139 4165 1211 4221 forte
1230 4166 1260 4222 in
1285 4182 1376 4224 causa,
1412 4168 1510 4238 Itaque

166 4252 275 4308 enimus
299 4251 359 4321 ejus
382 4256 523 4306 exercetur
544 4248 572 4302 in
595 4244 803 4317 cogitationibus
825 4252 922 4300 contra
943 4245 1120 4301 adversarios.
1154 4244 1253 4301 Unde?
1276 4263 1311 4301 au
1329 4246 1393 4315 quie
1409 4244 1509 4315 urna,

165 4330 317 4402 profectui,
339 4329 499 4395 honoribus,
516 4326 639 4382 ielidtsti
656 4339 762 4395 semper
779 4324 898 4380 aemuli?
931 4326 975 4379 An
993 4325 1057 4394 quia
1076 4321 1115 4399 Θ
1134 4331 1162 4382 ει
1177 4316 1203 4403 Q
1220 4323 1250 4378 in
1267 4324 1339 4380 vn?

252 4418 354 4489 Holpio
372 4419 446 4486 (inter
462 4421 591 4481 magistros
609 4422 722 4480 receptus
740 4429 805 4464 anuo
820 4418 886 4465 ltili
900 4430 956 4466 cum
968 4415 1133 4478 Μεεςεειιιιο,
1151 4416 1234 4466 lacum
1246 4418 1355 4469 obtinuit
1369 4419 1410 4470 st.
1421 4416 1508 4465 Pssto·

164 4506 199 4555 ris
212 4515 316 4554 munere
333 4501 481 4562 fungebatur
498 4511 521 4548 a.
541 4497 720 4546 1596-1698
738 4494 892 4562 Neidliugae)
910 4507 1014 4546 mecum
1032 4492 1066 4548 de
1084 4491 1243 4548 eruditionIs
1259 4492 1385 4562 opinione
1403 4490 1527 4547 occulta,

166 4577 316 4637 contentio.
349 4577 377 4632 Is
395 4590 438 4630 me
455 4572 598 4629 manifeste
616 4569 719 4639 oderat,
735 4585 839 4624 mecum
855 4569 899 4629 bis
912 4571 1048 4639 pugnavit,
1067 4570 1326 4643 semelLeobergee,
1344 4568 1428 4627 semel
1439 4568 1509 4623 Mul-

164 4640 315 4728 pronnaes
330 4656 477 4725 Postquam
493 4651 533 4707 ibi
549 4651 626 4705 locus
644 4648 769 4719 superior
785 4647 852 4702 mihi
869 4647 964 4714 cessit,
990 4648 1119 4706 rediimus
1144 4650 1173 4706 iu
1190 4651 1311 4721 gratiam
1347 4647 1509 4719 Desperarit

165 4737 238 4794 enim
255 4734 463 4803 restitutionem,
480 4743 596 4800 cumque
613 4727 689 4800 prius
706 4741 813 4798 semper
829 4733 976 4795 metueret,
990 4727 1055 4796 jam,
1073 4727 1144 4784 fecto
1163 4728 1236 4800 quod
1253 4734 1399 4800 metueret,
1418 4727 1509 4786 odisse

164 4814 346 4885 simulatque
369 4800 491 4871 metuere
516 4810 604 4869 desiit.
639 4806 761 4865 Molitori
785 4806 888 4879 (pretori
906 4810 1059 4861 steinensi
1084 4809 1274 4878 lust-rsit)
1291 4807 1387 4864 eadem
1410 4806 1511 4866 occulti

210 4920 316 4989 fixeras
329 4919 446 4974 ope-v.
1311 4911 1351 4971 31
