3567 5625
265 472 325 529 178
440 456 443 463 '
788 466 830 521 De
846 462 1071 536 Propertionibus

348 643 389 702 X.
412 643 447 703 Iu
469 660 575 720 genere
598 659 682 702 omne
705 652 829 702 octavae
850 652 980 720 systema
1003 650 1048 703 est
1068 646 1288 717 inconcinnum,
1318 642 1397 718 quod
1419 659 1478 700 nun
1505 644 1609 702 statuit

262 741 293 793 et
313 730 493 792 diatessaron
517 739 545 790 et
568 729 705 807 diapente
728 731 809 789 iulia
1632 726 1635 733 '

347 818 461 878 Harum
482 818 580 894 legum
602 819 759 894 pleraeque
778 818 840 894 jam
863 818 948 883 nobie
971 819 1099 877 servient
1120 820 1149 874 iu
1167 815 1370 876 constituendo
1384 832 1505 875 numero
1522 822 1608 874 tonu-

262 925 327 967 rum
349 923 413 983 cap.
436 908 579 983 sequenti.

315 1050 318 1063 ,
347 992 447 1054 Sexto.
470 993 619 1069 Quantum
631 994 736 1052 attinet
757 992 796 1051 ad
808 990 880 1050 illud
891 992 1051 1051 membrum
1064 990 1248 1064 definitionis,
1271 989 1392 1049 dusouu
1406 992 1518 1048 curam
1536 1006 1611 1063 per·

263 1082 406 1156 aduam,
434 1085 470 1139 tu
490 1086 627 1140 consonis
648 1084 828 1159 immorant,
857 1083 912 1138 etsi
933 1096 992 1138 nou
1014 1087 1059 1138 est
1081 1082 1206 1137 instituti
1227 1081 1285 1137 mci
1308 1080 1335 1134 in
1359 1093 1446 1152 opere
1469 1080 1542 1148 isto,
1574 1076 1609 1135 de

261 1171 405 1227 mensuris
435 1168 598 1244 disputare,
628 1167 701 1225 iliud
721 1176 819 1227 tamen
848 1169 877 1224 in
901 1184 1007 1241 genere
1028 1182 1147 1238 murteo,
1179 1166 1365 1242 praecipuam
1390 1181 1454 1223 esse
1483 1167 1609 1240 gratiam

263 1265 366 1315 cautus
387 1256 546 1317 harmonici
568 1259 597 1313 iu
621 1258 845 1314 mensuratione.
889 1254 966 1313 Nam
988 1253 1067 1330 quod
1089 1255 1308 1329 generalissime
1332 1253 1441 1311 dietum
1464 1264 1524 1322 est,
1547 1251 1610 1310 dis·

261 1360 341 1402 sonu
367 1347 480 1401 curum
502 1351 574 1415 etc,
602 1341 632 1399 id
660 1345 689 1399 iu
719 1345 816 1419 specie
848 1344 890 1399 sic
921 1358 1021 1401 vetum
1049 1342 1181 1401 efficitur.
1227 1341 1356 1399 Primum
1381 1339 1476 1397 Latini
1499 1339 1611 1399 babent

268 1429 483 1490 distinctionem
506 1433 580 1489 inter
601 1429 720 1506 longam
743 1437 772 1487 et
794 1431 913 1489 brevem
936 1429 1096 1505 syllabam,
1125 1446 1248 1505 quarum
1278 1429 1485 1503 benefaciunt
1514 1428 1612 1503 nnius,

264 1517 479 1577 illamduorum
489 1525 652 1593 temporum
664 1524 694 1576 ct
705 1518 747 1575 sic
758 1516 949 1592 longitudinis
960 1516 1077 1592 duplae.
1114 1515 1288 1591 Quanquam
1304 1509 1392 1574 hodie
1408 1531 1466 1573 nou
1484 1516 1613 1573 carmina

264 1613 386 1679 mutum,
408 1605 461 1664 sed
482 1608 572 1664 etiam
593 1622 681 1681 prosa
702 1606 829 1676 canitur,
858 1606 887 1661 in
912 1622 971 1679 qua
993 1608 1109 1680 penitus
1130 1603 1287 1679 negligitur
1313 1602 1352 1662 ab
1375 1600 1521 1661 hodiernis
1543 1619 1610 1660 mu·

265 1693 333 1751 sicis
356 1692 503 1752 distinctio
525 1692 631 1768 longae
654 1701 684 1750 et
705 1692 801 1751 brevis
823 1691 965 1768 syllabae,
989 1694 1141 1768 respicitur
1166 1709 1232 1751 vero
1249 1693 1332 1749 unice
1357 1689 1396 1748 ad
1411 1705 1521 1749 morem
1541 1705 1611 1765 pro·

264 1779 431 1853 nunciandi,
454 1783 589 1859 quamvis
611 1783 636 1836 is
652 1777 739 1838 hodie
761 1782 800 1837 sit
813 1789 974 1855 corruptus,
999 1779 1181 1855 habeturque
1196 1795 1248 1854 pro
1264 1778 1353 1853 longa
1368 1775 1493 1854 syllaba,
1517 1793 1613 1853 quae·

268 1882 381 1942 cunque
405 1884 471 1926 curu
493 1877 614 1927 accentu
638 1878 725 1925 acuto
748 1866 823 1925 solet
845 1868 973 1942 pruteni,
996 1884 1049 1941 pro
1072 1867 1163 1937 brevi,
1187 1883 1262 1942 quac
1286 1883 1352 1925 euru
1374 1867 1466 1939 gravi.

351 1953 387 2011 Id
408 1972 466 2012 non
489 1956 594 2012 mirum
616 1958 644 2012 in
669 1954 760 2012 latina
782 1953 883 2028 lingua
907 1954 981 2025 fieri,
1012 1971 1078 2012 cum
1101 1954 1179 2012 idem
1201 1957 1288 2012 etiam
1309 1952 1414 2011 Graeci
1436 1952 1612 2027 posteriores

268 2038 403 2113 iecerint,
434 2044 484 2117 qui
514 2043 647 2118 quamuis
675 2059 747 2117 pure
776 2042 951 2118 scriberent,
979 2044 1245 2116 pronuntiationem
1273 2048 1369 2099 tamen
1392 2041 1612 2097 vitiosissimam

268 2133 337 2183 snut
358 2129 499 2203 amplexi,
527 2132 556 2186 iu
580 2147 640 2206 qua
669 2128 750 2186 nulla
772 2127 897 2204 aruplius
926 2137 970 2186 est
992 2128 1139 2187 distinctio
1168 2137 1305 2187 accentus
1328 2129 1407 2186 acuti
1438 2126 1613 2203 asyllabae

268 2208 458 2287 longitudine,
481 2220 579 2292 grauis
602 2234 620 2274 a
643 2217 793 2288 brevitate,
817 2232 882 2274 cum
898 2224 993 2275 tamen
1017 2215 1055 2273 ad
1070 2217 1127 2274 hoc
1148 2218 1239 2291 signis
1254 2214 1411 2285 abundent,
1435 2203 1511 2289 quae
1534 2211 1613 2289 apud

271 2297 392 2358 Latinos
420 2318 480 2360 nun
510 2312 570 2360 tam
597 2304 740 2378 frequenti
770 2306 797 2361 in
829 2320 882 2360 usu
907 2304 1057 2364 habentur.
1101 2303 1206 2379 Ita'que
1228 2301 1335 2361 Graeci
1364 2304 1507 2376 abrogato
1534 2316 1614 2359 more

270 2384 417 2462 pangendi
446 2406 563 2457 carmen
590 2392 628 2447 ab
650 2390 763 2466 aliquot
787 2391 850 2465 jam
873 2378 980 2449 seculis
1003 2402 1160 2469 coeperunt
1182 2391 1308 2449 scribere
1336 2385 1613 2465 versus,‘puliticos

272 2470 383 2546 dictus,
415 2476 573 2550 inquibus
602 2476 734 2553 syllabae
756 2491 959 2550 numerantur,
988 2495 1046 2537 non
1069 2486 1286 2549 mensurantur,
1320 2477 1615 2550 obtinetqueversus

219 2628 223 2636 ¹
273 2558 470 2636 penultimum,
493 2579 550 2621 nun
573 2581 649 2638 quae
671 2572 775 2623 uatnra
796 2564 886 2640 longa
908 2573 961 2638 est,
984 2565 1035 2624 sed
1059 2582 1134 2641 quae
1158 2574 1280 2624 accentu
1296 2567 1418 2623 aeuitur.
1431 2566 1461 2620 iu
1483 2578 1615 2621 sermone

273 2646 418 2724 populari.
463 2647 499 2704 Id
520 2652 608 2723 igitur
629 2652 776 2708 imitantur
799 2655 887 2711 etiam
916 2655 946 2709 in
968 2652 1061 2711 latine
1082 2656 1172 2711 nostri
1196 2654 1315 2725 musici,
1341 2651 1416 2710 adeo
1440 2658 1472 2708 ut
1493 2666 1530 2710 ne
1550 2667 1616 2709 car-

271 2735 399 2793 minibus
427 2733 561 2809 qnidem.
593 2739 646 2793 nisi
675 2754 790 2812 perraro
818 2756 872 2797 uec
903 2756 1032 2816 uuquam
1059 2743 1089 2798 iu
1119 2749 1229 2813 totum,
1262 2748 1399 2817 parcant3
1427 2736 1514 2797 credo
1546 2738 1617 2814 quia

275 2821 366 2897 dupla
388 2829 418 2880 et
440 2821 527 2897 tripla
548 2833 689 2897 perpetua
710 2827 739 2881 iu
763 2827 894 2885 cantibus
918 2837 963 2886 cst
984 2836 1113 2906 recepta,
1138 2846 1202 2886 cum
1225 2830 1354 2886 carmina
1375 2827 1428 2884 has
1451 2825 1618 2902 inaequali-

274 2918 319 2967 ter
339 2910 495 2981 misceant,
526 2918 648 2982 excepto
671 2909 852 2985 hexametro,
884 2914 962 2989 quod
985 2918 1171 2993 proportione
1193 2915 1381 2990 aequalitatis
1405 2917 1435 2972 iu
1458 2912 1617 2990 spondaeo,

275 3005 305 3054 ct
327 2994 416 3071 dupla
438 2994 566 3071 perlecta
588 2997 616 3050 in
639 2993 755 3072 dactylo
778 3005 944 3059 contentum
967 3011 1018 3060 est
1063 3004 1186 3062 Brevem
1203 3005 1290 3078 igitur
1305 3003 1450 3078 syllabam
1472 3010 1524 3059 aut
1541 3017 1618 3076 quae

277 3091 322 3141 est
344 3080 410 3141 loco
433 3082 540 3153 brevis,
564 3080 681 3157 quando
704 3084 868 3156 spondaeus
891 3091 1019 3148 succedit
1037 3090 1148 3165 jambo,
1173 3098 1202 3149 et
1220 3095 1249 3147 in
1264 3106 1370 3164 genere
1385 3088 1530 3165 syllabam
1552 3104 1618 3146 cum

270 3176 398 3227 ‘accentu
420 3166 621 3245 proterendam
642 3169 747 3226 musici
768 3169 908 3246 deputant
930 3175 1046 3235 dissono
1069 3194 1157 3250 sono,
1180 3180 1204 3236 si
1228 3195 1280 3254 per
1302 3176 1382 3234 illum
1404 3179 1444 3235 ait
1463 3185 1619 3234 transeun-

277 3256 361 3330 dum,
384 3255 502 3331 longam
524 3256 659 3314 consonis
682 3254 729 3313 vel
751 3261 842 3329 quasi.

363 3341 498 3403 Secundo
521 3342 639 3417 linguae
655 3341 788 3414 Junicac,
812 3360 887 3418 quae
910 3348 1043 3425 rhythmo
1066 3358 1194 3424 utuntur,
1217 3350 1388 3422 Teutonica,
1415 3348 1539 3423 Gallica,
1561 3348 1621 3407 Hi·

168 3435 171 3442 “
278 3431 408 3507 apanica,
432 3430 537 3489 Italica
558 3427 668 3488 iaciunt
689 3428 737 3488 vel
760 3429 891 3489 ultimam
915 3439 1047 3495 carminis
1069 3446 1185 3496 acutam
1207 3439 1255 3498 vel
1268 3437 1460 3514 penultimam
1482 3438 1621 3497 ederunt·

279 3534 336 3594 que
359 3525 453 3577 totum
476 3535 592 3576 versum
614 3519 672 3590 sic,
703 3533 738 3575 ac
759 3519 785 3575 si
808 3515 925 3576 alternis
955 3530 1041 3581 acute
1063 3523 1109 3581 vel
1132 3527 1229 3597 gravis
1257 3526 1373 3603 syllaba
1397 3544 1429 3585 se
1451 3534 1553 3584 mutuo
1575 3527 1623 3581 in·

240 3621 247 3638 ⁸
280 3614 448 3680 sequantur,
471 3608 534 3664 sive
557 3607 595 3662 sit
617 3604 689 3678 hoe,
714 3607 795 3662 utin
819 3613 888 3680 apto
911 3604 1070 3668 Teutonico
1094 3628 1195 3681 versu,
1219 3615 1282 3672 aive
1305 3630 1362 3671 nou
1386 3615 1440 3686 sit,
1465 3621 1499 3672 ut
1520 3612 1621 3672 erebro

279 3694 310 3749 iu
333 3690 466 3751 Gallicis.
510 3692 615 3767 Itaque
640 3693 733 3751 omnis
755 3692 870 3750 illorum
893 3709 994 3751 versus
1024 3705 1075 3755 aut
1100 3697 1246 3757 trochaico
1272 3701 1374 3759 similis
1398 3710 1442 3760 est
1473 3708 1525 3759 aut
1541 3700 1622 3775 jam-

279 3781 356 3850 bico,
378 3781 473 3854 iisque
495 3790 546 3836 aut
568 3781 753 3838 acatalectis:
786 3776 936 3860 &tbdpfftt
958 3777 1104 3861 lbimmtld
1129 3785 1188 3846 uttb
1215 3785 1262 3847 bet
1282 3783 1385 3850 (iabiu
1429 3783 1503 3850 illitu
1532 3783 1623 3850 titios

280 3860 337 3929 tuit
358 3865 410 3927 beu
432 3863 561 3947 sesqui
584 3862 680 3947 dicitu,
712 3875 764 3923 aut
786 3866 949 3925 caulecus:
978 3863 1045 3946 ibris
1073 3865 1122 3948 surb
1149 3873 1280 3934 uuuhat
1308 3873 1361 3937 oue
1382 3872 1470 3938 tutte
1516 3872 1559 3938 ut
1587 3870 1623 3952 iit

281 3953 328 4013 ber
349 3947 576 4033 fflictgtttiittttt.
622 3953 714 4028 Igitur
735 3955 837 4011 musici
862 3956 941 4012 sonis
964 3953 1088 4013 dissonis
1111 3956 1207 4015 sedem
1231 3963 1259 4017 in
1274 3963 1412 4036 gravibus
1435 3962 1482 4023 sel
1504 3979 1621 4038 correp·

282 4041 320 4096 tis
343 4037 465 4114 syllabis
486 4037 593 4113 figunt,
618 4040 753 4097 consonis
776 4041 805 4096 iu
828 4044 931 4100 acutis.

369 4123 478 4199 Tertio,
500 4143 565 4184 eum
589 4139 658 4184 vero
682 4134 783 4185 cantem
805 4129 912 4203 accipit
933 4145 1098 4186 mensuram
1126 4146 1184 4188 nou
1207 4149 1225 4188 a
1247 4132 1366 4208 syllabis
1389 4141 1498 4208 textus,
1529 4137 1623 4196 seda

282 4218 376 4286 tactu,
408 4219 496 4288 atque
518 4215 543 4270 is
566 4213 613 4273 rel
637 4211 755 4289 duplam
782 4217 914 4289 sequitur
936 4218 1150 4291 proportionem
1182 4219 1228 4276 vel
1253 4219 1379 4294 triplam,
1410 4224 1531 4297 primam
1555 4225 1622 4300 qui-

284 4299 350 4359 dem
371 4306 466 4358 taetus
488 4306 601 4375 partem
624 4303 773 4374 consonis,
803 4306 990 4378 posteriorem
1014 4309 1043 4361 et
1065 4306 1093 4360 in
1116 4302 1202 4381 tripla
1229 4306 1403 4380 breviorem,
1432 4327 1509 4385 quae
1529 4312 1623 4386 signi-

282 4386 385 4446 ficatur
400 4386 564 4445 elevatione
579 4405 691 4459 manus,
718 4387 843 4447 dissonis
859 4392 1043 4468 potissimum
1057 4400 1204 4450 reservent
1220 4401 1391 4469 carentque,
1407 4405 1547 4470 quantum
1562 4396 1623 4455 lieri

283 4482 388 4548 potest,
411 4490 447 4533 ue
469 4476 592 4550 primum
615 4484 709 4534 tactus
732 4478 880 4537 sambrum
904 4476 963 4537 alia
985 4486 1106 4553 occupet
1128 4479 1252 4557 syllaba,
1276 4497 1363 4556 quam
1383 4494 1517 4557 quaeest
1538 4493 1625 4543 acute

283 4559 470 4636 proferenda,
493 4579 567 4622 nere
591 4561 695 4639 lungae
717 4564 804 4623 binae
828 4566 856 4622 in
880 4564 1010 4624 ultimam
1034 4574 1127 4626 tactus
1149 4574 1261 4644 partem
1283 4568 1473 4628 intrudantur.
