3567 5625
658 367 756 429 ’Liber
772 374 821 428 111.
841 374 929 443 Caput
946 371 1019 427 XIV.
1458 381 1518 440 391

171 570 249 630 qnae
272 554 309 614 iis
332 555 528 627 associantur,
551 573 570 614 a
591 561 658 613 nete
680 571 732 613 seu
756 553 865 612 ultimis
888 552 990 627 dictim
1025 552 1244 630 celebraturque
1267 554 1319 615 Sel
1342 555 1442 615 erebro
1465 571 1522 614 usu

172 645 316 700 sermonis
339 659 391 718 pro
414 642 598 718 planetarum
620 642 730 713 medio,
761 657 818 699 nou
842 643 937 699 minus
960 658 1048 716 quam
1071 641 1122 700 ille
1144 660 1223 702 mese
1246 642 1365 716 dicitur,
1395 645 1522 701 etaient
1582 707 1587 712 .

172 747 251 788 mese
274 738 404 806 systema
426 730 601 805 perlectum,
634 732 676 796 sic
699 728 755 787 Sol
778 727 916 786 mundum
949 728 1074 804 bisecat3
1104 746 1182 788 mese
1205 731 1322 805 qnidam
1347 739 1376 790 et
1399 746 1521 807 propor-

173 818 282 875 tionem
305 819 482 893 systematis,
506 834 582 891 quae
606 815 769 892 quadrupla
791 814 911 886 dieitur,
935 817 963 871 in
987 815 1045 875 duo
1068 815 1205 891 aequalia
1227 817 1345 890 dividit,
1369 817 1421 877 Sol
1446 834 1523 892 quo·

173 922 230 980 que
255 908 471 982 proportionem
494 903 712 962 intervallorum
737 902 850 961 ridetur
873 901 975 960 eode‘m
998 904 1057 963 iere
1079 903 1167 963 modo
1190 903 1329 977 dividere,
1353 906 1378 963 si
1399 903 1522 979 prolixi·
1572 949 1575 956 .

174 1000 265 1050 tatem
288 994 435 1068 temporis,
460 1008 517 1067 quo
534 991 676 1050 Saturnus
692 989 774 1062 redit,
798 993 961 1064 argumenti
977 989 1042 1050 loco
1056 990 1217 1050 habeamus
1239 993 1276 1051 ad
1299 987 1524 1068 eorijeetaminm

176 1077 372 1138 intervallum.
417 1077 469 1137 Sol
499 1080 575 1137 enim
604 1076 759 1136 duodecies
793 1076 900 1136 tardior
924 1077 1022 1147 Luna,
1053 1078 1149 1137 decies
1178 1081 1281 1138 nonies
1304 1081 1417 1138 circiter
1438 1077 1524 1138 altior

175 1179 219 1226 est
241 1165 307 1240 illa3
330 1166 472 1226 Saturnus
496 1183 565 1224 uero
588 1167 684 1224 tricies
707 1164 817 1223 tardior
839 1164 925 1237 Sole,
948 1168 1055 1240 poterit
1076 1165 1267 1241 probabiliter
1289 1175 1319 1226 et
1341 1169 1403 1245 ipse
1427 1166 1523 1225 decies

174 1256 277 1314 novies
300 1251 387 1312 altior
410 1271 444 1312 eo
467 1256 567 1331 statui,
591 1271 656 1310 cum
679 1252 751 1310 nihil
766 1251 907 1328 impediat
923 1268 1032 1323 eorum,
1055 1271 1132 1328 quae
1155 1256 1184 1311 in
1206 1253 1350 1314 sideribus
1373 1262 1523 1332 apparent,

175 1351 208 1401 ut
231 1349 342 1417 quanto
365 1340 459 1413 launa,
483 1340 590 1408 infima,
614 1338 749 1399 humilior
772 1349 816 1399 est
839 1357 927 1415 quam
954 1339 1089 1413 velocior,
1113 1348 1194 1399 tanto
1219 1344 1347 1401 vicissim
1370 1340 1522 1414 Saturnus,

176 1429 346 1500 altissimus,
371 1428 479 1486 tardior
501 1429 540 1485 sit
562 1417 650 1503 quani
673 1426 767 1488 altior.

263 1514 407 1593 Amplius,
432 1518 508 1573 sicut
530 1517 604 1573 inter
626 1514 940 1591 proslambanomenon
955 1521 983 1572 et
1007 1513 1134 1589 hypaten
1152 1513 1282 1591 hypaton
1306 1516 1457 1574 minimum
1481 1521 1525 1574 est

177 1619 211 1661 er
235 1603 385 1662 stabilium
409 1602 525 1676 quidem
548 1618 685 1660 senonum
709 1600 879 1671 intervallis,
904 1602 946 1658 sic
970 1602 1057 1657 etiam
1080 1618 1114 1659 ex
1139 1603 1336 1677 superioribus
1352 1603 1470 1662 Saturni
1493 1611 1523 1660 et

175 1688 263 1749 Jovis
286 1693 397 1766 primae
420 1691 561 1766 sphaerae
583 1692 732 1750 minimum
762 1695 908 1764 potestate
932 1687 1057 1757 distant,
1088 1691 1196 1764 quippe
1225 1690 1374 1767 epioyclus
1403 1689 1522 1748 Saturni

93 1789 95 1794 ·
176 1780 312 1835 minimus
342 1786 386 1836 est
417 1780 603 1854 proportione
633 1775 670 1835 ad
703 1777 802 1833 orbum
832 1792 917 1832 suurn
941 1776 1150 1850 eccerrtrieum3
1181 1783 1212 1834 ut
1236 1794 1306 1836 vero
1330 1779 1404 1836 inter
1425 1793 1526 1835 meson

176 1873 206 1924 ct
226 1864 356 1942 hypaten
380 1882 480 1925 meson
504 1873 549 1923 est
577 1863 760 1923 intervallum
789 1863 989 1928 diatessaron,
1025 1863 1198 1936 maximum,
1232 1866 1275 1925 sic
1301 1866 1375 1924 inter
1398 1863 1475 1922 Solle
1498 1870 1555 1936 et¹

176 1953 280 2011 Martis
303 1954 411 2028 primas
432 1951 572 2028 sphaeras
595 1959 639 2009 eet
661 1950 847 2009 intervallum
870 1957 1016 2026 potestate
1040 1953 1213 2024 maximnm,
1243 1953 1315 2028 quia
1336 1952 1440 2011 Martis
1463 1953 1527 2027 epi·

176 2040 279 2117 cyclus
310 2042 496 2115 proportione
525 2049 570 2097 est
597 2041 740 2097 maximus
772 2037 809 2096 ad
839 2040 1031 2119 eccentri‘cnm
1061 2056 1163 2113 suum3
1194 2048 1223 2097 et
1245 2048 1278 2097 ut
1300 2042 1374 2098 inter
1396 2039 1527 2116 hypaten

178 2128 311 2204 hypaton
336 2135 365 2185 et
387 2127 515 2203 hypaten
538 2144 640 2184 meson
669 2143 781 2183 rursum
812 2135 857 2183 est
879 2123 1072 2190 diatessaron,
1106 2126 1230 2202 aequale
1254 2128 1355 2204 priori,
1389 2129 1528 2185 sinister

176 2214 285 2273 Jovem
309 2223 339 2273 et
363 2213 486 2272 Martem
509 2220 553 2271 est
576 2212 769 2284 intervallum,
794 2219 940 2287 potestate
963 2214 1161 2288 propinquans
1186 2215 1280 2272 ricino
1304 2216 1380 2273 inter
1402 2212 1528 2273 Martem
1610 2247 1612 2252 ,

177 2310 206 2361 et
229 2301 344 2372 Solem,
377 2298 617 2377 quia'epicyclus
639 2298 743 2370 Jovis,
775 2317 841 2357 cum
864 2297 1017 2357 mediocris
1040 2302 1078 2356 sit
1099 2304 1286 2377 proportione
1309 2301 1347 2359 ad
1370 2318 1454 2360 suurn
1478 2318 1528 2360 ec·

177 2392 346 2460 neutricum,
370 2392 533 2464 quantitate
555 2389 732 2464 propinquat
755 2385 884 2445 Martiali
914 2389 943 2442 in
972 2395 1102 2458 tantum,
1132 2397 1241 2463 quante
1274 2389 1367 2464 anor
1390 2396 1434 2447 est
1465 2390 1527 2465 ipse

177 2474 266 2535 Jovis
290 2479 467 2535 occentu-icus
491 2476 650 2534 eoeentrico
675 2473 787 2532 Martis.
832 2473 959 2532 Rursum
982 2476 1056 2533 inter
1078 2474 1224 2534 interiores
1240 2478 1391 2534 minimum
1414 2483 1458 2535 est
1482 2477 1528 2532 iu-

179 2563 334 2622 tervallum
363 2565 437 2622 inter
465 2565 572 2638 primas
601 2560 678 2620 Solis
709 2569 738 2619 et
762 2561 883 2620 Veneris
913 2560 1053 2636 sphaeras
1083 2559 1165 2638 (quia
1192 2561 1243 2621 Sol
1273 2562 1405 2640 epicyclo
1429 2565 1527 2641 caret),

182 2653 267 2709 sicuti
291 2659 336 2710 est
358 2653 522 2722 minimum,
555 2648 584 2705 id
617 2659 661 2707 est
691 2651 819 2707 tonicam
842 2647 1028 2707 intervallum
1058 2652 1148 2708 etiam
1171 2652 1245 2708 iuter
1267 2667 1365 2710 mesen
1388 2658 1418 2709 et
1439 2668 1528 2726 para-

181 2755 296 2808 meseu3
319 2740 393 2798 inter
415 2737 538 2795 Veneris
561 2752 630 2794 vero
654 2745 683 2794 et
698 2735 833 2794 Mercurii
856 2739 965 2813 primes
987 2736 1127 2812 sphaeras
1151 2738 1189 2795 ob
1211 2738 1440 2813 magnitudinem
1463 2740 1529 2815 epi-

180 2825 255 2903 cycli
278 2826 403 2885 Veneris
425 2825 463 2883 ad
485 2826 676 2884 eccentricnm
700 2834 744 2881 ost
774 2826 931 2881 maximnm
954 2825 1156 2895 intervallum,
1188 2827 1264 2885 sicut
1287 2835 1314 2885 et
1344 2829 1418 2885 inter
1440 2844 1529 2902 para-

181 2930 280 2972 mesen
304 2921 333 2972 ct
355 2921 440 2972 neten
470 2912 697 2986 diezeugmenon
729 2914 903 2981 marimum,
936 2911 1046 2971 seilicet
1079 2913 1275 2987 diatessaron3
1307 2913 1433 2989 denique
1456 2916 1530 2971 inter

181 3001 318 3060 Mercurii
341 3008 370 3060 et
392 3000 494 3059 Lunae
516 3002 625 3075 primas
649 3007 692 3057 est
715 2998 899 3057 intervallum
930 3007 1075 3075 potestate
1097 3002 1297 3077 propinquans
1320 3002 1424 3078 priori,
1459 3003 1530 3076 qnia

181 3086 330 3165 epioyclus
353 3087 487 3147 Mercurii
511 3087 695 3163 proportione
719 3085 872 3145 mediocris
896 3095 940 3144 est
962 3086 1000 3144 ad
1024 3090 1217 3145 excentricum
1243 3104 1341 3160 suum,
1365 3088 1460 3163 major
1483 3096 1530 3145 ts·

182 3192 247 3235 men
278 3191 369 3250 quam
391 3173 499 3233 Jovius
522 3173 558 3232 ad
590 3191 692 3246 snum3
722 3173 826 3249 quodsi
849 3175 878 3230 in
903 3172 1002 3247 Luna,
1033 3175 1131 3233 infimo
1153 3174 1287 3251 planeta,
1318 3183 1448 3234 sumatur
1471 3194 1528 3233 riou

182 3266 284 3339 prima,
307 3261 359 3321 sed
386 3262 488 3320 ultima
510 3261 635 3338 sphaera
658 3268 687 3320 et
709 3260 817 3319 mundo
840 3259 990 3319 sublunari
1014 3262 1203 3334 vicinissime,
1227 3263 1381 3337 augebitur
1405 3263 1461 3321 hoc
1483 3266 1530 3320 in·

182 3348 338 3409 terrallum
361 3352 528 3409 accessione
553 3348 675 3425 epioycli
698 3355 727 3406 et
750 3347 939 3408 deserentium
963 3346 1077 3421 Lunae,
1102 3367 1225 3424 quorum
1248 3357 1293 3409 est
1316 3367 1373 3407 nou
1398 3360 1530 3408 contem-

183 3436 279 3497 nenda
302 3436 472 3511 magnitudo
489 3438 705 3511 comparatione
720 3434 757 3492 ad
773 3437 979 3494 eecerrtricum:
1007 3442 1039 3493 ut
1060 3436 1101 3493 ita
1124 3437 1180 3495 hoc
1202 3454 1320 3511 quoque
1343 3435 1529 3496 intervallum

184 3523 288 3584 melius
310 3523 485 3600 respondeat
508 3523 610 3581 ultimo
634 3522 788 3580 intervallo
812 3525 884 3581 inter
907 3531 992 3580 neten
1010 3522 1236 3597 diezeugmenon
1260 3532 1289 3582 et
1311 3532 1397 3584 neten
1421 3524 1529 3601 hyper-

183 3611 318 3682 bolaeon,
342 3611 421 3686 quod
445 3618 489 3669 est
510 3609 642 3669 similiter
663 3613 830 3675 marimum,
854 3609 965 3668 scilicet
987 3608 1167 3669 diatessaron
1182 3608 1256 3688 ¹¹¹¹).

271 3697 355 3758 Haec
385 3701 486 3774 igitur,
517 3699 605 3757 etiam
635 3714 687 3772 per
716 3714 852 3756 numeros
881 3698 961 3771 ipsos
991 3700 1175 3758 convenienti
1205 3698 1292 3756 modo
1315 3705 1442 3765 tentata,
1471 3714 1529 3756 non

183 3786 271 3847 vaide
295 3785 447 3844 dissimilia
470 3794 553 3844 erunt
568 3783 737 3855 intervallis,
762 3803 838 3860 quae
854 3786 882 3840 in
899 3786 1077 3843 astronomia
1099 3785 1290 3861 probabiliter
1306 3787 1529 3846 coristitnuntnr.

184 3876 273 3933 Primi
298 3877 375 3933 enim
398 3873 518 3944 numeri,
542 3873 647 3947 quibus
671 3873 853 3929 continentur
876 3889 976 3931 omues
999 3875 1199 3950 proportiones
1220 3871 1369 3930 stabilium
1383 3889 1530 3945 sonorum,

184 3966 207 4021 si
231 3979 333 4022 omnes
357 3960 481 4019 chordae
504 3962 671 4035 systematis
702 3960 820 4035 perlecti
843 3976 878 4018 er
901 3961 988 4017 unica
1019 3960 1084 4017 sola
1106 3964 1237 4018 tensione
1259 3959 1450 4019 monochordi
1472 3960 1532 4017 ior-

183 4060 306 4119 rnentnr,
331 4056 398 4106 sunt
421 4051 484 4106 isti:
510 4049 538 4118 9,
565 4049 612 4117 12,
641 4048 690 4123 16,
718 4048 764 4112 18,
791 4048 840 4119 24,
860 4047 909 4116 32,
928 4048 977 4104 36.
1014 4046 1128 4104 Primus
1146 4050 1163 4105 9
1179 4065 1244 4106 eum
1268 4047 1370 4105 ultimo
1395 4048 1435 4105 36
1459 4064 1531 4104 con-

186 4139 281 4193 stituit
304 4138 518 4211 proportionem
534 4133 736 4209 quadruplam.
769 4133 916 4208 Sphaerae
933 4151 1001 4190 vero
1018 4133 1158 4191 coelestes
1182 4142 1325 4211 ocerrpant
1348 4132 1532 4192 intervallum

187 4223 279 4281 multo
303 4222 413 4296 majus,
444 4224 486 4280 ita
508 4230 540 4278 nt
562 4221 688 4296 sphaera
711 4220 827 4278 Saturni
851 4220 951 4277 extimi
975 4222 1013 4277 sit
1043 4220 1184 4296 sphaerae
1208 4220 1308 4280 Lunae
1333 4224 1451 4279 intimae
1473 4236 1532 4277 non

189 4309 277 4369 semel
301 4317 428 4377 tautum,
459 4308 510 4367 sed
539 4307 626 4381 plane
649 4316 692 4366 ter
722 4306 899 4384 quadrupla,
932 4305 987 4365 hoo
1010 4315 1055 4365 est
1077 4307 1253 4384 ducentupla
1276 4306 1532 4384 quinquagecupla

189 4396 323 4471 sexcupla
346 4404 374 4453 et
399 4395 476 4472 quod
500 4398 637 4454 excurrit:
662 4412 729 4453 nam
745 4397 769 4452 si
789 4393 896 4463 19⁹¹⁸¹²¹,
921 4411 996 4470 quae
1013 4396 1142 4453 estinter
1157 4394 1233 4453 Solis
1256 4404 1285 4452 et
1301 4396 1400 4454 hariae
1423 4394 1532 4470 sphae-

191 4502 246 4554 ras,
270 4482 496 4558 dnpliearemus,
530 4492 560 4539 ut
582 4483 671 4558 paulo
694 4492 795 4554 antea,
827 4480 953 4558 prodiret
976 4480 1129 4540 Saturniae
1150 4482 1187 4539 ad
1210 4481 1354 4540 Lunarem
1377 4481 1532 4557 sphaeram

189 4572 335 4646 proportio
363 4570 450 4646 plane
475 4567 584 4628 3bl¹¹¹⁸.
630 4568 687 4628 Sed
718 4586 886 4628 maneamus
909 4586 985 4627 rrunc
1009 4571 1037 4625 in
1062 4586 1109 4640 eo,
1142 4576 1172 4626 ut
1195 4576 1254 4626 tam
1276 4569 1386 4629 Solaria
1408 4568 1537 4645 sphaera

190 4658 330 4728 Lunaris,
364 4676 451 4733 quam
475 4657 612 4717 Saturnia
635 4655 743 4715 Solaria
766 4656 908 4731 sphaerae
937 4658 994 4715 sint
1020 4653 1127 4733 16⁹¹·5,
1162 4658 1231 4731 qnia
1261 4657 1302 4715 sic
1330 4659 1533 4732 proportiones

191 4744 360 4804 coelestium
383 4753 549 4804 statuantur
572 4743 848 4803 commensurabiles
870 4743 1323 4819 proportionibus·musicalium,
1347 4744 1451 4820 triplae
1473 4745 1533 4803 sci-

189 4832 259 4892 licet
280 4848 389 4894 carum.
436 4832 538 4909 ltaque
570 4831 594 4888 si
628 4830 807 4910 triplicentur
835 4831 939 4891 horum
969 4847 1153 4892 numerorum
1176 4834 1392 4911 proportiones,
1427 4833 1482 4890 erit
1502 4832 1531 4891 iu
