3567 5625
245 323 308 430 452
713 367 878 436 Appendicls
896 364 1119 422 Harmonicorum

153 553 159 570 '
245 542 314 602 dum
336 541 410 616 dixi,
439 561 626 620 nequaquem
649 542 753 604 eodem
774 552 909 622 respectu
931 545 1032 604 formis
1059 544 1240 619 quantitates
1268 541 1381 612 inesse,
1410 553 1470 614 quo
1493 537 1593 596 insunt

170 641 173 646 '
243 632 392 690 mammae.

331 717 473 777 Numeros
500 723 532 791 l,
558 722 595 798 2,
618 721 636 778 3
660 736 719 794 quo
743 727 774 778 tu
797 735 895 788 sensu,
919 735 978 793 quo
1001 718 1136 793 exemplo
1159 713 1394 794 proportionales
1417 710 1507 781 dieas,
1531 710 1594 785 ipse

244 804 369 876 rideris3
392 808 421 862 in
444 809 605 880 geometria
619 806 852 882 proportionales
867 817 936 865 sunt
951 808 1001 864 isti
1019 810 1047 878 l,
1070 811 1099 876 2,
1124 807 1153 878 4,
1177 807 1219 864 sic
1238 807 1265 876 l,
1291 804 1319 875 3,
1345 802 1374 872 9,
1398 801 1485 868 ⁸104,
1511 799 1538 868 6,
1564 797 1593 856 9·

244 892 278 950 lu
302 892 348 950 his
374 896 400 963 l,
425 897 453 964 2,
478 896 496 951 3
519 893 693 952 formalibus
716 895 842 968 (scilicet
864 903 896 950 ut
919 905 986 951 sunt
1009 889 1142 974 figurati)
1167 892 1338 950 delitescere
1358 889 1402 947 ais
1423 886 1594 962 mysterium

243 979 413 1038 harmoniae
444 980 619 1041 mundanae.
666 982 747 1041 Lare
776 983 913 1039 nimirum
943 984 1032 1040 uteris
1064 998 1138 1040 voce
1168 980 1336 1046 harmonia,
1369 972 1448 1050 quod
1480 974 1504 1029 si
1535 988 1594 1029 non

245 1077 324 1126 esset
347 1077 376 1124 et
398 1068 424 1124 si
446 1068 483 1125 de
507 1071 571 1145 ipso
594 1073 817 1147 proportionum
840 1078 905 1126 ortu
929 1068 1099 1143 loquereris,
1123 1085 1199 1143 quae
1215 1065 1418 1143 proportiones
1438 1064 1467 1117 in
1484 1062 1596 1119 musica

245 1157 423 1214 suavitatem
454 1156 612 1215 conciliant
645 1159 719 1215 binis
743 1158 918 1215 consociatis
948 1160 1041 1228 sonis,
1074 1156 1173 1215 therua
1196 1155 1253 1213 boc
1275 1159 1353 1211 esset
1381 1151 1447 1208 ineo
1472 1147 1595 1205 themati

243 1243 428 1314 contrarium,
453 1242 532 1317 qaod
556 1246 625 1301 totis
647 1246 740 1304 tribus
763 1245 863 1320 primis
885 1241 1080 1302 Harmonioes
1102 1260 1186 1303 meae
1208 1242 1290 1300 libris
1313 1241 1388 1311 ursi;
1413 1252 1471 1294 non
1495 1236 1596 1310 itaque

243 1331 286 1386 sic
309 1327 386 1386 nude
409 1329 548 1389 allirmari
569 1341 686 1406 posset,
715 1334 914 1407 quippepost
937 1331 1115 1390 decisionem
1137 1346 1261 1400 causae,
1290 1329 1348 1385 nisi
1370 1322 1493 1384 eandem
1516 1339 1596 1380 novo

247 1420 337 1478 etiam
352 1416 515 1489 molimine,
538 1422 624 1477 noris
641 1421 820 1492 argumentis
836 1426 985 1476 censueris
1001 1418 1187 1496 fulciendam,
1204 1417 1350 1477 contraria
1366 1430 1432 1472 moa
1447 1409 1596 1468 diluenda.

332 1503 404 1562 Noa
434 1523 492 1562 ease
522 1505 726 1564 diuersissima
749 1509 912 1564 maurium
935 1513 962 1562 et
982 1506 1136 1582 formum,
1169 1521 1205 1563 ex
1228 1520 1264 1563 ec
1287 1502 1395 1576 arguis,
1424 1501 1499 1574 quia
1522 1516 1597 1556 con-

248 1593 375 1647 veniunt
396 1593 431 1649 irc
452 1595 571 1651 actione
592 1597 789 1669 reponsione.
835 1591 983 1667 Quantam
1005 1611 1060 1666 ego
1088 1592 1252 1653 molestiam
1282 1591 1368 1665 capio
1391 1585 1509 1645 vetulus
1533 1584 1596 1642 dis-

247 1676 341 1738 cenda
364 1676 400 1735 do
423 1695 503 1738 novo
527 1687 596 1740 tuae
620 1680 824 1756 philosophiae
852 1680 965 1754 linguai
1012 1680 1087 1740 Nam
1116 1682 1278 1755 antiquitus
1306 1695 1365 1738 uon
1389 1674 1507 1732 diversa
1528 1683 1597 1731 tau-

244 1772 323 1834 tum,
351 1764 404 1822 sed
427 1777 457 1825 et
479 1770 625 1826 contraria
647 1766 799 1838 eluebant,
831 1784 908 1841 quae
936 1770 964 1824 iu
988 1785 1020 1827 se
1051 1777 1152 1827 mutuo
1183 1774 1284 1842 agunt
1331 1763 1474 1838 Adeoque
1506 1764 1597 1820 etiam

244 1850 349 1926 figaris
373 1852 498 1911 dirersis
520 1864 641 1914 utuntur
663 1854 713 1914 ille
737 1857 778 1914 tui
802 1854 928 1932 exempli
953 1857 996 1912 vir
1018 1865 1048 1914 et
1070 1855 1122 1913 illa
1136 1854 1249 1926 mulier,
1273 1855 1459 1927 inquantum
1481 1848 1597 1908 seilicet

243 1949 336 2013 Quat
365 1942 590 2015 patianturque,
619 1960 707 2018 quam
738 1942 849 2016 liguros
880 1936 1081 2002 diversitatem
1112 1945 1201 2001 etiarn
1232 1942 1360 2000 numeris
1389 1937 1597 2015 Pythagoricis

211 2019 215 2027 ⁴
246 2042 414 2101 expressam
439 2029 553 2087 invenis
575 2030 651 2089 libro
673 2046 740 2090 meo
762 2027 815 2087 IV.
838 2028 1029 2089 Harmoniae.

330 2113 502 2174 Formarum
533 2133 588 2190 ego
617 2134 682 2176 cum
711 2118 842 2175 materiis
875 2118 1108 2175 convenientiam
1140 2133 1192 2175 seu
1224 2115 1461 2190 conjunctionem
1491 2126 1596 2168 recuso

243 2198 412 2259 harmonias
434 2201 607 2279 indigeteri,
639 2221 726 2263 sensu
750 2206 832 2262 vocis
862 2212 933 2279 apto
963 2207 1035 2262 meis
1064 2203 1329 2280 speculationibus3
1358 2200 1597 2275 conjunctionem

247 2289 343 2362 ipsam
373 2305 432 2348 non
463 2306 577 2350 recuso.
623 2290 795 2369 Exemplum
826 2308 923 2350 meum
952 2291 1119 2350 diurnorum
1153 2300 1285 2350 motuum
1314 2289 1417 2347 Martis
1448 2295 1478 2346 et
1507 2283 1596 2345 Joris

244 2392 324 2433 nova
348 2376 464 2435 inscitia
493 2380 582 2436 miror
601 2380 733 2455 formale
755 2377 908 2454 appellari.
954 2378 1021 2437 Duo
1046 2380 1158 2438 termini
1184 2377 1307 2436 sensiles
1329 2384 1410 2447 sunt,
1444 2374 1596 2451 proportio

242 2464 318 2520 inter
348 2461 414 2522 illos
437 2480 484 2521 res
506 2475 552 2524 est
573 2466 639 2525 sola
665 2473 762 2525 mente
791 2464 995 2544 percipienda,
1024 2465 1223 2538 aestimanda,
1254 2462 1385 2523 lruenda.
1430 2462 1493 2520 Nisi
1518 2462 1596 2520 enim

242 2550 349 2607 mentis
372 2550 470 2609 lumen
494 2554 603 2612 inesset
626 2556 653 2610 in
677 2552 788 2623 auditu,
813 2570 871 2616 non
886 2556 912 2611 is
933 2552 1126 2613 delectaretur
1141 2554 1360 2629 proportionel
1386 2549 1458 2609 add
1486 2551 1514 2605 iu
1539 2565 1595 2605 vo·

243 2635 343 2710 cibus,
375 2649 405 2697 ct
427 2640 483 2696 nisi
504 2642 585 2715 prius
609 2642 637 2697 in
661 2639 750 2699 ideali
774 2640 882 2699 circulo
913 2642 995 2698 intus
1019 2642 1167 2699 inurente
1191 2642 1329 2698 creatrice
1359 2637 1515 2696 reluxisset
1540 2637 1597 2694 lsta

242 2726 404 2799 proportio,
423 2741 480 2783 non
493 2726 660 2787 luissetilla
675 2726 768 2785 indita
778 2729 918 2806 motibus,
940 2728 1057 2786 Saturni
1068 2727 1234 2786 tardissimo
1251 2735 1281 2786 ct
1292 2725 1380 2785 Jovis
1396 2723 1595 2785 velocissimo.

333 2811 501 2889 Incongrua
523 2817 576 2874 tibi
601 2815 716 2875 videtur
739 2815 895 2876 affirmatio
916 2833 991 2890 maa,
1015 2816 1086 2874 dum
1108 2816 1184 2890 dico,
1207 2816 1421 2876 diversissimas
1441 2830 1506 2873 asse
1530 2821 1596 2871 tuas

243 2898 415 2959 harmonias
439 2920 458 2959 a
479 2905 561 2961 meis.
606 2903 643 2961 Et
666 2922 757 2977 quare
781 2903 963 2979 incongrua?
982 2946 985 2953 .
1007 2902 1085 2978 Quia
1113 2921 1179 2963 cum
1202 2904 1255 2963 tibi
1277 2904 1315 2961 sit
1338 2902 1490 2960 harmonia
1521 2902 1596 2959 inter

244 2986 343 3046 lucem
365 2996 396 3046 et
417 2993 585 3064 materiam,
617 2991 688 3049 mihi
711 2992 786 3051 inter
807 3001 920 3049 motum
945 2998 974 3050 et
996 3001 1122 3064 motum,
1152 3000 1249 3049 motus
1276 2999 1372 3049 tamen
1395 2993 1459 3064 ipse
1488 3006 1508 3045 a
1530 2987 1596 3047 luce

243 3075 299 3132 tibi
331 3092 395 3133 esse
425 3075 550 3136 videtur.
595 3079 686 3153 Atqui
710 3095 728 3136 o
752 3078 842 3151 bone,
874 3094 933 3136 uon
963 3077 1040 3136 idem
1064 3080 1205 3138 terminus
1232 3088 1294 3150 est,
1325 3078 1376 3135 lux
1398 3086 1431 3134 ut
1453 3092 1545 3135 causa
1567 3082 1596 3134 ct

243 3170 344 3220 motus
369 3170 401 3220 ut
423 3163 556 3243 effectus,
578 3182 635 3225 nou
660 3164 763 3224 eadem
785 3165 976 3235 combinatio,
1001 3167 1055 3225 tibi
1077 3165 1195 3239 quidam
1211 3166 1351 3223 materiae
1374 3164 1500 3233 silacia,
1524 3162 1595 3221 mihi

246 3247 369 3307 duorum
392 3256 544 3324 motuum,
573 3251 645 3312 lucis
668 3249 708 3333 (si
733 3256 775 3312 ita
797 3249 858 3334 vis)
882 3252 1046 3311 effectuum.
1094 3252 1155 3311 Etsi
1178 3254 1323 3330 quaestio,
1347 3269 1384 3310 an
1408 3258 1506 3309 motus
1529 3248 1595 3327 plu-

242 3344 377 3394 netarum
407 3357 426 3396 a
454 3338 519 3398 luce
542 3340 620 3398 Solis
643 3345 768 3408 oriatur,
802 3358 859 3397 non
883 3348 929 3398 est
956 3338 1031 3399 adeo
1054 3340 1208 3416 expedita,
1240 3348 1273 3399 ut
1300 3341 1374 3398 inter
1404 3337 1597 3397 laudamento

241 3425 335 3498 possit
358 3427 477 3484 assumi.
522 3427 585 3503 Ego
609 3429 639 3485 in
662 3426 774 3488 Comm.
797 3426 834 3487 de
857 3428 985 3486 motibus
1008 3426 1117 3489 Stellae
1134 3427 1236 3487 Martis
1259 3429 1346 3503 inque
1368 3426 1445 3485 libro
1461 3425 1497 3483 V.
1524 3426 1596 3502 Epi·

244 3522 340 3569 tomcs
365 3511 573 3574 Astronomiae
596 3514 764 3573 demonstro
787 3532 921 3586 causam,
950 3532 1026 3589 quae
1049 3515 1184 3590 planetas
1207 3518 1285 3575 circa
1307 3514 1406 3574 Solem
1428 3516 1504 3589 agit,
1538 3531 1596 3571 nou

244 3614 309 3657 esse
331 3599 443 3674 lucem,
473 3600 525 3660 sed
555 3602 666 3677 aliquid
694 3601 752 3662 luci
780 3619 921 3679 perquam
947 3601 1041 3661 simile
1068 3605 1100 3659 in
1129 3602 1229 3662 multis
1252 3602 1496 3678 proprietatibus,
1530 3601 1596 3660 illos

244 3703 314 3743 vcro
338 3694 450 3760 motus,
483 3692 532 3764 qui
556 3689 629 3748 fiunt
651 3689 868 3748 harmoniarum
892 3686 1062 3748 coelestium
1086 3690 1212 3762 termini,
1244 3689 1362 3748 formari
1387 3697 1416 3749 et
1439 3691 1555 3747 causari
1579 3710 1597 3748 a

243 3788 386 3832 concursu
411 3776 516 3835 insitae
539 3779 656 3836 virtutis
679 3779 709 3833 in
732 3777 858 3852 planetis
881 3778 1163 3850 eccerrtrieitatisqna
1179 3778 1315 3854 planetas
1332 3776 1444 3835 aSole.
1490 3776 1595 3852 ltaque

242 3859 369 3919 tarditas
393 3870 422 3920 et
446 3863 588 3923 velocitas
611 3871 743 3922 motuum
766 3881 953 3939 nequaquem
976 3865 1014 3923 ab
1032 3865 1097 3941 ipsa
1111 3864 1176 3924 lucc
1199 3882 1253 3923 nec
1274 3865 1311 3923 ab
1330 3882 1365 3923 aa
1381 3882 1481 3937 causa,
1506 3882 1594 3939 quam

244 3947 310 4021 ejus
334 3950 470 4009 comitem
494 3949 568 4023 dixi,
598 3954 691 4027 primo
715 3952 819 4023 oritur,
843 3951 896 4011 sed
919 3951 957 4009 ah
980 3953 1195 4011 eccentricitate
1224 3951 1368 4029 planctae.
1413 3951 1480 4010 Tibi
1505 3956 1596 4011 etiam

244 4033 295 4092 lux
325 4034 402 4093 idem
432 4037 576 4114 estquod
604 4040 697 4096 forma
725 4046 755 4097 et
777 4041 893 4111 anima,
924 4039 994 4096 mihi
1023 4046 1120 4097 motus
1143 4038 1325 4115 planetarum
1353 4037 1435 4098 nulla
1462 4039 1595 4113 indigent

244 4123 353 4193 anima,
378 4121 509 4196 indigent
524 4142 594 4184 vero
606 4127 699 4184 torma
714 4142 863 4202 corporea,
882 4144 959 4201 quac
974 4128 1109 4186 consistit
1124 4129 1152 4184 in
1169 4126 1248 4185 fibris
1264 4122 1400 4204 corporis
1410 4130 1593 4200 magneticis.

329 4208 484 4285 Quomodo
519 4214 606 4273 etiam
640 4212 774 4272 diversae
807 4216 950 4274 crassitiei
980 4214 1106 4274 chordae
1138 4216 1280 4290 recipiant
1314 4213 1417 4273 eodem
1455 4225 1592 4289 respectu

243 4299 437 4372 quantitates,
478 4316 567 4375 supra
597 4300 774 4376 explicatum
806 4310 860 4361 est.
915 4301 962 4369 Ita
1000 4300 1124 4360 dilutam
1163 4304 1299 4360 existimo
1332 4306 1591 4377 inconpruitutem

242 4384 397 4459 obJectam.

329 4470 384 4530 Ad
408 4472 592 4551 llualysiu
614 4473 705 4532 XXI.
749 4474 809 4535 Hic
831 4483 862 4534 ta
886 4475 1003 4534 divellis
1025 4482 1138 4535 textum
1158 4493 1256 4535 meum
1278 4493 1403 4552 eumque
1426 4493 1477 4553 per
1491 4484 1590 4552 partes

242 4558 411 4634 aggrederis
444 4563 581 4621 inermem
610 4570 640 4621 et
662 4566 834 4622 exanimem.
880 4565 972 4638 Atqui
995 4571 1054 4622 tres
1077 4563 1178 4622 ordine
1201 4581 1220 4622 a
1242 4572 1271 4623 te
1298 4564 1460 4623 collocatae
1492 4573 1588 4641 partes

242 4654 353 4721 textus,
387 4647 523 4708 videlicet
546 4652 603 4721 21,
636 4652 676 4707 22
701 4658 731 4709 et
753 4652 792 4709 23
823 4649 971 4724 conjuncti
999 4667 1117 4709 sensum
1140 4651 1250 4711 habent
1278 4668 1384 4724 uuum,
1416 4650 1588 4728 adduntque

243 4735 347 4792 ceteris
371 4733 600 4810 discriminibus,
625 4752 701 4811 quac
723 4746 792 4795 sunt
813 4737 888 4797 iuter
912 4745 940 4796 te
963 4744 993 4797 et
1014 4730 1077 4810 me,
1101 4756 1191 4797 unum
1214 4741 1348 4815 insuper,
1372 4737 1452 4815 quod
1474 4740 1586 4798 scilicet

243 4827 274 4879 tu
295 4828 394 4906 partes
416 4824 457 4882 rei
479 4824 639 4909 cujusque,
669 4841 757 4906 quam
786 4840 840 4903 pro
863 4825 997 4902 subjecto
1020 4825 1190 4887 harmoniae
1219 4825 1370 4902 venditas,
1399 4843 1458 4885 non
1489 4828 1588 4903 aliqua
