3567 5625
655 441 900 500 Demonstratione.
935 441 1018 500 Libsr
1033 443 1055 497 Ι.
1248 455 1256 460 ·
1468 449 1526 507 lot

185 632 277 684 teram
298 626 457 702 proportio.
501 621 656 699 oporteret
678 625 766 698 igitar
787 639 846 682 uxo
868 628 937 682 tctn
960 639 1059 683 omnes
1086 639 1137 684 sax
1160 621 1272 684 medias
1293 624 1528 700 proportionales

185 714 334 786 constitui,
364 715 439 771 inter
468 714 580 772 scilicet
604 714 619 770 l
644 718 673 770 et
698 707 769 771 1l¹¹.
815 709 952 770 Vicissim
979 712 1005 771 si
1036 711 1153 772 daretur
1177 706 1225 770 lor
1253 712 1431 802 quantitatis,
1459 719 1528 772 tunc

183 801 297 859 interl
323 807 352 860 et
379 796 572 875 1l¹quinqne
594 799 707 860 medus
730 797 874 861 caderent
920 796 1032 873 Quodsi
1054 805 1122 857 tune
1149 801 1162 858 l
1188 798 1226 856 ad
1253 795 1394 858 1l¹esset
1421 805 1454 858 ut
1474 817 1528 859 cu·

184 889 265 947 bicus
288 904 424 954 numerus
446 887 485 946 ad
508 888 649 958 cubicum,
673 895 742 948 tunc
763 888 856 964 primo
879 887 1015 945 constitui
1035 891 1155 963 possent
1175 903 1235 946 uuo
1258 894 1326 946 actu
1351 881 1393 943 1ΙΙ
1415 893 1444 945 et
1470 884 1527 964 ΙΝ,

184 974 287 1036 deinde
309 978 384 1036 inter
408 971 437 1047 1,
471 971 518 1048 1¹¹,
553 971 608 1047 ΡΥ,
641 971 687 1031 ΙῊ
716 976 808 1034 tribus
825 974 951 1033 ¹actibus
973 980 1031 1033 tres
1052 973 1167 1035 mediae
1189 973 1429 1051 proportionales.
1476 974 1527 1034 Sin

184 1071 282 1122 autem
307 1060 346 1121 lv
369 1061 484 1122 daretur
513 1065 691 1140 quantitate,
723 1080 835 1122 rursum
865 1077 965 1121 omnes
997 1069 1121 1138 quatuor
1152 1061 1339 1122 Intermediae
1371 1079 1430 1120 uno
1460 1070 1527 1123 actu

185 1152 321 1212 constitui
345 1149 498 1225 deberent,
521 1150 600 1226 quod
623 1149 682 1208 fieri
707 1168 764 1210 non
787 1157 897 1227 posset,
919 1150 975 1208 nisi
991 1151 1020 1208 in
1043 1151 1229 1225 proportione
1245 1147 1362 1223 effabiIi,
1385 1156 1418 1208 ut
1437 1152 1526 1226 prius.

185 1238 288 1299 Cetera
310 1237 471 1298 secundum
492 1238 564 1298 baec
585 1237 848 1315 subintelligantur.

271 1325 480 1386 Concludimns
503 1328 598 1402 igitur,
623 1324 759 1404 analyses
780 1325 852 1385 istas
876 1326 1004 1385 cosalcas
1026 1322 1138 1384 alienas
1161 1341 1225 1384 asse
1249 1341 1267 1384 a
1288 1325 1432 1401 praesenti
1456 1341 1528 1384 con-

183 1412 389 1490 templatione,
417 1431 472 1472 nec
493 1413 584 1474 ullam
608 1417 783 1474 constituere
805 1411 929 1490 madum
949 1413 1104 1488 sciendae,
1137 1429 1203 1472 cum
1224 1412 1262 1470 iis
1292 1412 1528 1492 comparabilem,

185 1500 262 1576 qood
287 1499 499 1578 explicavimus
521 1504 550 1559 in
572 1503 777 1576 superioribus.

267 1587 347 1647 Illud
369 1595 468 1647 saum
489 1590 583 1648 obiter
604 1589 822 1662 monendbaunt
835 1588 1028 1666 metaphysici
1044 1589 1196 1648 occasione
1211 1586 1298 1662 bajus
1314 1603 1430 1647 cassae:
1455 1605 1527 1647 con·

182 1673 324 1748 eldment,
355 1677 379 1736 si
403 1675 472 1751 quid
495 1677 563 1736 binc
596 1683 789 1737 transsumere
818 1677 932 1751 possint
954 1675 994 1736 ad
1015 1675 1238 1752 explicationem
1261 1674 1338 1733 illius
1361 1678 1525 1748 axiomatis,

183 1779 248 1821 cum
278 1781 352 1823 non·
365 1768 440 1822 antis
461 1765 566 1822 nullae
588 1763 732 1823 dicantur
753 1781 811 1823 csse
832 1762 1029 1833 conditiones,
1058 1764 1163 1822 nullae
1192 1764 1399 1837 proprietates.
1451 1763 1527 1822 Natu

181 1850 227 1910 bic
251 1850 370 1926 quidem
394 1868 542 1911 versamur
564 1867 617 1910 nos
640 1851 669 1908 in
692 1853 808 1912 entibus
823 1851 1023 1911 scientialibus
1039 1857 1070 1910 et
1091 1851 1315 1928 pronunciamus
1337 1855 1424 1923 recte,
1448 1851 1526 1926 quod

180 1938 257 1996 latus
281 1938 449 2015 septanguli
471 1941 510 1997 sit
532 1955 568 1997 ex
591 1955 648 1996 uon
671 1940 795 2010 entibus,
818 1944 890 2015 pata
913 1938 1122 1997 selentialibus.
1163 1937 1235 1996 Cum
1258 1939 1334 1998 enim
1356 1939 1395 1995 sit
1417 1939 1527 2016 impos·
1597 2005 1603 2016 ¹

180 2024 274 2085 sibilis
301 2027 366 2102 ejus
387 2024 516 2085 formalis
531 2025 695 2102 descriptio,
717 2044 811 2103 neque
834 2028 922 2101 igitur
942 2027 1009 2086 sciri
1031 2032 1129 2103 potest
1151 2032 1279 2085 amente
1301 2024 1438 2099 bumana,
1463 2044 1528 2085 cum

180 2114 323 2186 scientiae
337 2113 561 2191 possibilitatem
576 2114 732 2189 praecedat
747 2114 948 2191 descriptionis
963 2112 1153 2190 possibilitas,
1176 2130 1270 2188 neque
1292 2114 1382 2171 scitur
1397 2131 1415 2171 a
1430 2121 1527 2175 monte

182 2202 326 2260 omniscia
354 2209 420 2260 actu
454 2202 577 2277 simplici
601 2209 735 2262 aeterno:
764 2203 834 2278 quia
855 2218 911 2260 sua
932 2209 1037 2261 natura
1059 2219 1094 2260 ex
1117 2200 1299 2261 irascibilibus
1322 2207 1375 2259 est.
1421 2200 1459 2259 Et
1481 2209 1528 2260 ta·

180 2306 244 2346 men
270 2289 360 2364 hujus
382 2306 440 2347 non
462 2292 536 2348 entis
558 2289 715 2352 scientialia
738 2298 803 2350 snat
827 2288 943 2364 aliquae
966 2290 1155 2365 proprietates
1178 2287 1358 2360 scientiales,
1389 2294 1529 2365 unquam

180 2378 259 2434 entia
289 2375 505 2435 conditionalia.
551 2376 583 2434 Si
606 2379 682 2434 enim
711 2384 817 2435 osset
839 2377 1045 2451 septangulum
1075 2375 1306 2452 descriptumin
1330 2376 1451 2448 circulo,
1481 2376 1527 2436 la-

179 2472 272 2522 teram
296 2463 360 2539 ejas
382 2465 529 2539 proportio
551 2462 626 2522 tales
648 2463 770 2524 baberet
792 2464 968 2523 affectiones.
1013 2461 1146 2523 Sufficiat
1167 2461 1364 2541 mobonnai)

265 2549 343 2610 Sunt
371 2556 400 2608 et
430 2551 506 2610 aliae
529 2553 742 2628 propositiones
763 2550 855 2610 falsae
884 2559 1096 2625 geometrarum
1127 2551 1162 2610 de
1192 2551 1331 2610 lateribus
1360 2550 1527 2626 hujusmodi

178 2637 354 2713 figuram,
387 2637 438 2696 sed
462 2655 534 2714 quas
557 2637 604 2697 rel
627 2640 692 2715 Ipsa
714 2637 846 2697 solertior
868 2638 1037 2700 mechanica
1060 2638 1180 2710 refutet,
1204 2655 1269 2698 cum
1286 2645 1385 2698 tamen
1406 2638 1526 2697 mecha-

177 2728 257 2784 nicas
296 2743 386 2785 causa
409 2725 599 2785 obtrudantur
621 2725 783 2808 jurentuti:
814 2732 934 2784 uicum
965 2726 1130 2804 septanguli
1160 2727 1238 2785 latus
1261 2725 1312 2784 tc
1342 2726 1380 2785 ab
1405 2725 1528 2785 Alberto

179 2813 295 2873 Durero
319 2816 434 2891 ponitur
462 2813 584 2890 aequale
615 2813 769 2873 semilateri
794 2815 936 2891 trigonico
960 2814 1010 2874 AB
1034 2814 1164 2890 ejusdem

178 2902 288 2961 circuli.
326 2900 392 2960 Hoc
415 2919 482 2985 vero
504 2902 624 2959 nimium
652 2902 747 2961 breve
764 2919 836 2971 esse,
870 2903 924 2962 etsi
947 2900 995 2961 vol
1009 2903 1074 2980 Ipsa
1096 2919 1158 2961 me·

177 2988 302 3049 chanica
317 2988 410 3060 docet,
434 2997 588 3048 tamenne
611 2991 658 3050 cui
680 2991 811 3066 imponat
833 2990 1070 3068 experimentatio
1093 3008 1157 3049 ma·

142 3104 150 3111 ‚
175 3079 281 3136 acaria
303 3078 423 3134 nimium
445 3077 534 3150 rudis,
555 3077 580 3136 is
602 3077 650 3136 vel
664 3076 721 3137 hac
738 3076 803 3137 sola
816 3079 1037 3137 ratiocinatione
1051 3076 1157 3137 falsum
1198 3077 1226 3153 :⁰

175 3173 243 3222 ante
286 3182 424 3223 manuum
459 3165 755 3225 accommodationem
795 3163 1009 3243 deprehendere
1041 3166 1156 3242 poterit.

176 3251 365 3327 Trigonicnm
389 3251 465 3310 latus
487 3269 522 3311 ex
545 3269 664 3312 numero
679 3251 850 3328 angulorum
866 3253 1004 3329 probatur
1027 3269 1091 3311 esse
1113 3252 1156 3311 ei-

176 3338 268 3398 IabiIs
291 3342 438 3415 potentia,
468 3357 557 3415 quare
588 3341 630 3398 sic
653 3342 739 3399 etlam
770 3340 833 3415 ejus
856 3338 1022 3413 dimidium,
1051 3339 1157 3415 hepta·

175 3428 243 3502 goni
267 3426 346 3485 latus
369 3444 427 3485 nou
450 3434 494 3486 est
517 3427 632 3487 effabile
654 3428 793 3505 potentia,
817 3444 852 3486 eo
872 3431 937 3504 ipso
961 3429 1031 3502 quia
1051 3426 1158 3502 hepta·
1202 3391 1228 3468 d*

175 3530 273 3589 genus
302 3520 399 3573 estet
429 3516 497 3589 qnia
525 3521 636 3597 septem
666 3532 760 3590 neque
785 3532 836 3573 sex
858 3522 926 3574 sunt
955 3530 1050 3589 neque
1072 3515 1159 3589 quin·
1217 3473 1263 3572 Χ
1392 3590 1403 3600 ,

175 3618 231 3676 quc
251 3617 359 3677 ¹neque
380 3602 443 3658 trin.
488 3601 608 3660 Numeri
631 3603 706 3661 enim
729 3603 812 3677 primi
834 3604 958 3678 gignunt
979 3602 1101 3677 speclea,
1129 3608 1160 3660 at

174 3691 291 3766 species
322 3695 391 3747 sunt
419 3688 733 3748 incommensurabiles*
748 3690 821 3746 iuter
844 3707 891 3761 se,
924 3705 977 3746 nec
999 3705 1059 3747 una
1080 3695 1124 3747 est
1146 3691 1213 3749 alia.

263 3775 309 3834 De
334 3775 432 3834 Caroli
454 3774 579 3835 Mariani
603 3776 803 3848 Cremonensis
822 3783 862 3835 -et
884 3776 1033 3834 Francisci
1055 3774 1199 3837 Flussatis
1223 3777 1384 3840 Candallac
1408 3780 1527 3858 paralo-

173 3864 279 3940 gismIs
303 3864 379 3922 circa
410 3862 609 3941 heptagonum
638 3863 704 3922 vide
728 3863 795 3924 Cbr.
821 3863 955 3923 Clanium
978 3861 1164 3926 Geometriae
1186 3866 1337 3927 Practicae
1366 3867 1416 3928 lib.
1442 3867 1526 3927 VIII.

175 3968 260 4029 prop.
287 3952 338 4009 30.
363 3958 392 4007 et
415 3952 442 4007 in
467 3953 679 4033 commentariis
702 3953 731 4008 in
754 3950 884 4010 EuclidIs
907 3951 958 4021 lib,
981 3950 1034 4010 IV.
1059 3968 1099 4028 pr.
1127 3954 1174 4012 16.
1282 4012 1285 4017 ,

263 4038 411 4097 Excitavit
440 4037 513 4097 haec
545 4039 690 4116 palaestra
718 4040 806 4098 eliam
836 4038 1067 4099 Illustrissimnm
1095 4039 1132 4097 D.
1156 4040 1355 4102 Marcliionem
1388 4043 1423 4103 dc
1447 4042 1528 4102 Mala

173 4125 287 4203 Spina,
318 4126 448 4201 legatum
476 4143 553 4185 anuo
587 4126 684 4187 1614.
711 4124 792 4186 Sermi
824 4127 916 4186 Ducis
943 4127 1110 4187 Parmensis
1148 4128 1186 4188 ad
1216 4129 1314 4190 aulam
1342 4129 1526 4201 Caesaream,

174 4215 224 4287 qui
249 4212 460 4289 diagrammate
484 4215 717 4290 ingeniosissImo
741 4231 841 4275 omnes
865 4217 995 4275 omnium
1010 4213 1218 4291 descriptiones
1241 4221 1399 4294 superavit,
1424 4219 1527 4277 existi-

174 4318 274 4371 mans,
299 4301 469 4359 subtensam
491 4297 548 4382 Ἀ
571 4302 669 4361 circuli
692 4302 846 4378 aequalem
869 4320 933 4364 esse
956 4299 997 4382 Il,
1020 4301 1226 4364 semidiametri
1256 4313 1285 4364 et
1315 4308 1357 4365 sic
1380 4304 1526 4363 effabiIem

173 4386 377 4464 longitudine:
401 4387 827 4467 demonstrationisapperatns
842 4398 943 4451 tantae
957 4392 1012 4450 suit
1035 4390 1180 4468 solertiae,
1205 4401 1236 4451 ut
1252 4391 1298 4451 vel
1315 4395 1409 4468 ipsum
1425 4390 1526 4450 Eucli-

176 4475 243 4533 dem
268 4475 383 4550 lateret,
406 4485 568 4535 asmmtnm
591 4470 700 4552 aliquid
725 4478 813 4537 iubas
836 4477 1105 4539 indemonstratum.

323 4587 388 4595 ...-

1293 2880 1342 2931 I'ig.
1358 2880 1390 2923 li.

256 4628 279 4677 *l
295 4629 360 4669 Haeo
374 4629 547 4679 neblasphems
562 4630 622 4670 dicta
638 4633 753 4680 patentur.
776 4634 848 4671 omitti
862 4643 930 4682 porse
948 4634 1037 4671 censuit
1057 4632 1176 4671 amlcoruxu
1199 4641 1269 4679 unns,
1291 4630 1447 4671 matbemrtum
1468 4632 1525 4681 parl-

173 4682 286 4721 ursimus.
316 4682 387 4731 Atqnl
409 4682 463 4720 nibil
479 4687 516 4721 cst
530 4685 645 4728 vulgatius
660 4684 716 4733 aprid
732 4684 862 4734 tircologos‚
884 4697 948 4735 quam
963 4685 1109 4735 lurposaibllir
1123 4695 1189 4732 essa,
1211 4695 1266 4734 quae
1281 4684 1478 4723 contradictionem
1493 4686 1524 4725 Iu·

175 4736 286 4773 solvunt:
310 4738 334 4774 st
347 4734 392 4773 Del
406 4736 523 4774 scientiam
538 4737 564 4775 ad
580 4737 633 4775 talia
648 4737 798 4784 impossibilia
813 4749 837 4777 se
852 4748 898 4777 nort
910 4739 1045 4786 extendero,
1064 4739 1196 4787 praesertim
1217 4747 1265 4776 cum
1280 4736 1320 4775 bre
1335 4736 1525 4777 coemeteriorum

175 4788 363 4835 geminianum
378 4787 476 4826 ratloncr
490 4788 546 4827 nibil
560 4790 608 4827 rlnt
621 4789 696 4835 allud,
711 4799 775 4837 quam
791 4792 841 4839 ipsa
855 4793 956 4832 orrentia
968 4792 1023 4839 Del;
1045 4792 1098 4840 quir
1111 4789 1216 4840 quicquld
1231 4789 1254 4828 ln
1270 4790 1318 4829 Deo
1332 4793 1369 4828 snt
1382 4790 1410 4829 ab
1424 4794 1523 4839 aeterno,

174 4840 196 4878 id
215 4851 258 4879 unt
269 4839 389 4880 lndlridnx
403 4842 438 4878 tit
451 4843 552 4883 essentia
566 4842 655 4880 divina:
672 4846 734 4881 esset
748 4843 817 4887 teritur
832 4855 856 4883 sc
871 4846 944 4893 ipsum
958 4842 1115 4893 quodammodo
1131 4842 1272 4889 aliumsclrs,
1288 4852 1352 4892 quarn
1367 4847 1410 4886 sat,
1427 4844 1453 4891 sl,
1469 4854 1525 4893 quas

175 4896 230 4985 :prati
243 4891 471 4986 ίυεοέιεὲιιηὲἳὴίυι,
491 4893 562 4933 sciret
575 4898 600 4933 ut
614 4893 814 4935 communchbtlla
836 4897 865 4935 Et
880 4907 936 4945 qnae
950 4896 1004 4936 broc
1025 4895 1137 4945 adulatio,
1151 4898 1243 4946 propter
1257 4895 1372 4945 imperitos
1388 4896 1467 4935 librum
1481 4905 1525 4936 nou

198 4954 274 4985 coroa
339 4954 367 4983 an
410 4949 530 4986 coeteros.
