3567 5625
241 436 301 498 132
789 426 831 485 De
849 425 1078 498 Propertlonibns

195 573 198 578 ⁴
239 608 399 678 tipcuest,
418 602 1457 678 quaeiuseipeapatituretaseipsapassiaueacuneatuaoetariu
1473 609 1610 675 cirtam

241 683 256 727 i
275 679 429 736 animatum
448 675 507 744 q'us
524 691 623 746 corpses
642 682 689 740 est,
717 679 732 723 8
752 673 882 742 temporis
900 672 1022 738 effectria
1040 679 1080 727 ιιι
1094 690 1147 742 per
1165 676 1346 731 recolatimres
1364 684 1509 740 astrorum,
1529 683 1545 729 ti
1563 679 1611 733 aa

240 748 283 802 bet
300 762 382 802 sacra
400 753 475 801 certa
492 746 600 813 sidera,
618 745 650 798 iu
666 742 789 798 Deorum
806 757 949 795 numum
966 742 1074 822 relata,
1090 759 1161 812 quae
1179 760 1283 797 anuum
1300 763 1443 817 maguum.
1462 754 1493 802 ut
1506 749 1610 818 perfec

211 823 213 828 ’
239 824 304 872 turra
322 818 483 884 confluunt,
513 821 545 866 10
564 815 740 884 undiquaque
752 817 877 882 perlecta
895 817 935 865 est
952 818 1118 867 uuroersitas
1133 829 1237 880 rerum,
1264 815 1366 870 liabens
1383 818 1414 870 in
1431 834 1460 871 se
1477 818 1611 871 animalia

218 916 222 944 ι
239 887 347 952 omnia,
366 893 485 954 quatuor
501 886 600 954 formis
617 885 772 938 afflata
790 886 881 948 (astra
897 881 986 947 eaelo,
1004 897 1067 935 aues
1084 883 1161 948 atri,
1184 884 1275 952 pisces
1291 901 1394 954 aquae,
1422 887 1612 968 perabupeden

152 977 156 986 ·
238 959 348 1023 marae).
385 956 449 1010 Hoc
470 961 554 1025 paeto
581 957 617 1010 ab
634 955 740 1008 anime
758 955 801 1018 (nt
818 951 1009 1020 Pythagoraa¹
1027 952 1182 1018 „monadis
1199 969 1234 1007 eo:
1259 957 1372 1022 antro“)
1396 973 1554 1027 procreem
1572 965 1612 1012 eet

237 1041 327 1095 aeque>
339 1025 377 1079 ad
394 1028 513 1096 mutuor'
540 1028 584 1091 (ut
600 1025 642 1078 ilii
658 1023 763 1092 „denec
774 1023 903 1077 veniatur
919 1019 958 1074 ad
974 1021 1065 1089 ipsam
1076 1021 1186 1077 tetrada
1198 1023 1350 1092 divirram‘9
1367 1027 1457 1095 sicque
1469 1027 1612 1082 &nanum

234 1098 323 1165 parit,
341 1103 458 1149 matrem
476 1096 605 1161 omnium,
623 1096 667 1148 uti
684 1092 811 1148 dicimus.
850 1090 905 1145 Est
924 1096 1015 1144 autern
1032 1091 1151 1146 audatis
1163 1108 1326 1163 praerosam
1342 1095 1514 1163 bidumodi:
1539 1114 1613 1151 uuus

237 1168 309 1219 euim
327 1172 366 1220 est
383 1165 516 1232 maudus;
535 1166 660 1219 binarius
677 1165 768 1233 ιιριιαι
781 1162 904 1231 prim
921 1161 952 1213 in
970 1174 1000 1213 eo
1019 1161 1237 1230 comprehensam
1255 1165 1495 1234 multiplicitatem
1520 1172 1611 1221 terua-

235 1236 295 1289 rius
311 1236 447 1289 viandum
465 1242 490 1289 et
507 1234 618 1301 uadum,
637 1233 808 1303 coaptuticni
823 1246 915 1284 rerum
931 1232 1130 1299 massarium,
1147 1248 1212 1286 nam
1230 1238 1262 1287 ut
1278 1233 1351 1287 duat
1361 1237 1437 1289 solae
1453 1253 1498 1290 ree
1515 1244 1611 1291 coeant

235 1306 266 1358 in
283 1320 385 1371 uuum,
403 1306 517 1359 seorsim
535 1322 553 1358 a
571 1305 668 1371 tertia,
691 1320 749 1357 nou
766 1308 806 1356 est
818 1300 958 1370 possibile.
996 1299 1255 1369 Quateruariustest
1272 1318 1403 1358 arcuerim
1419 1306 1610 1360 iumentorum

236 1374 364 1441 definitor
382 1382 407 1429 et
424 1376 579 1429 recensitae.
615 1373 740 1428 Mundus
757 1373 828 1425 ιιιὶηι
846 1377 886 1424 eat
903 1386 1002 1437 corpus
1019 1371 1145 1438 solidum,
1161 1371 1326 1428 solidavera
1344 1373 1400 1429 dua
1419 1376 1526 1430 duabus
1542 1392 1609 1429 sem·

232 1461 285 1514 per
301 1445 493 1499 medietatibus
509 1445 640 1514 indigent,
670 1450 700 1498 ut
717 1443 748 1496 iu
766 1441 899 1496 contiuua
912 1441 1094 1509 properabas
1110 1449 1271 1511 coaffluant.
1308 1443 1418 1497 Horum
1435 1461 1499 1500 vero
1518 1450 1565 1512 (so.
1587 1453 1609 1513 1,

237 1521 261 1582 2,
281 1520 296 1564 3
316 1522 341 1569 et
359 1515 389 1580 t)
406 1531 513 1569 aarum
532 1522 570 1568 est
588 1514 733 1578 dumriua,
761 1511 794 1566 de
811 1527 865 1581 quo
882 1510 1022 1563 hacteuus
1058 1509 1116 1564 Hic
1130 1512 1202 1565 enim
1220 1517 1337 1568 ansatus
1354 1521 1393 1569 est
1409 1516 1627 1582 uniuersitatis„

235 1593 302 1648 haec
321 1592 379 1660 dos,
399 1609 455 1663 qua
472 1592 579 1646 detaut
596 1591 672 1645 mam
688 1590 780 1658 faetor
798 1587 864 1655 ejus.
892 1583 1045 1643 Hactenus
1059 1583 1243 1644 Camerarius
1265 1604 1302 1645 ex
1317 1590 1474 1662 veteribus,
1498 1590 1606 1665 quibus

238 1676 381 1754 pleraque
409 1676 623 1736 consentientia
653 1670 781 1732 inculcat
808 1669 933 1731 Hermes
956 1670 1164 1747 Trismegistus
1195 1668 1345 1754 (quisquis
1375 1674 1425 1738 ifle
1454 1676 1520 1754 init)
1547 1675 1608 1734 filio

236 1781 292 1823 suo
316 1763 414 1836 Tatio,
439 1762 523 1836 cujus
539 1761 613 1821 haec
628 1761 735 1819 rerba:
761 1762 879 1834 ,unitas
894 1757 1056 1819 secundum
1070 1763 1214 1819 rationem
1236 1760 1386 1821 denarium
1409 1763 1609 1841 complectitur

236 1866 410 1926 rursumque
433 1849 572 1909 denarius
587 1849 759 1907 unitatem“
791 1846 907 1906 Deinde
923 1845 1180 1923 concupiscibilem
1195 1850 1311 1908 animae
1333 1850 1505 1911 facultatem
1527 1868 1607 1910 com-

236 1940 320 2017 ponit
345 1954 381 1996 er
407 1939 445 1996 12
469 1936 630 2009 ultoribus,
661 1953 714 1994 sen
737 1935 817 1992 vitiis
845 1935 949 1993 ethicis
979 1934 1191 1994 adnumerum
1222 1938 1371 2013 signorum
1401 1938 1531 2012 zodiaci,
1561 1943 1608 1998 cni

236 2041 342 2103 corpus
366 2035 396 2084 et
417 2024 495 2083 hanc
516 2024 555 2082 ad
572 2039 677 2101 corpus
694 2031 863 2098 vergentem
878 2023 994 2081 animae
1011 2024 1173 2100 potentiam
1188 2024 1317 2099 subjicit,
1341 2026 1514 2086 rationalem
1538 2044 1607 2086 vero

236 2112 405 2172 facultatem
426 2115 543 2170 animae
565 2129 601 2170 ex
624 2111 743 2174 denario
767 2118 797 2167 et
818 2111 881 2186 ipsc
905 2111 1053 2187 componit
1076 2112 1216 2169 virtutum
1239 2111 1408 2171 etlricarnm
1454 2117 1504 2174 Sic
1528 2114 1609 2189 quad
1672 2175 1676 2184 Δ

236 2200 433 2277 Pythagoraei
465 2200 615 2258 celebrant
642 2205 786 2274 tetractyn
816 2196 927 2257 iontem
954 2199 1133 2271 animarum,
1164 2207 1193 2257 et
1226 2196 1410 2259 Camerarius
1437 2200 1536 2279 plnres
1566 2203 1609 2260 ait

236 2287 326 2347 inisse
348 2294 516 2364 tetractyas,
539 2304 598 2344 non
622 2285 702 2343 illam
725 2284 836 2357 solump
854 2297 932 2360 quae
955 2302 974 2343 a
996 2286 1175 2361 quaternarii
1198 2286 1265 2345 basi
1287 2289 1380 2362 surgit
1403 2287 1442 2347 ad
1463 2306 1608 2348 summam

239 2376 288 2449 10,
312 2373 364 2434 sed
387 2377 475 2433 etiam
490 2372 580 2433 aliam
595 2376 791 2451 praecipuam,
815 2389 890 2447 qnae
906 2372 944 2431 ab
961 2369 1104 2449 ogdoadis
1119 2373 1183 2432 basi
1205 2372 1243 2433 ad
1268 2376 1406 2435 verticem
1429 2393 1522 2452 usque
1545 2375 1609 2436 col·

239 2463 305 2539 ligit
329 2479 475 2521 summam
498 2463 554 2520 36:
579 2461 657 2520 idem
680 2467 709 2519 et
724 2459 827 2518 Tatius
852 2460 900 2517 hic
922 2478 958 2519 ex
981 2458 1115 2520 doctrina
1136 2463 1227 2537 patris
1241 2459 1389 2521 Hermctia
1412 2465 1515 2536 innuit,
1539 2464 1608 2522 dum

234 2544 352 2629 'tempus
374 2552 417 2608 ait
439 2550 542 2623 luisse,
579 2564 645 2607 cnm
668 2551 731 2625 ipse
754 2547 851 2606 adhuc
880 2555 959 2606 esset
985 2550 1014 2604 in
1043 2545 1196 2626 ogdoade,
1226 2552 1392 2624 octonari03
1423 2550 1515 2609 tilium
1537 2567 1608 2610 vero

235 2647 320 2716 pater
347 2636 386 2695 ad
408 2635 596 2694 Pimandrum
619 2638 755 2707 remittit,
788 2633 824 2694 de
855 2638 1005 2694 octonario
1036 2642 1206 2708 canentem,
1237 2638 1265 2692 in
1296 2653 1355 2713 qno
1383 2654 1454 2698 sane
1483 2640 1609 2698 occurrit

237 2726 404 2785 octonarius
426 2723 581 2804 habituum
603 2724 719 2782 atrimae
743 2719 921 2794 ethicorum,
945 2730 1058 2800 septem
1080 2721 1200 2798 quidem
1221 2724 1459 2800 respondentium
1482 2725 1608 2804 planetis

236 2823 365 2892 septem,
395 2819 429 2869 ut
450 2821 586 2889 apparet,
615 2813 700 2870 initio
721 2828 742 2868 a
765 2809 849 2869 Luna
870 2809 965 2886 lacto,
994 2814 1093 2870 octavi
1124 2828 1193 2871 vero
1222 2809 1374 2872 divinioris
1405 2824 1435 2873 et
1455 2815 1609 2890 quietioris

237 2901 275 2961 ad
297 2900 439 2978 sphaeras
461 2908 533 2977 puto
556 2898 680 2956 fixarum
701 2897 807 2956 ideam.
853 2894 961 2956 Omnia
983 2901 1072 2957 ctiam
1094 2896 1235 2973 geruntu'r
1256 2917 1309 2978 per
1331 2900 1516 2977 harmonias3
1538 2901 1609 2981 plu·

236 2989 311 3048 rima
332 2985 489 3045 inculcatio
512 2985 629 3059 silentii,
654 2985 779 3063 plurima
800 2987 907 3043 mentis
929 2987 1122 3061 veritatisque
1144 2989 1272 3063 mentio;
1306 2991 1477 3066 proponitur
1499 2998 1530 3049 et
1553 3007 1608 3049 an-

236 3082 329 3149 trum,
352 3073 473 3149 landus,
497 3072 661 3150 penetrale,
685 3080 778 3131 crater
799 3073 962 3132 animarum
985 3082 1015 3133 et
1038 3082 1133 3132 cetera
1155 3074 1259 3145 mmm,
1295 3086 1328 3134 ιιι
1351 3075 1471 3135 dubium
1494 3076 1607 3136 nullum

237 3150 313 3223 esse'
336 3163 446 3239 possit,
478 3162 548 3236 quin
572 3168 624 3219 ant
644 3159 830 3237 Pythagoras
854 3159 1037 3232 hermetiset,
1069 3170 1121 3219 aut
1143 3160 1267 3221 Hermes
1289 3162 1500 3239 pythagoriset.
1546 3165 1609 3224 Ac·

238 3249 315 3308 cedit
337 3251 414 3308 enim
437 3257 467 3307 et
488 3248 560 3321 hoc,
591 3247 671 3323 qnod
694 3245 818 3305 Hermes
840 3240 1021 3324 theologiam
1043 3248 1191 3324 quandam
1213 3248 1301 3307 tradit
1323 3249 1492 3327 cultumque
1516 3250 1609 3311 divini

237 3338 383 3411 numinis,
406 3354 494 3413 saepe
518 3334 628 3408 Masis,
659 3352 748 3412 saepe
772 3334 980 3411 Evangelistae
1003 3334 1129 3396 Joannis
1152 3338 1181 3394 in
1204 3353 1260 3395 suo
1283 3354 1370 3396 sensu
1392 3338 1608 3417 paraphrastes,

238 3427 408 3503 praesertim
431 3423 467 3483 dc
489 3425 719 3498 regeneratione,
743 3425 983 3500 ceremoniasque
1000 3421 1144 3498 discipulo
1161 3433 1254 3483 certas
1271 3426 1416 3501 inculcat3
1440 3426 1608 3488 cumidem

238 3512 274 3572 de
298 3508 513 3589 Pythagoraeis
536 3510 681 3570 affirment
703 3518 854 3583 auctores,
884 3519 997 3589 partem
1027 3528 1128 3571 earum
1161 3510 1330 3587 theologiae
1353 3516 1500 3590 variisque
1521 3530 1606 3575 cere·

239 3594 346 3659 moniis
369 3607 399 3658 et
421 3598 677 3676 superstitionibus
701 3596 831 3657 deditam
853 3597 960 3672 luisse,
990 3607 1020 3658 et
1043 3598 1165 3657 Procius
1188 3599 1404 3676 Pythagoricus
1427 3600 1607 3679 theologiam

176 3704 178 3709 ·
238 3688 267 3744 ln
290 3702 475 3745 numerorum
497 3684 744 3762 contemplatione
766 3683 899 3745 collocet.

326 3772 409 3833 Haec
430 3789 482 3850 per
506 3770 731 3848 digressionem:
761 3773 915 3833 redeamus
943 3788 1022 3831 nnnc
1051 3771 1090 3832 ad
1111 3771 1342 3851 Pythagoricum
1373 3775 1607 3836 harmonicarum

134 3860 149 3893 ¹·
238 3863 459 3940 proportionum
481 3858 768 3919 demonstrationem.

324 3946 403 4006 Huic
432 3949 510 4006 enim
541 3945 767 4024 philosophandi
795 3946 907 4005 ionnae
940 3963 992 4025 per
1024 3964 1160 4007 numeros
1191 3956 1343 4028 tantopere
1370 3951 1486 4009 suerunt
1515 3950 1606 4010 dediti

160 4092 161 4095 ,
238 4034 445 4113 Pythagoraei,
469 4042 502 4092 nt
521 4034 584 4110 jam
603 4052 641 4092 ne
663 4036 777 4092 aurium
799 4034 917 4109 quidem
937 4034 1050 4110 judicio
1073 4044 1196 4108 starent,
1222 4054 1345 4112 quarum
1369 4044 1466 4096 tamen
1490 4037 1604 4097 indiciis

238 4122 276 4183 ad
299 4120 515 4201 philosophiam
537 4122 614 4181 lianc
637 4123 718 4179 initio
740 4129 915 4198 perventum
938 4130 1008 4195 erat,
1042 4122 1094 4184 sed
1123 4123 1194 4200 quid
1218 4127 1504 4199 concinnumresset,
1534 4125 1604 4202 qnid

237 4213 453 4282 inconcinnum,
479 4208 548 4284 qnid
572 4224 748 4281 consonum,
772 4208 842 4284 quid
866 4208 1032 4282 dissonum,
1056 4227 1093 4270 ex
1115 4210 1186 4270 solis
1208 4215 1271 4272 suis
1293 4214 1421 4272 numeris
1443 4211 1604 4287 delinirent,
1692 4221 1695 4225 ’

239 4302 299 4357 vim
329 4299 468 4357 iacientes
502 4298 651 4355 instinctui
681 4295 806 4355 naturali
836 4296 964 4356 auditus.
1010 4296 1156 4375 Stetitque
1184 4303 1316 4376 tyrannis
1348 4302 1405 4358 ista
1434 4300 1604 4360 harmonica

240 4402 333 4460 usque
356 4384 394 4444 ad
417 4382 633 4457 Ptolemaeum,
666 4386 716 4459 qui
744 4385 854 4461 primns
883 4392 951 4443 ante
981 4402 1073 4445 annos
1099 4387 1182 4446 1500
1210 4404 1328 4446 sensum
1358 4386 1476 4446 auditne
1499 4396 1600 4447 contra

239 4472 456 4551 philosophiam
480 4471 707 4547 Pythagoricum
730 4474 856 4529 asseruit
877 4473 1045 4549 recepitque
1072 4475 1147 4534 inter
1169 4478 1312 4535 concinna
1334 4491 1391 4534 non
1414 4482 1527 4534 tantum
1550 4492 1603 4534 su-

239 4578 293 4639 pra
314 4560 407 4619 dictas
430 4561 631 4637 proportiones
661 4568 691 4618 et
712 4559 934 4634 seqnioctavam
964 4577 1015 4635 pro
1040 4566 1127 4636 tono,
1161 4562 1212 4621 ssd
1235 4562 1354 4623 admisit
1375 4564 1462 4621 etiam
1485 4565 1603 4639 sesqui-

239 4664 346 4706 nonam
369 4665 421 4726 pro
444 4656 514 4705 tono
538 4647 658 4719 minori,
681 4655 710 4706 et
732 4645 1048 4722 sesquiquindecimam
1069 4665 1122 4726 pro
1145 4652 1315 4724 semitonio;
1336 4667 1392 4710 nec
1413 4652 1527 4709 mutum
1549 4667 1602 4710 su·

240 4733 480 4814 perparticnlares
502 4733 577 4794 alias
599 4729 712 4793 addidit
734 4735 772 4793 ab
796 4735 916 4793 auduus
939 4728 1086 4812 probatas,
1110 4745 1143 4795 nt
1164 4739 1414 4812 sesquiquartam,
1437 4736 1490 4798 sed
1512 4740 1601 4798 etiam

240 4840 276 4884 ex
299 4822 577 4901 superpartientibus
599 4821 725 4881 adscivit
745 4820 870 4900 aliquas,
893 4830 926 4882 nt
948 4824 1022 4883 intcr
1044 4826 1074 4898 3,
1098 4826 1116 4884 5
1141 4831 1170 4884 et
1191 4828 1266 4883 inter
1283 4825 1354 4897 5‚·8
1378 4832 1408 4884 et
1428 4823 1512 4884 alias.
1534 4824 1602 4886 Hoc

238 4920 327 4991 pacto
348 4909 537 4970 Ptolemaeus
556 4910 789 4987 speculationem
807 4908 1037 4989 Pythagoricum
1058 4911 1095 4973 de
1118 4918 1183 4972 ortu
1209 4914 1429 4991 proportionum
1450 4913 1603 4974 haimom·
