3567 5625
242 428 303 487 112
461 425 469 443 ‘
682 428 723 483 Ile
740 426 901 499 Figuratum
921 428 1144 486 Harmoaicarum

238 596 340 666 tricem,
359 597 455 666 helice,
474 598 660 655 conchoidea?
689 601 753 671 Ipse
769 603 878 671 quidem
891 604 1053 673 Campanus,
1065 605 1249 661 trisectionanr
1267 609 1384 676 numus,
1401 621 1456 662 non
1472 603 1590 663 mmcd-

239 678 333 742 vertit,
356 693 386 732 se
405 693 511 734 sumere
528 680 649 752 tertiam,
663 681 754 750 anguli
772 692 877 752 partem
897 684 980 738 veluti
994 684 1051 752 jam
1071 694 1185 752 certam,
1212 701 1282 755 quae
1300 692 1359 742 erat
1383 684 1491 741 demum
1509 702 1590 756 quae·

238 752 323 888 :puga
366 756 565 890 ElertatIlyocus
588 758 694 815 inmeo
713 759 861 831 exemplari
885 763 920 818 ad
945 764 1026 819 finem
1051 766 1140 834 operis
1158 765 1284 824 Euclidei
1298 765 1347 821 iol.
1367 766 1427 823 586.
1453 768 1591 834 pertinens

310 848 372 888 nem
400 851 451 889 ιη
510 879 516 890 .

313 912 495 984 ¹lordauns
513 917 651 973 Bruuus
672 919 796 975 Nolanus
823 921 850 975 iu
874 921 1014 990 sexanguli
1033 919 1177 976 asebna
1206 922 1333 991 opposita
1347 922 1437 984 latera
1461 925 1518 986 BC,
1541 925 1591 980 EF

601 997 760 1053 muscata
782 1001 910 1068 utrinque
933 1001 1008 1055 ducit
1031 999 1272 1069 perpendiculares
1293 1001 1358 1069 (lii,
1383 1002 1439 1070 nt,-
1461 1003 1591 1057 rhculum

600 1078 628 1130 iu
647 1077 680 1144 A,
699 1079 722 1130 Ι)
742 1080 948 1147 contingentes3
973 1077 1055 1152 ducta
1074 1079 1157 1148 igitur
1179 1080 1244 1135 facti
1263 1081 1510 1150 parallelogrammi
1535 1081 1591 1136 dia·

400 1215 425 1243 x
509 1223 511 1228 s
597 1156 677 1223 genio
696 1156 750 1223 III,
769 1157 900 1212 circulum
917 1159 1037 1226 putabat
1055 1160 1140 1213 secari
1161 1161 1216 1228 sic,
1243 1169 1275 1215 ut
1292 1162 1365 1216 iuter
1383 1163 1424 1228 A,
1447 1163 1472 1215 D
1490 1170 1592 1230 punctu
1629 1153 1638 1170 ⁸

597 1241 770 1289 contactuum
794 1244 822 1290 et
844 1237 981 1294 sectiones
998 1239 1038 1308 N,
1065 1241 1093 1292 M
1126 1241 1246 1294 existant
1268 1256 1356 1295 nouae
1382 1245 1474 1309 partes
1499 1240 1593 1295 cuculi

597 1312 654 1381 AN,
675 1314 737 1368 ΒΜ.
768 1315 852 1385 Atqui
865 1314 1069 1372 demonstratur
1083 1334 1117 1371 ex
1131 1319 1334 1389 diagrammate,
1354 1320 1425 1389 quod
1440 1336 1500 1374 cum
1513 1323 1591 1374 semi·

598 1392 716 1461 diagomi
734 1392 805 1446 illins
824 1392 874 1445 LII
893 1393 1055 1463 quadratum
1074 1398 1111 1451 sit
1128 1397 1252 1467 effabile,
1275 1401 1332 1454 scil.
1352 1400 1386 1471 ᾗ
1404 1399 1438 1453 de
1456 1399 1589 1470 quadrato

597 1469 720 1524 diametri
737 1472 790 1538 (est
808 1471 878 1524 enim
899 1472 971 1525 ΑΒΗ
986 1474 1044 1538 50⁰,
1064 1491 1128 1544 ergo
1148 1478 1205 1544 ,ΒΗ
1225 1479 1345 1534 semissis
1364 1480 1397 1534 de
1411 1481 1457 1534 AB
1476 1481 1519 1535 rel
1532 1481 1588 1548 AL,

598 1556 626 1602 et
647 1551 706 1618 ejus
730 1551 852 1620 potentia
875 1551 957 1620 Igitur
976 1555 1112 1620 quadrans
1140 1555 1174 1610 de
1204 1560 1328 1626 potentia
1348 1561 1410 1624 AL,
1441 1561 1522 1628 igitur
1541 1560 1591 1614 ΑΗ

596 1629 718 1698 potentia
740 1627 857 1683 dodrans
884 1629 917 1683 de
942 1633 1066 1699 potentia
1090 1633 1150 1688 AL.
1190 1635 1242 1690 Sed
1268 1638 1390 1706 potentia
1414 1639 1464 1693 LII
1492 1646 1592 1708 aequat

596 1708 732 1778 potentias
751 1709 814 1771 LA,
833 1708 905 1774 ΑΗ),
925 1709 1000 1784 sinus
1019 1712 1101 1780 igitur
1118 1714 1249 1780 graduum
1267 1716 1315 1786 40,
1338 1718 1390 1772 hoc
1408 1725 1451 1772 est
1481 1717 1592 1772 dimidia

596 1787 725 1843 subteusa
747 1786 862 1840 duarum
885 1802 1017 1841 nonarum
1043 1790 1154 1860 circuli,
1179 1795 1290 1850 iuturus
1308 1796 1391 1850 fuerit
1411 1796 1527 1851 effabilis
1544 1814 1591 1865 po·

236 1871 337 1940 tentia,
364 1871 469 1927 scilicet
485 1870 563 1925 radix
590 1869 624 1924 de
642 1868 674 1937 ᾗ
694 1866 820 1936 quadrati
845 1866 975 1920 diametri.
1012 1867 1137 1923 Demissa
1163 1872 1234 1926 enim
1252 1875 1470 1943 perpendiculari
1487 1876 1535 1930 AO
1556 1892 1590 1930 ex

155 1951 160 1961 ’
237 1954 262 2004 A
273 1951 301 2004 in
314 1950 372 2018 LII,
391 1951 443 2005 erit
461 1950 532 2006 sicut
544 1949 594 2003 LII
613 1947 743 2017 potentia
766 1946 803 2017 ff„
822 1946 857 1998 ad
871 1944 920 1997 HA
931 1945 1089 2016 potentiam,
1110 1949 1151 2020 ἦ,
1171 1951 1211 2005 sic
1222 1953 1270 2006 LA
1286 1953 1416 2021 potentia,
1435 1953 1476 2025 st„
1495 1954 1529 2008 ad
1543 1954 1590 2008 AO

237 2029 393 2096 potentiam,
417 2028 446 2098 Ψ
466 2027 499 2083 de
521 2030 567 2099 ἦ,
579 2025 607 2081 id
626 2033 670 2079 est
687 2024 719 2093 22³⁸
731 2023 774 2091 ¹¹).
811 2025 852 2076 Ita
870 2023 939 2077 haec
956 2025 1149 2093 nonangularis
1167 2031 1258 2099 auguli
1277 2031 1407 2088 subteneo
1424 2040 1497 2089 esset
1516 2035 1590 2088 nobi
1654 2030 1657 2034 ’

236 2108 288 2162 lior
305 2107 441 2178 aliquibus
460 2105 616 2177 praemissis
635 2113 664 2159 et
681 2103 883 2157 communicans
902 2103 948 2169 iis,
973 2119 1034 2158 cum
1052 2113 1143 2161 tamen
1161 2109 1198 2163 sIt
1217 2127 1329 2165 numero
1354 2112 1468 2166 laterum
1486 2111 1591 2180 impari,

238 2185 341 2241 scilicet
358 2201 471 2241 numero
490 2184 589 2254 aliquo,
608 2182 688 2253 primi
706 2184 721 2238 3
740 2181 880 2252 quadrato,
900 2181 967 2236 nihil
987 2187 1188 2243 communicans
1207 2205 1268 2244 curn
1280 2198 1424 2259 tetragono
1444 2197 1471 2245 et
1483 2192 1590 2259 trigono

237 2281 287 2335 per
303 2265 480 2320 hisectionem
498 2279 619 2332 menum,
638 2276 752 2330 quarum
770 2260 918 2331 figurarum
935 2245 1063 2331 proprius
1082 2273 1125 2320 est
1142 2267 1187 2322 hic
1205 2269 1355 2324 nobilitatis
1372 2269 1481 2337 mades.

324 2373 469 2442 XLVIII.
493 2371 752 2433 corollarium.
798 2371 936 2447 Sequitur
958 2375 1055 2450 igitur,
1077 2377 1215 2448 notionis,
1238 2380 1388 2450 scientiae,
1412 2377 1589 2438 determina·

238 2464 339 2536 tionis,
371 2461 574 2539 descriptionis
598 2468 627 2519 et
649 2459 906 2522 demonstrationis
936 2469 1030 2520 metas
1059 2465 1135 2522 intra
1164 2466 1273 2540 primos
1295 2466 1451 2540 figurarum
1474 2466 1590 2525 ordines

238 2552 410 2610 consistere:
434 2556 467 2609 ut
488 2551 547 2607 sint
571 2547 680 2606 classes
703 2546 861 2621 figurarum
883 2548 1029 2607 scibilium
1057 2550 1231 2628 conplures
1260 2570 1350 2628 quarn
1366 2561 1590 2628 quassantes

237 2639 369 2715 proprias
384 2636 647 2696 demonstrationes
663 2634 842 2696 habentium.
866 2636 895 2691 in
912 2637 1018 2710 quibus
1034 2640 1133 2713 capita
1154 2646 1222 2697 sunt
1236 2640 1420 2714 familiarum,
1444 2642 1474 2698 in
1497 2642 1591 2717 prima

227 2734 425 2801 ,tehagonum
457 2731 526 2800 post
548 2721 720 2783 diametrum
744 2720 855 2795 circuli,
889 2723 972 2797 cujus
1004 2723 1154 2792 character
1182 2744 1318 2786 numerus
1343 2730 1378 2801 2,
1409 2727 1591 2802 insecundo

240 2816 380 2890 trigonus,
404 2811 488 2888 cujus
511 2809 658 2871 character
682 2811 710 2883 3,
734 2812 764 2868 in
788 2811 873 2868 tertia
894 2818 1087 2887 pentagonus,
1111 2814 1277 2875 charactere
1301 2816 1335 2891 53
1360 2834 1418 2877 una
1439 2833 1509 2876 sero
1523 2805 1590 2875 ¹irn-

239 2903 422 2978 propriarum
450 2899 746 2970 demonstrationum,
775 2898 859 2973 quus
892 2915 1029 2958 numerus
1059 2907 1103 2959 est
1134 2902 1286 2979 multiplex
1320 2903 1442 2964 duorum
1467 2905 1484 2963 3
1509 2911 1538 2963 et
1562 2905 1590 2976 5,

239 2988 352 3047 scilicet
378 2990 431 3046 15:
454 2989 547 3064 prima
570 2988 647 3045 enim
670 2984 735 3060 ejus
758 2983 860 3044 classis
883 2985 976 3061 figura
1000 2994 1044 3046 est
1066 2989 1391 3067 pentelreedecagonus.

325 3100 442 3160 XLIX.
466 3100 692 3176 Propositio.
738 3097 812 3157 Cum
840 3105 940 3157 autem
971 3101 1091 3160 bisectio
1123 3098 1199 3183 (qua
1226 3107 1342 3182 propria
1371 3082 1461 3165 usin
1489 3103 1591 3165 elassis

239 3185 349 3270 prima)
373 3189 534 3248 communis
557 3190 595 3246 sit
618 3196 678 3245 tam
693 3185 840 3245 secundas
856 3203 945 3260 quarn
961 3190 1063 3248 tertiae
1086 3189 1183 3265 classi,
1213 3200 1302 3268 patet,
1326 3192 1386 3251 alio
1406 3192 1471 3268 juro
1486 3192 1591 3268 degere

226 3276 363 3336 oclassem
386 3278 518 3352 primam,
543 3274 601 3333 alio
625 3273 698 3331 daras
721 3272 862 3348 reliquas:
887 3275 929 3333 ita
951 3281 984 3333 ut
1005 3278 1099 3351 prima
1110 3278 1334 3338 familiaritatem
1349 3279 1458 3339 habeat
1481 3279 1517 3338 ad
1541 3286 1590 3339 ut·

119 3389 124 3395 ·
172 3360 175 3365 “
239 3381 360 3441 ramqne
381 3363 568 3440 reliquarum,
599 3367 629 3420 at
658 3361 726 3419 illae
754 3360 979 3435 figurationibus
1005 3371 1109 3423 cenna
1139 3383 1171 3425 se
1200 3366 1429 3445 distinguantur,
1458 3367 1531 3427 adeo
1561 3374 1592 3425 nt

215 3450 216 3455 ’
240 3468 353 3526 aarum,
384 3468 460 3528 quas
482 3451 615 3529 proprias
639 3448 901 3509 demonstrationes
923 3449 1047 3526 habent,
1076 3453 1293 3528 quodammodo
1316 3454 1374 3513 dno
1397 3462 1509 3514 tautum
1534 3458 1592 3514 siut

238 3558 356 3617 genera.

324 3642 396 3697 Nam
412 3646 571 3708 tetragonus
591 3643 620 3692 et
635 3644 787 3709 octogonus
806 3636 897 3692 statim
920 3651 950 3692 se
969 3637 1047 3707 quasi
1063 3643 1137 3694 totas
1155 3638 1303 3707 trigonicae
1325 3645 1417 3696 sectae
1443 3641 1589 3711 applicant,

238 3723 303 3793 quia
319 3738 383 3792 pars
402 3718 495 3777 circuli
514 3724 594 3774 sexta
610 3726 638 3774 et
656 3717 817 3773 duodecima
830 3718 943 3786 junctae
961 3718 1064 3773 faciunt
1083 3727 1219 3787 quartam,
1242 3735 1305 3788 pars
1324 3719 1483 3776 duodecima
1508 3729 1538 3779 et
1553 3723 1591 3776 si-

238 3802 339 3856 cesima
364 3806 468 3869 quartax
484 3798 649 3868 compositae
671 3796 774 3852 faciunt
799 3804 904 3867 partem
930 3804 1060 3851 octavam.
1098 3797 1135 3851 Et
1156 3804 1314 3866 tetragonus
1342 3814 1372 3853 se
1395 3800 1591 3868 pentagonicae

237 3887 330 3936 sectae
347 3877 545 3946 quadamtenus
563 3875 757 3941 accommodat,
776 3876 840 3942 qnia
862 3875 957 3945 quinta
975 3875 1068 3931 circuli
1086 3893 1157 3945 pars,
1176 3877 1270 3932 addita
1280 3877 1431 3948 vicesimae,
1450 3877 1591 3932 coustituit

237 3964 343 4028 partem
361 3962 493 4026 quartam
530 3955 620 4010 Causa
643 3962 697 4024 est,
722 3954 786 4023 quia
802 3957 907 4010 numeri
926 3958 941 4011 3
960 3958 1021 4009 eth
1040 3954 1121 4008 diuidi
1139 3963 1255 4025 possunt
1277 3956 1305 4010 in
1327 3972 1455 4012 numeros
1477 3973 1590 4026 propor-

237 4036 320 4091 tionis
338 4032 465 4088 continue
483 4032 595 4102 duplae:
613 4049 675 4088 nam
694 4040 786 4103 partes
804 4034 889 4103 ipsius
909 4034 925 4088 3
944 4041 1007 4089 suut
1027 4036 1049 4103 t,
1068 4034 1093 4103 2,
1111 4042 1205 4105 partes
1222 4036 1309 4107 ipsius
1328 4039 1343 4091 h
1362 4042 1426 4090 sunt
1439 4035 1463 4103 l,
1481 4036 1506 4089 4.
1539 4035 1591 4089 Ta·

237 4114 271 4168 lis
290 4127 354 4167 vero
373 4112 524 4167 communic
541 4127 597 4167 non
615 4120 657 4166 est
674 4113 746 4166 inter
763 4113 865 4168 classes
882 4113 1029 4167 ternariam
1047 4120 1075 4166 et
1091 4114 1249 4182 quinariam.
1285 4114 1353 4189 Nam
1373 4114 1424 4168 etsi
1437 4120 1515 4167 sexta
1527 4130 1592 4181 pars

239 4191 333 4248 cuculi
351 4189 445 4245 addita
460 4190 613 4245 tricesimae
632 4190 773 4245 coustituit
791 4191 923 4260 quintam,
949 4197 978 4244 at
996 4186 1132 4246 tricesima
1150 4200 1193 4247 est
1210 4192 1306 4247 classis
1330 4193 1587 4262 pentelraedeoago›

239 4273 325 4341 nicae,
343 4284 414 4338 quae
432 4284 486 4322 nou
503 4268 587 4324 habet
603 4269 740 4338 propriam
758 4268 1023 4325 demonstrationem.
1060 4270 1164 4325 Eodem
1190 4271 1270 4326 modo
1293 4272 1397 4327 decima
1420 4271 1514 4327 circuli
1543 4272 1589 4326 ad·

239 4351 296 4406 dita
313 4346 499 4419 quindecimas
521 4351 597 4415 (ecce
622 4347 814 4402 admixtionem
841 4348 938 4403 classis
961 4357 1085 4419 mutae)
1111 4350 1215 4405 iaciunt
1232 4358 1345 4406 sentam.
1381 4351 1498 4419 Propter
1519 4350 1591 4404 hanc

238 4428 398 4483 duahmtem
416 4441 545 4495 generum
562 4426 667 4480 numeri
685 4426 897 4481 characteristici
916 4433 992 4495 sant,
1011 4428 1039 4481 in
1057 4427 1143 4496 primo
1165 4428 1205 4497 12,
1232 4429 1259 4483 in
1278 4429 1396 4484 seeundo
1412 4429 1448 4485 20
1469 4430 1512 4483 sel
1529 4428 1590 4495 ejus
1667 4448 1672 4457 ·

200 4584 202 4590 Ι
239 4505 379 4562 dimidium
396 4506 439 4561 10.
473 4507 550 4560 Haec
566 4506 649 4574 igitur
666 4506 737 4560 infra
754 4505 814 4560 libr.
834 4507 881 4559 III.
902 4505 1047 4561 referenda
1064 4515 1092 4562 et
1109 4507 1288 4563 adscribenda
1305 4514 1370 4564 sunt
1388 4507 1423 4563 ad
1441 4507 1589 4563 daumio·

239 4601 302 4641 nem
319 4599 448 4651 generum
465 4591 570 4641 emtus.

326 4686 620 4764 IaGomparatio
642 4686 843 4762 figurarum
867 4703 931 4744 seu
954 4685 1175 4747 divisionum
1197 4687 1333 4748 circuli.
1371 4686 1485 4746 Primae
1507 4694 1590 4748 tenet

240 4774 393 4847 diameter3
422 4781 467 4833 cst
492 4776 570 4833 enirn
599 4774 723 4833 effabilis
753 4772 944 4849 longitudine.
989 4774 1154 4863 Secundum
1187 4784 1232 4836 est
1260 4777 1338 4836 latus
1365 4775 1588 4851 hexagonicum,

240 4861 365 4940 aequale
386 4860 600 4924 semidiametro
624 4863 716 4921 etsie
738 4861 854 4922 effabile
876 4861 1068 4940 longitudine.
1113 4863 1213 4924 'lertio
1229 4862 1295 4924 loco
1317 4870 1396 4924 stant
1418 4870 1589 4940 numanus
