3567 5625
646 391 679 449 In
696 391 912 452 stereometriam
930 390 1071 450 Dolioruur
1088 387 1242 462 Appeadiu

809 686 862 745 aa
884 685 1004 764 caput
1025 685 1080 749 111.

358 834 478 891 Rursum
500 834 590 892 divido
613 837 807 906 quaestionem.
848 837 967 894 Primum
994 838 1068 908 quod
1095 837 1235 893 scientiam
1254 835 1341 905 ipsum
1358 836 1454 889 attinet
1473 831 1621 890 eommuni-

275 914 389 969 catr'onis
407 915 478 970 inter
496 930 525 969 se
543 915 693 984 ponderum
715 931 957 989 mensurarumque
980 919 1114 987 omnium,
1142 919 1198 972 sive
1221 916 1313 985 aliqua
1334 914 1514 983 inaequalitas
1538 915 1623 967 intro·

273 992 389 1049 ducatur
406 994 462 1049 sive
481 994 627 1060 omittatur,
646 994 754 1048 omnino
770 994 882 1062 judico,
910 1013 967 1051 rem
995 1013 1055 1053 esse
1081 1005 1109 1052 et
1127 995 1333 1066 pulcherrimam
1358 1001 1386 1049 et
1404 993 1574 1048 utilissimam
1594 999 1622 1046 et

271 1072 388 1127 maxime
411 1074 555 1128 facientem
574 1074 608 1129 ad
626 1074 843 1144 perpetuitatem,
862 1075 885 1130 si
904 1093 1003 1147 corpus
1022 1077 1064 1131 rel
1083 1077 1202 1146 pondere
1221 1075 1264 1130 rel
1283 1075 1336 1129 loci
1353 1074 1442 1142 spatio
1461 1086 1622 1125 mensuran-

270 1150 333 1205 dum
360 1150 498 1219 redigatur
524 1155 551 1207 in
569 1155 676 1223 oubum,
708 1150 834 1222 planities
860 1156 1042 1211 mensuranda
1067 1156 1094 1210 in
1127 1155 1304 1224 quadratum,
1336 1151 1472 1220 hujusque
1502 1149 1565 1205 cubi
1594 1155 1622 1202 et

269 1228 394 1298 quadrati
412 1228 484 1286 latus
503 1231 537 1286 ud
555 1233 734 1301 quantitatem
752 1248 895 1289 mensurae
914 1241 1019 1288 tantum
1038 1234 1133 1302 longae
1152 1240 1330 1303 comparetur,
1350 1238 1493 1298 exstetque
1511 1229 1623 1297 publice

270 1306 344 1376 apud
363 1324 455 1363 omnes
474 1310 543 1365 baeo
560 1311 680 1366 seientia.
716 1312 859 1381 Secundo,
888 1314 993 1369 sivero
1017 1314 1169 1369 consultum
1188 1312 1323 1376 rideatur,
1350 1316 1484 1363 attentare
1502 1307 1622 1376 aliquam

270 1387 461 1454 aequationem
479 1395 535 1443 tum
554 1405 739 1445 mensurarum
758 1408 839 1461 quam
857 1393 1086 1463 progressionum,
1107 1394 1162 1447 sive
1182 1392 1379 1454 continuarum,
1398 1388 1454 1442 sire
1472 1402 1543 1457 quae
1559 1402 1622 1455 per·

269 1473 398 1519 maneant
415 1467 602 1533 incontinuae,
629 1470 755 1539 illamque
774 1472 966 1541 aequationem
985 1471 1027 1525 vel
1053 1472 1161 1541 publice
1179 1473 1311 1539 imperare
1330 1466 1476 1528 uniuersis,
1504 1464 1547 1519 rel
1567 1464 1621 1533 pri-

270 1541 351 1596 vatim
378 1543 450 1598 inter
477 1548 664 1603 universorum
693 1549 900 1617 magistratuum
933 1566 1031 1606 areuna
1062 1551 1197 1619 recipere,
1229 1548 1301 1602 omni
1331 1545 1411 1601 modo
1441 1544 1620 1599 annitendum

270 1620 404 1689 existimo,
419 1632 449 1678 ut
461 1632 517 1681 tum
529 1628 697 1696 praeclarum
711 1646 779 1698 opus
792 1629 938 1700 incipiatur
960 1631 995 1684 ab
1007 1630 1061 1685 boo
1073 1629 1235 1684 solidissimo
1251 1627 1425 1682 fundamento
1443 1624 1621 1679 connexionis

270 1708 387 1771 quatuor
408 1718 535 1770 generum
554 1723 747 1770 mensurarum,
766 1717 794 1762 et
812 1709 835 1764 si
854 1725 909 1779 qua
921 1707 1132 1778 deprehenditur
1143 1706 1348 1770 irrationalitas,
1371 1721 1467 1758 manus
1479 1703 1504 1757 ei
1524 1703 1619 1782 adme)-

271 1787 393 1850 veautur,
411 1790 442 1837 ut
459 1784 493 1838 ad
512 1782 646 1839 effabilem
665 1793 693 1840 et
709 1786 791 1842 talem
810 1788 1012 1857 proportionem
1026 1788 1191 1856 redigantur,
1212 1786 1256 1840 ubi
1271 1787 1304 1841 de
1315 1784 1418 1839 ratione
1433 1783 1499 1837 nihil
1513 1784 1620 1851 uspiam
1639 1835 1650 1862 ο

270 1858 319 1913 tiut
335 1859 478 1929 reliquum.
515 1863 623 1929 Tertio;
643 1873 674 1920 ut
691 1882 753 1922 vero
772 1866 842 1922 idem
861 1867 948 1921 cubus
967 1868 1002 1921 sit
1021 1882 1051 1921 as
1070 1867 1219 1937 ponderum
1232 1875 1260 1921 et
1271 1864 1399 1933 locorum,
1418 1863 1487 1916 idem
1502 1861 1620 1931 quadra·

271 1942 329 1991 tum
356 1953 386 1992 as
401 1941 592 2012 planitierum,
620 1948 699 2011 eujus
727 1944 789 1999 cubi
816 1944 887 2000 latus
914 1953 956 1999 est
983 1960 1012 1999 as
1039 1947 1258 1999 merometn'ous:
1286 1943 1428 2013 pulchrum
1455 1941 1564 2012 quidem
1591 1949 1622 1994 et

267 2018 422 2086 exoptabile
442 2030 519 2089 puto,
538 2022 707 2092 impossibile
733 2041 797 2079 vero
826 2025 970 2093 impetratu
998 2026 1113 2094 evulgo
1140 2024 1289 2090 bodiemo,
1316 2038 1366 2077 neo
1390 2036 1454 2077 sane
1473 2019 1620 2076 admodum

266 2094 340 2151 utile.
375 2097 444 2153 Nam
464 2101 516 2155 etsi
534 2101 642 2170 quidem
660 2102 687 2156 in
705 2101 782 2158 libris
801 2104 882 2158 hodie
901 2118 999 2172 magna
1018 2111 1060 2158 est
1078 2104 1230 2173 diversitas,
1249 2102 1375 2172 nuspiam
1393 2111 1482 2154 tamen
1502 2098 1621 2153 duorum

266 2175 388 2233 locorum
406 2179 493 2235 librae
510 2181 538 2235 in
557 2182 731 2251 proportione
749 2183 833 2253 dupla
851 2182 1039 2252 inveniuntur,
1069 2200 1162 2237 omnes
1189 2182 1308 2237 omnium
1334 2181 1456 2235 locorum
1473 2178 1502 2232 in
1521 2177 1620 2232 minori

270 2270 351 2323 quam
369 2257 460 2327 dupla
495 2258 558 2314 Jam
576 2276 640 2315 uero
659 2260 729 2316 libra
746 2262 827 2329 uulgo
846 2269 888 2316 est
906 2277 936 2315 as
953 2262 997 2315 uel
1016 2262 1167 2330 ponderum
1185 2263 1282 2316 unitas.

355 2336 457 2407 Accipe
480 2355 551 2394 nuno
578 2356 666 2396 assem
693 2341 926 2409 macometrieum,
953 2351 1019 2410 puta
1037 2341 1079 2396 uel
1098 2343 1187 2396 ulnam
1206 2342 1248 2396 rel
1266 2340 1371 2411 pedem,
1389 2337 1515 2391 ulnarum
1534 2335 1623 2389 direr-

267 2413 336 2470 situs
347 2413 397 2471 *ast
414 2433 520 2486 magna,
536 2420 613 2488 pedis
631 2436 702 2488 vero,
722 2421 769 2490 qui
787 2421 874 2475 minor
892 2429 935 2475 est
953 2420 1078 2476 omnibus
1097 2421 1177 2488 ulnis,
1197 2419 1338 2475 diuersitas
1357 2418 1456 2484 minor3
1476 2415 1621 2483 utriusque

266 2498 366 2562 tamen,
378 2495 402 2549 si
414 2496 441 2551 in
454 2499 552 2553 cubum
564 2499 728 2568 redigantur,
746 2500 869 2554 immania
883 2501 1024 2569 proportio
1039 2499 1160 2554 adlatus
1173 2498 1236 2555 cubi
1249 2498 1337 2566 aquei,
1356 2495 1451 2550 libram
1465 2493 1620 2563 pendentis.

267 2570 329 2626 Sive
347 2574 429 2643 igitur
446 2575 542 2631 libram
560 2577 712 2634 immaniter
730 2594 839 2648 augeas,
858 2577 914 2633 aire
933 2578 1031 2646 pedem
1054 2586 1102 2632 aut
1121 2578 1212 2632 ulnam
1231 2577 1299 2631 adeo
1317 2577 1435 2638 minuas,
1461 2575 1519 2628 sire
1537 2572 1622 2626 etiam

266 2668 359 2708 vorem
376 2656 455 2724 pedis
473 2657 555 2726 (quod
574 2659 602 2713 ln
620 2659 764 2728 posteriori
783 2674 849 2713 oasu
867 2659 1062 2713 necessarium
1081 2657 1209 2729 repudies
1228 2658 1349 2727 penitus,
1378 2663 1425 2709 aru
1444 2653 1513 2708 assis
1533 2652 1621 2722 digni·

269 2736 353 2787 tutem
372 2735 399 2788 in
418 2736 505 2791 minus
524 2736 634 2806 aliquod
652 2754 738 2807 genus
759 2735 935 2807 longitudinis
954 2738 1117 2799 transieras,
1145 2738 1238 2807 utique
1266 2734 1458 2790 inextricabilis
1487 2732 1621 2789 contusio.

266 2812 363 2883 Itaque
382 2816 467 2871 satius
486 2817 565 2884 duoo,
583 2833 695 2887 paucos,
715 2817 761 2885 qui
779 2823 843 2871 sunt
861 2833 878 2871 a
897 2816 1011 2885 calculo,
1031 2816 1186 2886 plusculum
1201 2817 1336 2870 insumere
1351 2814 1450 2869 laboris
1462 2811 1622 2868 ineruends

269 2894 445 2960 proportione
463 2895 588 2964 laterum,
608 2896 752 2952 dummodo
771 2897 826 2964 illa,
845 2897 884 2950 uti
904 2897 1014 2963 dietum,
1034 2897 1070 2949 sit
1089 2896 1213 2963 effabilis,
1232 2911 1312 2965 quam
1325 2894 1475 2961 uniuersos,
1494 2892 1622 2962 quisunt

266 2970 368 3037 potiori
385 2979 463 3042 parte
481 2970 593 3030 hebetes
613 2983 640 3029 et
657 2975 774 3045 stupidi,
800 2976 827 3029 in
851 2983 907 3029 tam
931 2976 1076 3045 perplexos
1101 2974 1269 3046 labyrinthos
1288 2971 1490 3030 desuescendae
1508 2985 1621 3025 nomen·

270 3047 398 3121 elaturae,
417 3068 469 3108 usu
487 3052 751 3125 confirmatissimae,
769 3056 876 3126 conjici.
914 3057 1012 3113 Parum
1041 3057 1120 3110 etium
1148 3055 1215 3110 utile
1242 3055 1319 3123 dico,
1348 3070 1430 3107 unum
1459 3066 1519 3105 essa
1544 3051 1621 3104 latns

267 3130 385 3184 omnium
398 3132 507 3202 assium,
527 3133 560 3187 ob
573 3134 644 3190 bauo
656 3151 772 3194 causam.
791 3135 864 3204 quod
883 3135 984 3189 statim
996 3143 1078 3206 atque
1096 3135 1130 3189 ab
1150 3151 1210 3189 asse
1224 3134 1386 3189 discedimus
1405 3148 1453 3186 seu
1472 3130 1507 3185 ad
1525 3140 1621 3199 partes

268 3219 317 3260 sau
337 3207 371 3262 ad
390 3226 516 3268 numeros
534 3215 652 3284 assium,
679 3214 828 3269 deserimur
854 3216 888 3269 ab
912 3215 1019 3283 aequali
1043 3216 1208 3269 incremento
1232 3212 1273 3265 vel
1301 3212 1472 3289 decremento
1492 3210 1619 3277 laterum,

268 3299 330 3338 oum
347 3288 409 3342 oubi
428 3290 528 3346 sintin
546 3292 635 3362 tripla,
655 3294 788 3361 quadrata
805 3294 832 3347 iu
851 3291 936 3361 dupla
953 3294 1130 3363 proportione
1148 3294 1271 3348 laterum.

352 3364 456 3431 Quarto
474 3370 508 3424 de
527 3387 597 3442 aqua
613 3373 727 3428 fontana
745 3373 833 3427 dicam
851 3371 954 3441 aliquid
973 3379 1078 3427 tantum
1096 3370 1223 3426 monendi
1242 3385 1333 3439 eausa,
1353 3376 1485 3438 quantum
1505 3382 1539 3423 ex
1559 3366 1621 3421 aliis

266 3441 364 3499 audiri
400 3446 484 3505 Aiunt
503 3450 581 3515 enim,
598 3450 645 3520 qui
664 3460 749 3504 artem
768 3451 966 3506 distillatoriam
986 3458 1111 3518 tractant,
1129 3449 1208 3504 ualde
1220 3448 1377 3517 inaequales
1389 3463 1448 3501 esse
1457 3446 1484 3500 in
1495 3445 1619 3516 pondere

266 3526 294 3574 et
312 3522 491 3585 crassitudine
515 3529 648 3586 fontanas.
684 3531 721 3584 Et
739 3529 845 3584 videtur
862 3529 964 3598 aliquid
984 3529 1064 3583 etiam
1092 3529 1237 3599 haesurum
1257 3527 1421 3597 parietibus,
1445 3525 1519 3596 quod
1536 3526 1622 3581 ratio·

267 3616 328 3656 nem
345 3600 373 3653 in
392 3603 500 3659 minimo
518 3610 616 3665 turbet.
655 3610 707 3664 Est
731 3613 758 3662 et
781 3609 873 3678 exigui
891 3607 1030 3678 ponderis.
1068 3606 1129 3661 Etsi
1156 3606 1238 3672 igitur
1260 3606 1340 3659 facile
1367 3604 1496 3674 parabilis
1525 3612 1565 3657 est
1594 3612 1623 3657 et

266 3679 351 3734 cuivis
370 3680 456 3753 obvia,
475 3695 503 3742 et
520 3689 584 3744 huie
602 3690 663 3744 usui
682 3688 873 3758 accommoda,
903 3688 949 3742 ubi
968 3687 1057 3755 liquor
1082 3686 1244 3753 requiritur:
1273 3685 1498 3740 considerandum
1527 3693 1622 3738 tamen

265 3759 400 3830 relinquo,
418 3774 574 3832 praestetue
592 3768 631 3823 uti
649 3784 716 3823 auro
735 3768 837 3840 optimo
857 3776 893 3824 et*
908 3767 1072 3837 purissimo?
1108 3767 1168 3821 Hoc
1195 3766 1265 3819 enim
1288 3765 1339 3820 etsi
1361 3763 1476 3820 subinde
1500 3763 1622 3832 amplius

267 3838 394 3909 depurari
412 3849 510 3910 potest,
529 3845 556 3898 id
575 3854 680 3913 tamen,
700 3845 773 3914 quud
792 3847 909 3917 denique
929 3846 1096 3915 detrahitur,
1125 3846 1158 3899 ob
1179 3845 1326 3899 exilitatem
1355 3853 1381 3898 et
1409 3858 1478 3914 pene
1503 3843 1621 3911 aequale

163 3934 174 3943 ‘
266 3919 325 3975 auri
343 3921 502 3990 argentique
520 3924 636 3995 pondus,
655 3925 787 3979 rationem
805 3927 871 3980 nibil
889 3926 990 3981 turbat.
1019 3926 1076 3981 Neo
1095 3925 1161 3979 mibi
1173 3926 1233 3993 quis
1247 3925 1357 3994 objiciat
1369 3924 1518 3991 caritatem,
1536 3923 1622 3990 magi·

266 4007 369 4059 strutus
388 4000 457 4055 enirn
478 4010 533 4070 est,
553 4004 600 4071 qui
616 4005 670 4059 ista
688 4002 835 4073 deliberat,
865 4006 908 4060 cui
935 4003 1030 4071 iuoile,
1058 4006 1110 4060 100
1134 4005 1192 4058 auri
1216 4005 1307 4075 pondo
1334 4003 1461 4073 colligere
1485 4003 1520 4057 ad
1547 4003 1622 4056 hune

266 4097 353 4137 usum.
389 4082 493 4136 Aurum
511 4082 581 4136 enim
608 4099 659 4137 nec
686 4083 740 4137 boe
767 4099 819 4137 usu
837 4100 887 4139 neo
915 4084 1093 4154 depuratione
1111 4084 1276 4153 deperditur.
1314 4085 1360 4139 Sin
1378 4093 1469 4138 autem
1488 4090 1622 4150 superent

269 4158 453 4231 difficultates,
473 4160 657 4228 quaerendum
676 4177 692 4216 a
710 4161 876 4232 metallariis,
896 4180 930 4218 an
950 4162 1042 4233 aliqua
1058 4164 1087 4218 in
1104 4162 1214 4233 plumbo
1228 4172 1275 4218 aut
1293 4171 1405 4235 argento
1417 4163 1477 4216 vivo
1489 4161 1622 4232 ponderis

265 4240 420 4297 constantia
437 4247 570 4310 perpetua
587 4256 637 4310 per
655 4240 744 4296 omnia
762 4240 824 4297 losa
841 4250 869 4299 et
887 4244 1029 4313 tempora?
1065 4242 1102 4296 At
1119 4259 1174 4296 nou
1192 4243 1230 4296 ita
1250 4242 1320 4311 eligo
1343 4241 1453 4297 metalla
1475 4240 1561 4310 dura,
1590 4248 1622 4295 nt

268 4318 350 4389 plane
368 4321 489 4390 rejiciam
507 4320 660 4376 humorem:
687 4336 785 4376 censeo
804 4322 889 4391 enim,
914 4321 972 4376 sine
995 4321 1109 4376 bumore
1127 4337 1177 4391 per
1194 4320 1305 4376 metalla
1322 4321 1390 4376 dura
1408 4319 1530 4388 operari,
1560 4335 1622 4375 esse

211 4414 218 4421 “
265 4413 323 4452 rem
341 4398 536 4454 difficillimam.
572 4400 720 4454 Humorem
746 4398 860 4454 admitto
885 4401 914 4454 in
937 4415 985 4455 sas
1008 4400 1211 4469 reetaugulum,
1239 4407 1270 4454 ut
1291 4398 1430 4453 metallum
1452 4397 1622 4456 irnstulatim

267 4476 342 4546 injici
359 4478 461 4548 possit,
487 4478 573 4533 donee
597 4477 695 4532 humor
719 4478 755 4533 ad
779 4484 884 4533 tantam
902 4484 996 4548 surgat
1014 4478 1199 4549 altitudinem,
1224 4487 1342 4547 quantae
1360 4476 1547 4546 amplitudinis
1565 4495 1622 4534 me·

265 4556 362 4690 puppup:
385 4556 508 4627 rupimus
534 4556 696 4626 ponderare.
743 4558 813 4613 Nam
841 4559 875 4614 de
902 4573 969 4614 auro
995 4573 1080 4626 aquas
1107 4558 1234 4615 sorbente
1261 4556 1355 4612 mount
1380 4570 1441 4612 esso
1468 4557 1622 4628 captiosam

277 4650 294 4690 a
313 4652 331 4690 u
359 4652 395 4689 m.
