3567 5625
721 448 811 510 norm
827 447 956 511 noem
1275 421 1278 428 ’
1444 455 1507 520 ooo
1542 495 1545 500 -

163 635 307 714 comitetur
327 633 435 691 invidia
470 634 547 692 illius
565 648 649 690 cansa
671 628 806 715 estQiu
831 637 868 711 []
893 638 937 709 0¹,
962 628 1100 718 QinA
1123 635 1167 708 d,
1193 627 1231 709 Θ
1254 627 1507 713 ἰιιιιιτίὶίἦ,1ιιι-

160 722 206 791 jus
229 738 313 780 cansa
330 730 374 779 est
391 720 430 797 Θ
449 716 567 802 etQin
584 722 643 778 vll.

247 820 340 876 Habet
360 820 442 877 bomo
467 823 519 878 iste
543 830 668 878 naturam
692 821 866 893 undiquaque
892 824 1024 882 caninum
1067 824 1121 881 list
1144 823 1230 878 instar
1252 819 1343 876 catelli
1366 817 1509 875 domestici

162 896 293 953 delicati.¹
314 901 340 966 1)
359 900 464 970 Corpus
482 906 525 955 est
542 898 622 969 agile,
641 899 754 971 aridum,
773 903 843 958 bene
860 904 1103 972 proportionatum
1138 901 1234 956 Victus
1251 898 1346 969 utiquc
1361 898 1442 966 idem,
1462 898 1507 954 de·

161 976 278 1034 lectatur
295 977 423 1035 rodendis
442 980 559 1049 ossibus,
577 980 651 1036 duris
669 981 748 1050 panis
766 983 873 1049 crustis,
892 987 935 1038 est
951 998 1048 1051 vorax,
1066 981 1124 1036 sine
1142 979 1248 1047 ordine,
1266 985 1298 1032 ut
1316 974 1442 1046 quodque
1461 975 1508 1030 ob-

162 1063 287 1111 uersatur
305 1056 400 1126 oculis,
418 1058 522 1129 arripit.
556 1058 656 1114 Parum
674 1066 761 1128 potat.
796 1060 946 1117 contentus
971 1068 1014 1117 est
1031 1058 1075 1115 rel
1092 1059 1237 1118 vilissimis.
1272 1058 1299 1127 2)
1316 1058 1408 1112 Mores
1426 1055 1508 1111 simil·

159 1133 225 1190 lind
262 1136 382 1192 Primum
399 1137 584 1208 superioribus
601 1145 642 1200 (nt
654 1138 729 1193 canis
741 1137 907 1208 domesticis)
924 1147 1056 1210 perpetuo
1069 1155 1129 1196 sese
1140 1140 1268 1208 insinuat,
1287 1154 1322 1191 ex
1334 1136 1393 1192 aliis
1408 1134 1509 1205 pendet

160 1231 210 1285 per
234 1217 331 1285 omnia,
358 1215 412 1272 illia
435 1217 585 1286 ministrat,
608 1214 663 1271 illia
684 1231 740 1272 uon
761 1216 888 1272 irascitur
915 1219 939 1273 ai
961 1218 1190 1289 reprebendatm,
1218 1217 1291 1272 omni
1312 1214 1392 1270 modo
1415 1214 1508 1279 studes

160 1295 250 1352 redire
267 1296 295 1350 in
312 1296 434 1365 gratiam
469 1296 523 1351 Per
540 1311 571 1351 se
588 1296 678 1350 omnia
695 1297 808 1352 rimatur
824 1296 853 1352 iu
871 1296 1036 1367 disciplinis,
1054 1298 1083 1352 iu
1099 1296 1203 1366 politia,
1220 1295 1249 1350 in
1266 1309 1297 1350 re
1314 1293 1462 1351 domestica
1479 1302 1507 1350 et

160 1372 305 1431 vilissimas
326 1389 432 1444 operas.
466 1374 518 1429 Est
539 1373 567 1427 in
591 1378 724 1444 perpetuo
746 1390 828 1430 cursu
846 1382 874 1430 et
892 1373 1030 1444 quoslibet
1051 1375 1184 1445 quidlibet
1200 1380 1311 1443 agentes
1334 1380 1507 1430 consectatur

161 1452 233 1508 idem
250 1454 356 1523 agendo
381 1461 410 1509 et
434 1453 621 1523 excogitando.
656 1454 709 1509 Eat
729 1453 873 1523 impatiens
891 1455 1102 1511 conuersationis
1119 1461 1148 1510 et
1165 1453 1258 1510 crebro
1276 1455 1305 1508 in
1322 1453 1404 1509 aedes
1422 1454 1507 1508 renti·

160 1538 250 1588 tontes
269 1549 323 1589 uon
341 1549 420 1589 secus
438 1532 540 1589 salutat
557 1549 589 1590 ae
607 1533 689 1590 caum.
725 1533 779 1589 Ubi
797 1534 858 1602 quis
876 1534 901 1588 ei
919 1533 1057 1590 minimum
1075 1532 1167 1604 eripit,
1184 1531 1348 1601 murmurat}
1367 1530 1458 1601 ardet,
1476 1536 1508 1586 ut

162 1611 245 1667 canis.
281 1612 335 1667 Est
351 1618 440 1680 tenax,
459 1612 608 1668 insectator
625 1611 806 1683 quorumlibet
823 1629 907 1684 prave
925 1614 1069 1682 agentium,
1086 1611 1170 1667 latrat
1181 1611 1291 1667 scilicet.
1327 1611 1420 1666 Estet
1436 1604 1506 1663 mo'r·

161 1689 224 1759 dax,
242 1690 355 1747 dicteria
371 1690 521 1760 pungentia
537 1690 621 1747 babet
637 1692 665 1745 iu
683 1697 798 1761 promtu.
833 1691 960 1747 Plurimis
976 1690 1059 1761 igitur
1076 1705 1177 1747 excsus
1194 1697 1238 1746 est
1255 1696 1284 1744 et
1301 1688 1380 1745 abiis
1398 1689 1506 1758 vitatur,

162 1768 212 1825 sed
229 1770 383 1841 superiores
400 1785 492 1826 earum
510 1769 623 1838 habeut,
642 1786 696 1824 uon
713 1785 792 1826 secus
810 1786 843 1826 ac
860 1770 1003 1829 domestici
1018 1772 1120 1828 bonum
1139 1785 1240 1827 canem
1275 1768 1377 1826 Horret
1398 1766 1504 1836 balnea,

161 1849 315 1919 duodones,
343 1849 459 1905 lotiones
484 1855 516 1904 ut
542 1848 625 1905 canis.
667 1848 776 1904 Summa
802 1849 827 1905 ai
853 1848 965 1905 infrenis
991 1850 1131 1907 temeritas
1156 1851 1239 1920 inest,
1266 1863 1363 1918 nempe
1389 1863 1407 1903 a
1433 1838 1506 1924 §in

160 1933 197 2007 [1
234 1937 278 2007 0¹,
308 1929 351 2015 Q
369 1937 398 1992 in
417 1940 453 2005 Δ
477 1937 520 2001 0¹.
557 1937 611 1993 Sed
627 1936 707 2006 juxta
724 1937 795 1994 ritae
813 1953 901 1994 curae.
938 1938 1061 1995 Audacia
1076 1938 1105 1992 lu
1122 1934 1343 2005 vituperioulosa
1358 1934 1440 2003 louge
1458 1935 1506 1990 ab·

158 2033 213 2094 est,
241 2025 338 2095 opinor
363 2026 427 2096 quia
447 2040 502 2082 non
520 2025 555 2083 ad
574 2020 613 2098 Θ
635 2025 773 2094 pertinent
801 2026 831 2088 bi
856 2031 991 2095 aspectus.
1035 2026 1175 2083 Hactenus
1204 2025 1261 2081 lere
1286 2022 1320 2079 de
1346 2023 1505 2092 temeritate,

158 2102 283 2173 audacia,
301 2104 350 2174 ire,
369 2103 517 2174 cupiditate
534 2103 623 2173 deque
639 2102 681 2168 iis,
698 2111 812 2174 propter
828 2120 898 2175 qnae
915 2104 1100 2175 utplurimum
1120 2105 1190 2161 solet
1200 2102 1371 2174 reprebendi.
1407 2103 1505 2157 Dicen-

159 2179 224 2236 dum
244 2182 303 2250 jam
321 2189 364 2238 est
381 2182 415 2238 de
439 2183 472 2237 iis
489 2181 631 2238 affectibus
654 2190 682 2238 et
704 2184 838 2250 moribus,
862 2183 897 2239 ob
915 2198 984 2255 quos
1006 2184 1034 2238 in
1051 2183 1144 2253 aliquo
1170 2198 1255 2240 censu
1271 2191 1326 2252 eat,
1353 2178 1506 2250 cujusmodi

160 2268 224 2317 sunt
241 2260 374 2332 probitas,
401 2260 505 2332 religio,
522 2259 600 2330 tides,
617 2261 755 2332 honestas,
773 2263 915 2332 elegann‘a.
949 2263 1050 2320 Ultimo
1068 2262 1210 2319 dicendum
1230 2262 1283 2318 erit
1299 2261 1333 2316 de
1350 2260 1446 2316 mediis
1462 2258 1506 2313 rol
1556 2289 1559 2298 ι

158 2339 247 2395 mistis
264 2340 426 2410 quibusdam
444 2356 479 2396 ex
496 2347 611 2410 unoque
628 2340 738 2411 borum,
765 2356 802 2397 so.
821 2340 855 2396 de
881 2341 1040 2398 curiositate
1066 2350 1094 2398 et
1118 2341 1195 2397 irrita
1221 2356 1312 2398 rerum
1329 2340 1505 2395 mammarum

158 2418 336 2489 appetitione.

245 2515 332 2584 Igitur
348 2514 475 2572 laudatus
492 2521 535 2570 est
552 2514 587 2572 ob
604 2515 723 2575 indolem
734 2518 833 2576 bonam
849 2518 878 2574 lu
896 2516 1013 2587 pueritia
1030 2517 1289 2589 apraeceptcribus,
1307 2516 1428 2586 quumvis
1447 2521 1505 2570 tum

157 2594 339 2664 pessimorum
356 2602 429 2650 meet
447 2610 551 2649 morum
568 2595 639 2652 inter
656 2596 791 2666 aequales.
828 2598 930 2654 Adulta
944 2596 1001 2667 jam
1015 2595 1159 2667 juveutute
1177 2596 1330 2667 opinionem
1348 2594 1431 2651 babet
1447 2595 1503 2664 pie·

157 2675 232 2742 totis,
250 2671 452 2743 moderationis,
470 2672 628 2744 industriae,
648 2676 683 2731 ob
702 2692 782 2744 quam
800 2676 865 2732 boni
883 2676 907 2732 ei
926 2676 1026 2731 favent.
1057 2676 1117 2732 Hoc
1134 2674 1169 2730 ad
1186 2675 1323 2730 somonam
1340 2671 1459 2744 pertinet
1476 2677 1504 2727 et

157 2751 295 2823 posterius
314 2749 501 2821 explicandum
520 2760 568 2807 est.
597 2755 665 2809 Rem
681 2755 768 2825 ipsam
785 2756 857 2827 quod
877 2756 981 2824 attinet,
1000 2763 1042 2813 est
1058 2756 1105 2813 ille
1123 2754 1231 2828 quidem
1248 2770 1297 2825 per
1315 2768 1345 2809 se
1362 2752 1503 2822 religiosus

158 2832 192 2887 ad
210 2829 432 2901 superstitionem
449 2845 543 2899 usque.
578 2833 650 2889 Puer
668 2836 702 2890 10
719 2851 866 2895 annorum.
885 2851 946 2891 cnm
964 2837 1079 2905 primum
1096 2836 1187 2905 legere
1205 2849 1282 2889 sacra
1299 2832 1396 2902 potnit,
1414 2846 1503 2885 exem.

157 2911 235 2980 plum
252 2908 348 2965 Jacobi
365 2916 393 2965 et
409 2908 549 2966 Rebeccae
565 2910 617 2966 sibi
632 2912 661 2966 in
677 2912 797 2968 ineundo
814 2913 940 2983 coningio
957 2914 1113 2984 proposuit,
1139 2913 1206 2983 logis
1232 2917 1379 2982 praecepta
1396 2925 1503 2967 semare

158 2988 260 3058 uoluit3
287 2986 374 3043 doluit
391 2986 442 3042 sibi
459 2988 495 3043 ob
513 2987 571 3056 jam
589 2989 733 3047 admissam
750 2992 822 3046 vitoe
843 2991 1028 3062 impuritatem
1049 2999 1177 3062 negatum
1193 3005 1254 3047 esse
1280 2988 1438 3059 prophetiae
1455 2988 1503 3043 bo·

157 3084 269 3138 uorem3
298 3083 358 3122 cum
376 3065 440 3135 quid
457 3066 567 3122 sceleris
584 3070 715 3139 patrarit,
744 3070 898 3140 expiatione
925 3077 999 3126 certa
1016 3086 1082 3127 usus
1101 3077 1155 3133 eat,
1178 3084 1232 3138 qna
1249 3068 1300 3124 rite
1317 3067 1504 3125 administrata

158 3143 275 3204 credidit
291 3160 321 3201 ss
337 3144 432 3214 poenis
451 3145 540 3200 eximi.
576 3144 644 3201 Erat
669 3156 760 3203 autem
785 3148 953 3217 quarundam
979 3148 1138 3205 concionum
1164 3147 1294 3204 recitatio.
1330 3148 1428 3204 Preces
1444 3162 1502 3203 res·

156 3226 279 3297 purtints
297 3224 321 3280 si
338 3230 419 3279 nomn
434 3226 531 3279 'somno
556 3233 719 3295 praeventus
737 3227 884 3293 omisisset,
911 3243 989 3284 mane
1009 3244 1071 3284 cum
1093 3227 1232 3284 matutinis
1255 3227 1443 3297 conjungebat.
1478 3227 1502 3282 Δ

156 3305 217 3359 Dec
234 3302 352 3358 maxima
369 3309 397 3358 et
415 3302 517 3372 optima
534 3319 658 3374 quaeque
674 3312 768 3375 petere
784 3305 917 3376 instituit,
942 3308 982 3361 nti
1000 3307 1143 3377 temporali
1160 3323 1190 3363 ae
1208 3305 1309 3362 anxilio
1326 3305 1502 3375 patefaceret,

158 3399 212 3452 qno
237 3390 377 3438 aeternum
400 3380 530 3437 auxilium
554 3383 666 3439 credere
687 3384 775 3454 possit
798 3392 851 3442 etc.
885 3386 928 3440 De
949 3385 1079 3453 religione
1100 3384 1198 3456 cupide
1223 3385 1252 3439 in
1269 3383 1366 3454 vulgus
1385 3383 1501 3439 &merit

157 3461 229 3516 'lum
248 3463 339 3515 antem
357 3467 385 3515 et
402 3476 486 3530 snpra
503 3461 605 3517 dictum
628 3469 684 3532 est,
708 3464 817 3519 virtutis
841 3479 891 3533 per
917 3478 947 3518 se
971 3464 1197 3521 studicmasimum
1220 3478 1290 3520 esse.
1326 3463 1421 3531 Itaque
1447 3463 1502 3517 rita

159 3539 219 3609 ejus
238 3544 313 3593 caret
328 3538 478 3610 insignibus
496 3539 621 3610 maculis,
648 3542 701 3597 nisi
717 3556 788 3612 quae
806 3557 840 3597 ex
862 3542 904 3596 ira
926 3547 954 3597 et
975 3541 1082 3597 lascivis
1106 3550 1187 3611 atque
1205 3541 1411 3597 inconsideratis
1429 3539 1501 3608 jocis

157 3616 332 3689 proueniunt,
359 3618 423 3686 quie
439 3616 480 3671 illi
497 3616 587 3673 adbtm
607 3627 722 3689 regnant
738 3619 812 3690 apud
834 3619 930 3689 ipsum.
967 3618 1052 3675 Senes
1069 3626 1142 3675 amat
1164 3628 1192 3675 et
1209 3619 1286 3689 colit,
1312 3616 1502 3687 gratitudinem

157 3695 249 3751 verbis
266 3700 295 3748 et
312 3710 395 3767 opere
412 3704 521 3752 exercet
538 3705 619 3768 atque
637 3699 718 3755 etiam
735 3706 861 3755 ostentat
890 3696 1083 3754 Moderationis
1100 3699 1239 3755 studiosus
1257 3704 1306 3767 est,
1324 3697 1388 3768 qnia
1405 3712 1501 3753 causas

158 3790 251 3830 rerum
268 3773 411 3844 diligenter
428 3777 564 3847 expendit.
598 3777 668 3832 Nam
686 3776 758 3847 qnod
776 3791 830 3831 nou
847 3775 960 3847 probat,
987 3776 1026 3833 ibi
1047 3782 1076 3832 et
1099 3778 1158 3847 ipse
1175 3792 1256 3837 ,arma
1273 3782 1373 3846 crepat
1407 3775 1452 3830 Ex
1469 3791 1502 3839 e0

156 3853 202 3924 bt,
230 3859 262 3909 ut
279 3869 314 3909 ue
331 3856 419 3913 Deum
437 3855 547 3925 quidem
571 3855 707 3912 existimet
733 3854 892 3924 simpliciter
915 3854 1103 3911 damnaturum
1125 3862 1219 3924 gentes
1238 3855 1345 3911 Ubristo
1368 3868 1423 3909 non
1445 3869 1502 3909 cre·

158 3932 267 3987 dentes:
296 3946 330 3988 ex
348 3949 380 3990 eo
403 3951 497 4007 pacem
520 3935 592 3991 inter
608 3935 779 3991 Lutberanos
804 3941 832 3989 et
849 3933 1009 3992 calvinistes
1032 3936 1142 4007 suadet,
1168 3948 1233 4004 erga
1248 3935 1374 4006 Papistas
1398 3948 1502 4003 aequus

160 4017 204 4068 est
220 4018 250 4067 et
267 4013 430 4081 aequitatem
448 4031 509 4072 eam
526 4013 651 4070 omnibus
668 4012 847 4069 commendat.
1148 4026 1150 4031 ’

245 4109 322 4164 Haec
339 4109 447 4179 quidem
465 4111 555 4166 omnia
573 4125 607 4165 ex
625 4108 720 4165 eodem
743 4106 820 4164 sonte
837 4107 897 4178 qum
915 4108 1025 4179 derivet,
1043 4109 1147 4167 scilicet
1163 4109 1238 4179 quia,
1264 4109 1311 4180 qui
1338 4108 1433 4165 dextre
1456 4107 1502 4177 jn·

159 4185 247 4257 dicat,
267 4189 357 4243 omnia
373 4188 441 4244 baec
457 4189 497 4244 itn
514 4196 623 4258 censet,
646 4190 735 4244 Deum
753 4194 826 4241 amat
844 4192 872 4241 et
888 4187 1054 4256 proximnm3
1080 4189 1128 4246 sed
1146 4196 1238 4245 tamen
1254 4189 1360 4245 uidetur
1376 4187 1503 4244 mollities

159 4265 294 4335 quosdam
311 4266 484 4337 peculiariter
502 4267 659 4339 subingredi
678 4266 766 4322 omnia
788 4266 848 4334 ejus
872 4265 992 4322 consilia.
1027 4265 1106 4322 Unde
1127 4266 1210 4336 igitur
1231 4266 1303 4322 ista?
1338 4265 1407 4321 liam
1422 4264 1502 4320 Ubri·

160 4344 265 4400 stiam
283 4344 396 4401 uirtutes
414 4360 449 4402 ex
466 4347 525 4402 Deo
542 4354 614 4405 suut
651 4346 738 4411 Unde,
759 4346 864 4401 nisiex
885 4336 921 4420 ‘tl
947 4337 1052 4418 anm
1070 4338 1113 4476 q
1130 4345 1279 4402 connexis?
1298 4346 1377 4401 Ueste
1394 4361 1412 4400 a
1429 4335 1455 4420 ᾤ
1474 4344 1502 4398 in

159 4422 196 4496 []
227 4424 253 4486 0'
284 4422 352 4477 nihil
369 4423 423 4479 tale
440 4430 491 4479 est.
525 4424 595 4479 Nam
619 4424 766 4480 humanum
787 4437 849 4479 esse
872 4428 992 4490 oportet,
1020 4422 1066 4492 qui
1107 4438 1160 4478 une
1182 4423 1218 4480 ad
1234 4423 1343 4478 modum
1360 4420 1501 4477 mollescit.

158 4504 203 4556 Au
225 4501 271 4556 bic
293 4500 374 4556 etiam
390 4502 453 4557 Asc
472 4508 499 4556 et
515 4494 558 4580 Q
577 4502 679 4572 aliquid
697 4502 830 4572 possunt?
865 4501 950 4555 Porro
977 4501 1046 4557 baec
1072 4501 1154 4557 nimia
1177 4510 1241 4559 sunt
1264 4507 1292 4556 et
1314 4502 1342 4556 in
1360 4499 1501 4557 stultitiam

160 4580 326 4650 degenerant
348 4578 559 4650 quodammodo,
586 4588 618 4636 ut
642 4589 671 4637 et
691 4579 787 4651 religio
809 4581 837 4635 in
861 4580 1086 4649 superstitionem.
1124 4582 1195 4637 Nam
1217 4589 1245 4638 et
1268 4580 1377 4637 somniis
1399 4579 1501 4635 tribuit

158 4657 237 4716 Unde
254 4657 328 4715 boc?
361 4658 405 4714 An
423 4660 487 4729 quia
503 4650 545 4737 Q
565 4659 593 4714 in
610 4658 672 4714 ΧΠ.
691 4659 817 4727 abjecta?
852 4659 890 4713 Et
907 4658 1028 4728 quamvis
1050 4658 1103 4715 hoc
1123 4659 1162 4715 sic
1185 4660 1221 4715 sit
1241 4660 1270 4714 in
1286 4658 1326 4714 rei
1343 4657 1457 4713 veritate
1474 4664 1503 4714 et

158 4738 285 4795 amnltis
304 4738 386 4795 etiam
403 4738 527 4796 rideatur
545 4736 627 4806 (uude
643 4734 764 4791 nonnihil
782 4743 934 4791 contemtus
952 4738 1011 4805 est),
1029 4737 1165 4795 tamenin
1200 4754 1280 4794 encre
1297 4737 1434 4808 proevalet
1445 4737 1502 4807 opi-

157 4818 204 4873 nio
223 4824 253 4873 et
269 4816 434 4873 existimatio
451 4817 575 4873 honesta.
612 4815 690 4871 Unde
706 4814 783 4870 boc?
817 4815 860 4871 An
878 4815 942 4885 qnia
963 4807 999 4893 ll
1019 4822 1062 4872 est
1078 4816 1106 4871 in
1117 4818 1150 4889 X,
1168 4755 1210 4896 ὦ
1226 4810 1252 4891 Ω
1269 4817 1297 4872 in
1309 4818 1377 4874 Vll?
1394 4817 1503 4874 Fortior

155 4896 252 4970 itaque
270 4894 400 4952 mnaso
417 4893 494 4952 Joris
511 4894 594 4952 uincit
611 4894 810 4967 depressionem
822 4894 925 4952 Lunae.
945 4936 952 4953 .
971 4937 979 4952 .
996 4936 1006 4961 ,.
1026 4935 1032 4950 .
1052 4895 1098 4967 (uti
1115 4898 1245 4970 coquitur.)

1275 5007 1347 5073 et*
