3567 5625
257 391 320 458 tta
856 389 1001 464 sapam

254 567 409 647 simplicia,
432 586 509 646 quaa
530 569 601 630 mihi
624 579 692 631 sunt
706 573 849 633 concinna
870 572 991 631 minima
1006 568 1136 644 dissona,
1159 578 1247 630 tonna
1265 570 1367 647 major,
1390 570 1493 644 minor,
1515 570 1607 630 semi·

175 665 193 696 ⁶
256 659 378 734 tonium,
402 656 508 734 diesis3
538 658 597 718 alia
620 659 683 719 uuit
705 677 770 721 esee
793 678 829 720 ex
851 659 898 719 his
921 660 1100 736 composita,
1135 674 1211 734 quae
1235 675 1290 734 ego
1318 658 1526 718 consonantias
1550 677 1606 738 ap·

254 744 345 822 pello.
390 745 482 821 Atqui
508 747 682 806 sententiam
709 747 785 807 banc
813 755 961 820 veterum,
995 745 1071 823 quod
1094 746 1305 806 consonantiae
1334 755 1546 823 componantur
1569 763 1604 808 er

254 831 420 894 intervallis
439 834 599 894 minoribus
621 843 760 911 tanquam
781 842 887 895 natma
909 833 1066 913 prioribus,
1090 850 1145 909 ego
1160 833 1288 893 relutavi
1310 849 1447 911 expresse
1462 835 1559 910 eapite
1575 837 1604 893 4.

254 921 314 980 nael
335 920 401 980 iibri
423 919 487 993 111,
520 927 653 997 ostenso,
686 920 766 999 quod
795 924 909 982 minora
938 940 954 981 e
982 923 1124 981 contrario
1157 923 1286 980 oriantur
1314 938 1350 980 ex
1377 922 1512 981 consonis
1539 938 1605 982 sese

255 1007 426 1085 majoribus.
446 1013 518 1082 (vl.)
559 1008 659 1071 Tertio
681 1010 756 1071 libro
771 1010 898 1089 explieat
912 1017 1043 1088 systema
1057 1026 1110 1068 seu
1125 1009 1236 1068 scalam
1252 1009 1402 1081 musicam,
1427 1024 1503 1085 quae
1518 1026 1607 1085 prae·

256 1096 345 1174 cipua
366 1114 434 1173 pars
457 1104 502 1155 est
524 1097 582 1156 mei
604 1097 671 1158 libri
693 1098 747 1157 ΙΙΙ.
772 1116 791 1157 a
814 1113 877 1176 cap.
903 1100 932 1156 4.
956 1113 1048 1172 usque
1072 1094 1109 1156 ad
1133 1096 1163 1156 9.
1207 1095 1326 1172 Reliqui
1351 1101 1478 1172 quatuor
1500 1105 1606 1156 aucto·

255 1185 295 1243 ris
317 1183 384 1246 libri
407 1186 509 1262 praxin
531 1184 651 1260 hahent,
673 1201 761 1260 quam
784 1202 839 1260 ago
862 1201 900 1245 ne
921 1186 1033 1261 attingo
1056 1182 1183 1260 quidem.
1228 1183 1303 1243 Nam
1331 1184 1361 1242 iu
1384 1182 1437 1241 1v.
1461 1183 1497 1243 tle
1520 1201 1605 1243 men·

254 1287 324 1331 sura
345 1278 442 1331 tactus
465 1275 589 1348 ejusque
611 1271 704 1333 modia
728 1275 816 1332 variis
839 1280 869 1333 et
890 1271 991 1332 valore
1012 1279 1148 1331 notarum
1170 1287 1220 1348 per
1237 1287 1288 1332 eos
1311 1272 1461 1349 praecipit,
1486 1270 1522 1331 de
1544 1289 1605 1348 qun

256 1375 313 1435 ego
335 1357 463 1438 paucula
484 1357 536 1418 lib.
558 1358 612 1421 Ili.
636 1377 700 1437 cap.
727 1361 774 1420 15.
807 1367 836 1419 et
856 1359 908 1420 lib.
931 1359 984 1419 ΙΙΙ.
1008 1376 1071 1437 cap.
1097 1360 1126 1419 3.
1150 1361 1237 1432 (Ἧι)
1278 1358 1314 1418 ln
1336 1357 1374 1417 V.
1404 1356 1494 1418 habet
1515 1377 1605 1437 prae-

193 1479 204 1492 ·
259 1452 346 1523 cepta
374 1447 581 1522 compositoris
611 1455 714 1508 cantas
735 1446 867 1525 figurati,
898 1464 986 1524 quam
1008 1455 1102 1508 artem
1132 1464 1189 1524 ego
1220 1462 1278 1507 non
1301 1445 1447 1526 profiteor.
1491 1445 1525 1505 In
1550 1448 1604 1507 VI.

256 1535 382 1594 excurrit
404 1536 493 1594 etiam
515 1533 555 1594 ad
577 1536 659 1595 varia
680 1537 873 1596 inshnmeuta
893 1535 1020 1609 musica,
1051 1533 1087 1595 de
1110 1535 1217 1611 quibus
1240 1550 1296 1611 ego
1324 1550 1361 1594 ne
1384 1535 1512 1609 cogitavi
1536 1537 1605 1612 qui·

258 1619 334 1681 dem.
380 1621 414 1680 In
436 1620 507 1680 vll.
531 1622 656 1700 deniqne
678 1640 788 1683 novum
810 1625 1034 1682 instrumentum
1056 1623 1119 1699 ipse
1141 1625 1245 1699 aperit
1262 1627 1351 1694 (vnn)
1391 1619 1493 1681 inuis
1515 1625 1606 1699 igitur

259 1710 278 1767 l
300 1710 456 1785 postremis
478 1707 528 1768 ille
550 1711 593 1770 sic
615 1728 635 1770 a
655 1728 702 1771 me
725 1710 828 1784 differt,
851 1717 885 1768 ut
906 1712 1051 1788 practicus
1074 1709 1281 1783 atheoretico,
1304 1727 1371 1768 nam
1386 1724 1439 1786 pro
1454 1726 1499 1783 eo,
1523 1710 1604 1788 quod

257 1797 322 1873 ipse
346 1796 432 1856 docet
454 1812 628 1875 componere
650 1797 743 1859 melos
764 1797 890 1876 plurium
914 1814 1029 1870 vocum,
1054 1813 1110 1872 ego
1132 1796 1393 1858 demonstrationes
1414 1796 1605 1859 mathemati-

260 1900 312 1942 cas
334 1887 476 1945 concinno
499 1885 711 1964 plerorumque,
734 1903 812 1962 quae
835 1884 1003 1946 naturaliter
1025 1887 1123 1944 insunt
1146 1887 1175 1943 in
1199 1892 1369 1945 cantatam
1385 1881 1494 1943 chorali
1515 1903 1606 1963 quam

256 1968 392 2048 figurato.
406 1975 474 2046 (ΙΙΙ.)
508 1971 668 2050 Propterea
689 1974 777 2034 etiam
800 1975 828 2031 in
851 1974 945 2049 ipsius
967 1989 1054 2050 opere
1074 1971 1216 2048 plurimae
1233 1979 1302 2032 sunt
1315 1973 1463 2049 picturae3
1486 1974 1515 2030 in
1538 1992 1605 2035 rneo

260 2056 474 2136 diagrammata
501 2060 708 2122 mathematica
733 2061 825 2120 literis
855 2063 1006 2132 instructa.
1025 2065 1085 2134 (a.)
1126 2059 1237 2119 Videas
1259 2061 1363 2139 eham,
1387 2049 1488 2135 ipsum
1511 2059 1606 2138 pluri·

260 2161 339 2206 mum
363 2145 500 2208 delectari
525 2164 618 2207 rerurn
641 2149 856 2226 aenigmatibus
878 2147 1041 2208 tenebrosis
1048 2190 1056 2223 ,
1088 2162 1154 2206 cum
1177 2164 1233 2223 ego
1255 2165 1302 2207 res
1324 2150 1404 2224 ipsas
1426 2145 1605 2211 obscuritate

258 2231 407 2296 involutas
429 2235 459 2293 in
481 2233 576 2296 lucem
600 2235 765 2297 intellectus
787 2235 914 2313 prolerre
937 2238 1022 2299 nitar.
1066 2233 1144 2294 Illud
1167 2234 1285 2313 quidem
1308 2234 1450 2295 familiare
1474 2237 1606 2316 estcby·

264 2321 363 2395 micis,
387 2320 567 2398 hornotinis,
591 2323 802 2398 Paranelsietis,
824 2324 882 2383 boe
903 2321 1052 2402 pr'oprinm
1071 2317 1184 2383 habent
1204 2321 1412 2382 mathematici.
1434 2328 1502 2396 (xl.)

347 2407 491 2487 Adeoque
518 2413 606 2471 etiam
628 2409 711 2472 libris
732 2412 772 2471 ΙΙ.
796 2419 825 2472 ot
846 2410 907 2487 ΠΙ,
941 2412 992 2471 ubi
1024 2410 1147 2472 eandem
1177 2427 1291 2470 mecam
1318 2418 1423 2474 tractau
1444 2413 1606 2486 materiam,

260 2494 318 2557 boe
340 2495 514 2558 discriminis
536 2506 581 2558 est
603 2501 766 2572 internos,
799 2497 879 2575 qnod
901 2516 978 2577 quae
1001 2502 1063 2577 ipse
1086 2500 1255 2558 uanssnmit
1276 2516 1296 2558 a
1317 2499 1479 2571 veteribus,
1510 2515 1606 2576 egoo

254 2599 353 2643 rerum
375 2592 480 2646 natura
502 2602 572 2646 eruo
594 2595 624 2647 st
646 2587 685 2647 ab
707 2588 779 2665 ipsis
802 2585 997 2646 laudamentis
1019 2586 1184 2661 constitum
1208 2588 1289 2662 ipse,
1319 2603 1396 2663 quae
1415 2589 1546 2663 accepit,
1571 2604 1607 2646 ea

258 2671 380 2732 coninua
404 2667 538 2753 (propter
569 2675 717 2734 rmiantes
744 2672 921 2734 tradentium
942 2668 1118 2754 sententias)
1141 2681 1170 2734 et
1199 2674 1362 2733 incorrecta
1384 2681 1520 2750 usurpat,
1550 2692 1605 2750 ego

258 2757 385 2825 naturali
409 2759 510 2820 ordine
533 2760 674 2839 procedo,
704 2768 736 2821 nt
758 2763 857 2821 omnia
877 2761 1037 2823 secundum
1064 2758 1145 2839 leges
1168 2768 1290 2822 naturae
1311 2764 1370 2821 sint
1392 2759 1549 2822 emendata
1578 2769 1608 2822 et

261 2845 393 2911 confusio
416 2849 540 2924 vitetur,
573 2848 706 2925 adeoque
735 2849 913 2924 nequidem
942 2848 979 2908 ad
1003 2858 1135 2910 veterum
1157 2849 1268 2926 placita
1296 2848 1412 2927 applico
1437 2853 1616 2923 constituta,¹

259 2932 314 2991 nisi
337 2933 388 2993 ubi
411 2934 544 2994 conlusio
566 2932 648 2996 nulia
670 2937 809 3012 seqnitur.
826 2941 906 3009 (xli.)
942 2936 1004 3010 Ita,
1036 2938 1087 2997 ubi
1119 2953 1176 3013 ogo
1205 2944 1319 2998 veteres
1346 2955 1483 3014 expresse
1511 2939 1606 2998 relato

260 3016 296 3078 tls
318 3022 415 3079 causis
438 3020 709 3082 concordantiamm
732 3022 917 3101 disserentes,
939 3024 981 3084 ibi
1003 3022 1054 3085 ille
1075 3032 1191 3086 retusa
1213 3027 1287 3084 citra
1297 3024 1490 3086 dubitationis
1510 3024 1608 3086 aleam

261 3108 402 3181 sequitur,
426 3105 463 3168 de
486 3111 583 3168 causis
605 3109 767 3170 verioribus
787 3126 825 3167 ne
848 3111 960 3184 cogitat
981 3110 1108 3186 quidem.
1123 3118 1214 3185 (xlia)
1260 3111 1325 3174 Uno
1342 3114 1441 3185 verbo,
1465 3115 1494 3171 in
1518 3113 1609 3175 disci·
1712 3178 1714 3185 ‚

260 3191 341 3270 plina
363 3193 532 3255 harmonica
554 3195 626 3255 alter
648 3199 790 3258 musicam
818 3199 881 3274 agit
904 3196 1037 3259 vocalem
1064 3208 1094 3259 et
1116 3201 1380 3275 instrumentalem,
1412 3200 1487 3260 alter
1508 3201 1610 3280 philo·

259 3279 384 3357 sopburn
407 3290 438 3342 ot
458 3282 704 3347 mathematicum.

348 3366 419 3428 Jam
441 3369 478 3430 ad
501 3369 625 3431 altorum
647 3371 774 3431 auctoris
795 3369 892 3432 locum
917 3380 1113 3446 uanaeamus,
1146 3372 1195 3433 ubi
1224 3376 1364 3433 musicam
1388 3373 1436 3434 ille
1466 3375 1496 3432 in
1520 3393 1609 3434 mun-

262 3453 332 3515 dam
355 3455 522 3517 introducit
565 3457 624 3518 Hic
644 3475 715 3519 vero
738 3460 863 3519 immane
886 3469 1027 3536 qnantum
1051 3462 1193 3521 internos
1209 3460 1361 3521 discrimen
1379 3471 1433 3522 est
1477 3462 1611 3523 Primum

261 3560 336 3618 qaas
357 3542 407 3605 ille
429 3543 595 3605 harmonias
625 3545 730 3606 ducere
759 3545 899 3621 intendit,
930 3564 984 3607 eae
1005 3556 1074 3607 sunt
1103 3550 1176 3609 meri
1203 3549 1402 3624 symbolisrnr,
1434 3548 1470 3609 de
1498 3552 1610 3625 quibus

260 3629 339 3690 idem
362 3631 446 3706 dico,
478 3631 615 3709 quotide
637 3630 837 3712 symbolismis
859 3634 1035 3708 Ptolemaei,
1066 3637 1198 3709 politicos
1219 3638 1319 3713 potius
1342 3654 1407 3697 esse
1433 3643 1485 3696 aut
1507 3646 1612 3699 orato-

263 3718 331 3791 rios,
354 3736 443 3795 quam
465 3719 686 3798 philosophicos
709 3728 760 3781 ant
775 3720 1006 3782 mathematicus
1023 3727 1111 3792 (xlv.)
1150 3722 1234 3783 Haec
1250 3725 1348 3783 anima
1364 3732 1409 3784 est
1423 3726 1514 3783 totius
1529 3726 1611 3785 illius

261 3806 366 3882 operia,
389 3815 422 3865 ut
444 3805 493 3867 rel
514 3825 551 3867 ex
572 3807 659 3868 titulo
681 3817 764 3885 patet
785 3808 978 3870 Macrooosmi
1001 3819 1030 3870 et
1045 3807 1239 3870 Microcosmi.
1283 3811 1358 3871 Nam
1376 3814 1405 3870 in
1420 3820 1498 3872 tomo
1515 3813 1611 3873 altero

260 3889 457 3954 demonstrare
486 3896 587 3970 procnl
612 3894 703 3956 dubia
732 3896 862 3956 intendet
889 3896 990 3956 nobile
1013 3893 1086 3955 illud
1117 3897 1230 3971 mama,
1260 3901 1351 3959 totins
1380 3899 1479 3959 mundi
1508 3905 1613 3977 magni

261 3980 448 4056 omniumque
476 3981 540 4056 ejus
567 3984 693 4059 partium
724 3982 805 4044 ideas
828 3987 945 4062 reperiri
976 3986 1005 4043 in
1027 3983 1155 4044 homine.
1199 3985 1283 4046 Haec
1313 3987 1417 4047 eadem
1442 3989 1542 4048 anima
1565 3998 1614 4049 est

262 4074 292 4124 et
314 4067 398 4143 primi
420 4071 502 4147 tomi,
525 4072 595 4144 qnia
618 4077 711 4130 totum
733 4070 872 4130 mundum
896 4071 1044 4132 distribuit
1065 4073 1095 4129 in
1119 4080 1176 4132 tres
1198 4074 1348 4149 regiones,
1374 4075 1426 4134 ubi
1446 4075 1614 4137 secundum

263 4151 522 4214 celebratissimum
556 4155 626 4216 iilud
649 4156 795 4219 Hermetis
822 4162 941 4219 axioma
966 4177 1079 4235 rupere
1098 4160 1212 4219 nmilia
1240 4178 1291 4221 seu
1314 4160 1443 4239 analoga
1464 4163 1535 4223 iacit
1558 4167 1614 4223 in·

256 4240 339 4316 scria
384 4240 466 4303 Haec
498 4260 567 4303 vero
595 4243 734 4322 analogia
756 4254 787 4305 ut
809 4265 862 4323 per
884 4250 983 4306 omnia
1008 4245 1164 4322 succedat,
1194 4265 1283 4325 saepe
1305 4248 1432 4308 crinibus
1465 4249 1615 4313 trahenda

259 4335 336 4402 sunt,
360 4343 437 4404 quae
460 4333 595 4408 utrinqne
617 4339 829 4411 comparantur.
847 4337 924 4402 (xv)
955 4333 1025 4393 Mea
1046 4333 1083 4394 de
1105 4335 1250 4411 analogiis
1272 4338 1419 4396 sententia
1440 4356 1477 4397 ex
1492 4337 1614 4415 digras-

258 4414 341 4476 sione
370 4417 399 4472 in
432 4419 512 4478 calce
535 4421 591 4480 mei
613 4418 679 4479 libri
702 4420 758 4481 ΠΙ.
790 4428 885 4498 patet3
918 4423 1051 4480 nimirum
1082 4424 1137 4482 etsi
1167 4422 1307 4499 analogia
1334 4427 1555 4502 proportionum
1580 4430 1615 4486 in

259 4503 442 4578 geometricis
464 4505 587 4565 lormale
609 4507 680 4582 quid
703 4517 757 4582 est,
780 4515 915 4585 respectu
938 4510 1030 4586 ipsius
1045 4511 1185 4570 materiae
1206 4514 1421 4586 quantitativae
1436 4512 1614 4576 indefinitae

259 4598 288 4649 et
309 4590 565 4666 indeterminatae,
593 4602 689 4655 tamen
712 4604 846 4672 respectu
868 4598 1090 4673 proportionum
1113 4597 1345 4659 harmonicarum
1366 4600 1528 4661 materialis
1552 4620 1616 4680 po-

259 4678 316 4736 tins
337 4678 456 4739 affectio
479 4690 578 4757 potest
599 4681 714 4753 baberi,
744 4685 813 4759 quia
837 4700 903 4745 curo
927 4683 1113 4744 harmonicae
1141 4688 1346 4763 proportiones
1378 4696 1487 4748 certam
1511 4707 1616 4766 quan-

261 4767 373 4825 titatem
398 4766 546 4841 definiant,
569 4767 724 4845 analogiae
748 4777 848 4829 contra
879 4788 911 4830 se
935 4772 1006 4848 ipsis
1028 4772 1058 4830 in
1081 4772 1225 4833 inlinitum
1248 4791 1399 4837 excurrere
1427 4784 1497 4837 sunt
1519 4787 1616 4856 aptae

257 4857 287 4911 et
307 4854 351 4913 sic
371 4855 558 4916 materialem
580 4855 732 4919 infinitatis
754 4858 939 4920 ausonensis
961 4868 1138 4937 supponunt.
1268 4858 1270 4861 ’
