3567 5625
658 353 742 418 eder
759 350 790 417 V.
809 362 899 432 (laput
916 351 964 419 IX
1444 369 1505 433 307

160 545 238 593 tavae
259 537 290 606 ¹1,
306 536 464 606 ment,
495 552 583 606 neque
604 536 639 594 ad
656 537 779 606 proxima
802 537 915 594 minoris
939 537 1065 608 diapente
1085 535 1116 605 Ἰ,
1134 538 1288 607 angustiam,
1309 525 1507 607 centaureae

160 617 229 672 llam
248 615 300 670 etsi
316 631 410 671 rernm
428 623 484 685 est,
509 615 582 685 quod
600 615 653 670 duo
671 615 810 685 planetae,
835 616 967 672 facientes
991 618 1118 687 diapente
1140 619 1369 686 converrentibus
1387 630 1509 680 motuum

160 694 349 759 extremis,⁸et
366 694 497 764 diapason
516 694 731 764 divergentlbus,
757 696 839 752 iidem
858 696 940 764 etiam
958 696 1158 767 sextaslacere
1180 704 1208 751 et
1229 699 1269 752 sic
1286 697 1374 753 diesin
1401 718 1509 773 quoque

159 787 300 842 permeare
319 773 437 841 possint,
456 780 485 826 at
502 773 555 826 hoc
573 788 627 832 non
644 775 780 831 redoleret
797 775 963 850 singularem
980 773 1176 846 prouidentiam
1194 774 1363 832 ordinatoris
1381 787 1509 835 motuum

160 850 251 904 Diesis
269 851 347 914 enirn,
364 850 504 904 minimum
521 852 730 924 intervallorum,
749 861 887 924 potestate
905 854 993 909 latens
1005 854 1032 907 in
1046 847 1192 922 majoriBus
1205 854 1338 924 omnibus,
1357 860 1427 925 quae
1439 873 1510 916 com·

159 928 366 997 prehenduutur
383 927 416 982 ab
435 930 561 983 extremis
579 939 708 1000 motuum,
726 934 787 1003 ipsa
796 941 951 1001 permeatur
969 932 1077 1001 quidem
1095 940 1159 987 tuuc
1177 932 1323 988 amotibus
1336 927 1511 1006 intermediis,

161 1007 291 1061 continua
321 1008 446 1062 tensione
475 1009 597 1074 variatis,
620 1019 649 1064 at
676 1027 731 1065 non
754 1013 949 1068 determinatur
973 1012 1007 1065 ab
1034 1027 1127 1082 eorum
1153 1013 1294 1080 extremis,
1321 1029 1382 1068 cum
1405 1002 1512 1085 semper
1541 1049 1543 1056 ι

159 1083 248 1138 minor
263 1084 300 1139 sit
316 1101 382 1154 pars
399 1093 466 1155 toto,
485 1086 569 1141 diesis
587 1087 691 1142 scilicet
707 1088 849 1146 intervallo
868 1091 971 1159 maJo're
989 1090 1036 1160 ³!4,
1056 1090 1129 1161 qnod
1141 1100 1184 1145 ast
1199 1090 1271 1146 inter
1282 1094 1313 1162 Ἰ,
1331 1100 1359 1148 et
1374 1095 1417 1164 ¹l2,
1437 1096 1511 1165 quod

159 1160 246 1217 totum
263 1178 281 1217 a
296 1170 419 1219 motuum
437 1166 564 1222 extremis
583 1166 756 1223 determinari
774 1169 818 1223 hie
835 1177 990 1238 poneretur.
1059 1191 1060 1194 ¹

245 1255 470 1338 Proposltlo
491 1258 611 1318 XXIV.
656 1259 799 1320 Plauetae
822 1260 898 1340 duo,
922 1264 971 1337 qui
994 1269 1106 1321 mutant
1127 1280 1219 1338 genus
1243 1263 1427 1338 harmoniae,
1452 1266 1510 1326 dis-

160 1340 311 1424 lerentiam
333 1350 514 1422 propriarum
537 1350 757 1428 proportionum
780 1350 855 1407 iuter
877 1355 1009 1422 motuum
1032 1343 1171 1424 extrema,
1200 1350 1307 1410 debent
1328 1352 1424 1419 lucere
1448 1353 1512 1413 die·

160 1430 219 1504 sin,
251 1441 280 1490 et
305 1437 391 1492 unius
420 1437 536 1511 propria
563 1435 712 1513 proportio
742 1435 831 1496 debet
858 1452 922 1508 esse
951 1437 1046 1512 major
1068 1437 1161 1512 diesi;
1194 1438 1512 1515 debentquemotibns

160 1516 282 1594 apheliis
305 1520 401 1581 lacere
422 1530 571 1582 sextarum
595 1541 696 1598 urtam,
719 1523 880 1602 periheliis,
896 1523 1051 1600 reliquam.

244 1620 314 1676 (ium
330 1621 402 1678 euim
419 1630 542 1677 extrema
559 1630 681 1677 motuum
700 1622 767 1678 duas
788 1621 891 1678 iaciant
908 1623 1077 1692 harmonias,
1100 1622 1269 1696 unicakdiesi
1287 1623 1458 1694 differentes,
1484 1624 1513 1679 id

160 1706 250 1768 potest
267 1701 327 1756 lieri
344 1703 505 1772 tripliciter:
529 1710 577 1757 aut
594 1702 682 1770 enim,
702 1709 732 1758 ut
750 1704 830 1758 unias
853 1703 982 1772 planatae
999 1709 1091 1757 motus
1108 1708 1217 1756 maneat
1234 1712 1377 1774 constans,
1401 1703 1513 1759 alterius

161 1777 278 1833 varietur
295 1796 345 1849 per
363 1781 465 1852 masin,
483 1789 531 1837 aut
550 1790 581 1837 ut
598 1789 712 1852 uterque
731 1783 850 1839 varietur
867 1799 917 1852 par
935 1783 1075 1850 semissem
1094 1781 1200 1838 dmsaos
1212 1781 1369 1853 radantque
1385 1784 1433 1851 -³l,.
1452 1798 1513 1838 sex·

161 1862 213 1909 tam
231 1858 372 1927 majorem,
391 1860 499 1930 quando
518 1862 643 1931 superior
660 1869 704 1918 est
720 1861 887 1936 inaphslio,
906 1861 1018 1936 inferior
1035 1859 1063 1914 in
1080 1858 1226 1928 periheli03
1250 1875 1284 1914 ex
1302 1861 1335 1916 iis
1354 1864 1450 1931 spatiis
1467 1861 1514 1918 e'x.

161 1951 240 1991 aaran
257 1935 340 2008 iacto,
359 1939 410 1994 sibi
427 1948 522 1995 mutuo
540 1940 688 2010 obviantes,
707 1942 831 2010 superior
848 1957 936 2011 usque
953 1942 981 1996 in
999 1939 1169 2008 partialium,
1192 1939 1349 1996 interioria
1366 1943 1514 2012 apheliam,

160 2015 261 2069 inciam
280 2018 326 2083 Ἄ,
349 2024 454 2072 sextam
472 2017 616 2090 minorem
635 2028 683 2075 aut
701 2019 817 2090 denique
835 2028 867 2075 ut
880 2033 951 2073 unus
968 2018 1054 2073 altero
1073 2016 1135 2087 plus
1154 2018 1241 2072 variet
1259 2025 1361 2074 motum
1381 2036 1462 2076 suum
1480 2024 1514 2078 ab

162 2093 268 2162 aphelio
286 2095 315 2147 in
331 2094 494 2163 perihelium
512 2097 601 2166 utque
619 2113 748 2154 excessus
761 2098 842 2153 unius
856 2098 972 2162 dieseos,
992 2097 1072 2152 etsie
1090 2104 1168 2151 sexta
1181 2096 1267 2165 major
1279 2098 1315 2153 sit
1329 2099 1402 2155 inter
1409 2111 1515 2156 utrum·

162 2185 213 2241 que
230 2170 383 2243 aphelium,
407 2183 486 2228 sexta
505 2175 592 2230 minor
616 2177 688 2231 inter
705 2184 852 2243 utrumque
870 2176 1040 2246 perihelium.
1077 2176 1183 2229 Primus
1201 2191 1265 2230 uero
1287 2178 1384 2234 modus
1402 2175 1456 2235 uon
1475 2186 1517 2235 est

162 2248 311 2318 maritimum
337 2260 412 2308 esset
434 2256 506 2310 euim
528 2255 597 2311 alter
614 2255 712 2312 horum
729 2257 901 2325 planetarum
925 2255 984 2311 sine
1009 2254 1224 2323 eccantrieitate,
1252 2266 1347 2312 eontra
1364 2259 1472 2314 axioma
1489 2260 1516 2315 4.

163 2328 238 2384 Alter
255 2329 353 2387 modus
371 2333 459 2389 minus
477 2335 592 2402 pulcher
608 2335 661 2391 init
679 2344 707 2391 et
724 2337 813 2391 minus
831 2336 1004 2404 commodus;
1021 2335 1110 2388 minus
1123 2334 1245 2403 pulcher,
1265 2335 1329 2406 quia
1346 2337 1435 2392 minus
1453 2337 1515 2392 har·

164 2411 298 2474 monicus,
318 2411 433 2467 duorum
452 2414 524 2468 enim
541 2414 712 2482 planetarum
729 2416 857 2484 propriae
869 2421 992 2468 motuum
1002 2411 1194 2481 proportiones
1204 2411 1320 2469 inissent
1330 2415 1534 2471 inconcinnae·
1614 2429 1617 2448 ¹

163 2508 224 2546 nam
240 2492 433 2548 inconcinnum
451 2501 501 2560 est,
521 2493 650 2564 quicquid
669 2502 711 2549 est
729 2495 797 2550 dissi
814 2495 918 2558 minua
939 2499 1063 2563 praestat
1080 2506 1155 2557 sero,
1174 2509 1257 2547 unum
1275 2491 1363 2548 solum
1381 2492 1517 2561 planetam

165 2569 216 2625 hae
232 2570 549 2642 inconciuneparvitate
571 2573 710 2644 laborare;
740 2575 805 2645 quin
823 2590 858 2629 ne
876 2574 936 2629 tieri
954 2570 1062 2642 quidem
1081 2570 1185 2638 potuit,
1212 2571 1276 2639 qnia
1294 2571 1408 2625 extremi
1425 2567 1516 2626 motus
1556 2602 1559 2612 ·

164 2648 216 2704 hoc
232 2657 316 2719 pacto
335 2653 510 2708 ahemasssnt
526 2668 544 2707 a
560 2652 629 2708 locis
647 2654 802 2723 systematis
821 2668 869 2708 seu
889 2651 1013 2706 claribus
1032 2649 1121 2705 scalae
1139 2650 1272 2720 musicae,
1297 2660 1394 2707 eontra
1410 2668 1452 2720 pr.
1472 2652 1515 2707 22.

168 2729 261 2784 Minus
280 2729 363 2784 etiam
381 2731 538 2785 commodus
555 2731 669 2798 luisset,
694 2732 758 2802 quia
777 2739 872 2786 sextae
891 2731 945 2785 illis
963 2728 1152 2785 tantummodo
1170 2730 1314 2785 momentis
1332 2729 1511 2798 contigissent

165 2809 265 2877 quibua
284 2809 409 2880 planetae
422 2808 545 2867 'fussent
561 2811 590 2866 in
607 2811 751 2867 contrariis
769 2809 926 2882 apsidibus;
945 2808 1021 2865 nulla
1037 2806 1137 2862 fuisset
1154 2807 1283 2878 latitudo,
1301 2826 1351 2880 per
1368 2825 1449 2877 quam
1466 2808 1519 2865 hae

164 2898 262 2947 sexus
285 2898 314 2944 et
336 2890 374 2945 sic
398 2891 565 2947 universales
583 2891 740 2947 harmoniae
758 2893 908 2948 secandum
932 2907 979 2946 eae
997 2889 1154 2956 contingere
1176 2891 1342 2961 potuissent3
1365 2891 1520 2946 rarissimae

165 2972 250 3041 igitur
267 2969 398 3026 lnissseut
415 2962 581 3026 uniuersales
599 2972 768 3040 harmoniae,
794 2972 862 3027 loeis
880 2973 1052 3041 planetarum
1071 2965 1193 3023 omnibus
1217 2968 1252 3023 ad
1271 2977 1408 3025 cartorum
1431 2970 1459 3024 in
1477 2984 1520 3025 or·

166 3050 231 3105 bitis
249 3050 307 3106 suis
326 3057 354 3104 et
371 3049 512 3107 unicorum
529 3058 694 3120 punctorum
711 3051 853 3119 angustias
871 3049 1003 3118 redactis3
1023 3058 1119 3108 conma
1130 3052 1238 3105 mama
1252 3052 1293 3106 19.
1330 3051 1429 3115 Restat
1439 3050 1521 3118 igitur

165 3129 265 3185 modus
282 3130 395 3200 tertius,
413 3138 445 3186 nt
460 3139 575 3200 uterque
593 3129 702 3200 quidem
719 3129 889 3198 planetarum
907 3145 987 3184 suurn
1004 3131 1143 3201 proprium
1160 3128 1247 3184 variet
1256 3136 1367 3200 motum,
1386 3129 1435 3184 sed
1452 3127 1523 3184 alter

167 3211 257 3265 altero
275 3210 338 3279 plus
355 3225 406 3281 per
422 3228 504 3267 unam
520 3211 670 3281 perfectam
689 3208 777 3264 diesin
794 3208 829 3266 ad
846 3208 994 3263 minimum.

257 3302 475 3382 Propositio
498 3302 602 3362 XXV.
647 3301 845 3375 Planetarum,
869 3318 962 3376 genus
985 3301 1156 3361 harmoniae
1177 3302 1366 3374 mutantium,
1385 3258 1522 3379 superior

169 3389 262 3451 debat
294 3393 401 3452 babere
429 3392 646 3469 proportionem
677 3398 808 3448 motuum
840 3390 1029 3466 ,propriorum
1067 3390 1206 3450 minorem
1234 3394 1303 3448 tono
1335 3405 1427 3464 parvo
1454 3382 1521 3473 Ἀθ,

166 3479 291 3539 inferior
312 3495 382 3539 vero
404 3483 544 3540 minorem
567 3479 720 3539 semitonio
748 3472 830 3561 ¹⁶lm.

209 3595 214 3618 ³
243 3580 315 3636 Nam
333 3590 381 3636 ant
392 3580 507 3652 apheliis
525 3579 643 3635 motibus
661 3578 764 3634 facient
783 3580 829 3647 is„
848 3583 897 3633 aut
914 3575 1065 3648 periheliis,
1082 3590 1133 3644 per
1149 3573 1334 3644 praemissum.
1370 3573 1433 3628 Non
1450 3575 1523 3645 peri·

168 3662 263 3732 heliis,
285 3669 358 3717 esset
375 3661 446 3716 enim
464 3654 531 3716 tun'c
548 3658 717 3729 apheliorum
735 3661 856 3710 motuum
875 3658 921 3725 ll„
945 3654 1057 3709 inferior
1074 3652 1157 3721 igitur
1174 3668 1229 3707 una
1247 3652 1314 3706 diesi
1332 3652 1393 3721 plns
1411 3652 1524 3710 haberet

165 3744 199 3799 in
217 3741 395 3813 proportione
412 3740 523 3810 propria
541 3752 622 3806 quam
641 3737 778 3806 superior,
804 3734 986 3805 pereundam
1003 3732 1191 3802 praemissam«
1225 3730 1257 3785 Id
1281 3746 1346 3785 uero
1369 3738 1411 3785 est
1429 3741 1524 3788 corn-a

166 3824 282 3879 axioma
301 3821 342 3876 10.
376 3818 494 3875 Faciunt
509 3818 593 3886 igitur
610 3814 724 3885 apheliis
739 3814 770 3883 Ἰ,
788 3812 927 3882 periheliis
940 3813 973 3878 ⁵1„
990 3814 1088 3883 minus,
1107 3827 1188 3882 quam
1196 3810 1252 3866 illic
1264 3825 1314 3880 per
1328 3810 1390 3879 ⁹⁴12,
1421 3809 1523 3879 Quodsi

167 3902 276 3973 aphalii
292 3900 382 3957 mot'na
399 3898 504 3955 iaciunt
520 3903 626 3953 sextam
645 3895 740 3950 duram
758 3893 800 3962 ll„
819 3909 884 3964 ergo
903 3893 1050 3962 superioris
1070 3891 1195 3963 aphelius
1217 3905 1279 3945 curn
1302 3888 1437 3944 inferioris
1454 3887 1524 3958 peri·

165 3981 246 4038 helio
264 3981 347 4037 faciet
363 3978 426 4048 plus
444 3994 527 4048 qnam
551 3985 656 4031 sextam
675 3973 784 4043 duram,
811 3972 922 4042 adjiciet
936 3973 1005 4027 enim
1022 3970 1135 4026 inierior
1152 3975 1237 4024 totam
1258 3967 1396 4038 propriam
1412 3984 1524 4038 propor-

165 4062 284 4117 tionem.
319 4058 425 4114 Eodem
443 4056 537 4123 ruodo,
556 4056 579 4109 si
596 4053 722 4124 perihelii
739 4061 829 4108 motus
847 4052 950 4107 luoiunt
968 4059 1073 4106 sextam
1092 4049 1200 4104 mollem
1218 4047 1438 4122 immemoris
1454 4047 1525 4116 peri·

165 4140 264 4199 laelius
283 4148 311 4196 et
328 4137 462 4199 inferioris
481 4135 604 4207 aphelius
622 4133 724 4189 facient
740 4134 829 4187 minus
848 4148 929 4201 quam
947 4139 1053 4186 sextam
1070 4128 1195 4197 mollem3
1220 4124 1309 4181 aufert
1327 4126 1396 4179 enirn
1415 4125 1526 4181 inferior

164 4226 260 4276 totam
286 4235 364 4275 sunm
385 4216 523 4289 propriam
548 4213 759 4285 proportionem.
804 4211 908 4279 Quodsi
936 4209 1071 4265 inferioris
1095 4205 1235 4278 proportio
1261 4205 1372 4274 propria
1397 4213 1526 4274 aequaret

165 4299 348 4356 semitonium
370 4298 438 4366 '‘lffi,
462 4295 520 4363 jam
543 4302 638 4361 posset
663 4299 772 4363 praeter
796 4297 888 4345 sextas
908 4290 989 4345 etiam
1012 4289 1139 4359 diapente
1162 4284 1330 4418 continffi,
1358 4283 1422 4352 quia
1448 4290 1527 4338 sexta
1636 4352 1641 4363 ι

165 4378 273 4447 mollia,
288 4375 419 4430 diminuta
432 4374 582 4441 semitonio,
600 4371 632 4427 fit
644 4371 782 4442 diapente3
794 4370 848 4425 hoc
859 4387 924 4426 nero
936 4376 979 4425 est
991 4374 1086 4424 contra
1097 4382 1173 4436 prop.
1184 4365 1226 4419 23.
1289 4364 1295 4377 '
1317 4380 1348 4417 us
1359 4363 1441 4430 igitur
1449 4361 1526 4416 semi·

163 4456 251 4513 torric
268 4456 352 4510 habet
369 4454 480 4523 planeta
496 4451 607 4507 inferior
623 4452 651 4506 in
667 4451 809 4506 intervallo
827 4449 880 4505 sibi
897 4446 1015 4517 proprio.
1052 4444 1165 4513 Etonia
1176 4441 1323 4511 superioris
1340 4442 1451 4513 propria
1466 4457 1527 4511 pro,

164 4537 266 4607 portio
282 4534 369 4605 maior
385 4539 430 4587 ert
446 4529 557 4601 propria
573 4529 710 4585 inferioris
727 4544 777 4599 per
794 4544 874 4584 unam
894 4527 995 4590 diesin,
1013 4524 1095 4579 diesis
1113 4536 1177 4575 vero
1190 4519 1284 4575 addita
1302 4520 1444 4577 semitonio
1461 4520 1528 4575 iacit

163 4624 274 4672 tonum
281 4615 414 4669 minorem
424 4614 486 4680 'laos
505 4609 652 4680 superioris
664 4608 748 4678 igitur
765 4606 876 4676 propria
887 4604 1028 4675 proportio
1041 4610 1083 4658 est
1091 4602 1179 4657 minor
1191 4616 1271 4670 quarn
1281 4607 1363 4656 tonus
1372 4599 1460 4655 minor
1469 4599 1528 4667 'lio-

266 4712 486 4800 Propositio
508 4718 629 4781 XXVI.
673 4717 870 4791 Flammarum,
894 4732 987 4793 genus
1010 4712 1177 4773 harmoniae
1189 4714 1373 4787 mutantium,
1397 4712 1528 4788 superior

164 4813 282 4876 debuit
310 4812 418 4874 habere
451 4809 498 4869 vel
528 4808 620 4869 diesin
654 4805 798 4884 duplicem
822 4798 937 4885 ⁶⁷⁶lffi,
967 4802 1024 4863 hoc
1053 4808 1097 4861 est
1122 4797 1190 4882 Ul„
1212 4800 1287 4879 iere,
1315 4816 1368 4878 pro
1396 4806 1527 4887 motuum

1302 4904 1373 4964 20¹·
