3567 5625
634 432 670 491 aa
686 432 785 490 mrum
801 434 833 489 3.
851 433 1082 492 armentorum.
1466 418 1532 503 ’333
1645 417 1649 436 ’

272 613 336 673 litai
367 629 436 673 vero
462 612 571 672 similla
600 611 744 674 nonnulla
769 611 1006 674 Macrooosmicia
1036 612 1095 674 illis
1125 619 1155 673 et
1184 630 1240 691 ego
1262 620 1356 674 tracto
1386 615 1415 671 in
1446 615 1532 693 opere

185 717 268 774 meo,
300 709 334 760 31
363 700 443 777 qnod
470 699 1011 773 11133111.Τ3333333133113313,
1042 709 1073 761 at
1102 700 1131 759 id
1154 700 1186 760 fit
1216 704 1328 762 ratione
1355 700 1441 778 longe
1464 701 1533 763 alia.

185 788 246 848 Nee
270 791 349 848 euim
371 787 526 862 contendo,
549 788 717 865 analogiam
739 806 804 848 3333
826 806 935 849 meram
957 792 1031 847 inter
1044 787 1164 847 Terram
1188 795 1217 848 et
1231 788 1380 862 animalia,
1403 805 1457 849 333
1479 789 1533 850 13·

185 884 315 935 sumtum
339 893 404 936 3333
434 876 504 935 volo
527 877 717 954 archetypum
740 877 875 935 animulis
907 893 943 936 33
965 872 1031 953 ip'sa
1052 874 1156 951 Terra,
1188 876 1241 937 sed
1270 876 1343 936 illud
1365 876 1535 955 simpliciter

186 966 370 1041 propositum
392 963 488 1024 liabeo
511 962 718 1036 demonstrare,
742 963 794 1024 illa
815 978 915 1041 opera,
942 980 1019 1039 quae
1042 971 1208 1040 spectantur
1231 966 1260 1022 in
1283 964 1375 1042 globo
1396 963 1533 1040 Telluris,

185 1068 243 1110 non
266 1068 355 1128 posse
384 1068 420 1111 33
442 1050 571 1111 motibus
594 1051 803 1111 elementorum
829 1059 882 1110 aut
903 1052 1042 1110 materiae
1071 1050 1274 1113 affectionibus
1297 1053 1435 1112 solitariis
1463 1068 1534 1130 pro·

187 1141 297 1213 333133,
321 1138 374 1199 sed
395 1141 497 1198 testari
520 1137 556 1199 de
579 1139 693 1198 animae
716 1140 898 1215 praeseutia3
918 1139 980 1214 jam
1003 1144 1037 1196 31
1051 1139 1249 1215 intelligantur
1271 1157 1337 1201 mea
1352 1147 1533 1216 argumenta,

186 1244 260 1304 opus
283 1225 338 1286 luit
359 1224 537 1303 allegatione
559 1225 742 1286 1333113333
764 1228 880 1287 animae
903 1227 1049 1286 variarum
1079 1228 1108 1283 in
1132 1243 1252 1303 corpore
1274 1227 1418 1287 animalis
1463 1225 1533 1287 Jatn

186 1322 218 1372 ut
239 1314 361 1391 propius
383 1312 557 1374 accedamus
585 1313 623 1373 ad
645 1313 848 1387 fundamenta,
879 1314 986 1390 quibus
1008 1311 1153 1372 Robertus
1184 1314 1219 1374 de
1242 1315 1395 1375 Fluctibus
1428 1332 1532 1392 super·

185 1404 271 1461 struit
293 1418 378 1460 suam
399 1404 542 1461 musicam
562 1399 755 1474 mundanam,
785 1404 911 1479 primum
934 1400 984 1461 ille
1006 1406 1100 1459 totum
1123 1401 1263 1461 mundum
1291 1419 1452 1479 omnesque
1475 1411 1533 1463 tres

186 1490 250 1565 ejus
272 1497 381 1566 partes,
404 1505 581 1568 empyreon,
605 1488 769 1564 coelestem,
794 1487 1000 1551 elementarem
1022 1495 1156 1565 occupat,
1180 1504 1235 1565 ego
1258 1489 1351 1550 solam
1367 1477 1532 1564 coelestem,

186 1593 239 1636 nee
262 1594 327 1636 eam
349 1585 458 1650 totam,
489 1576 542 1637 sed
564 1573 644 1637 solos
672 1576 857 1654 planetarum
879 1583 977 1636 motus
1007 1577 1093 1651 quasi
1120 1576 1176 1636 sub
1199 1575 1331 1637 andiaco.
1351 1582 1439 1651 (xvi.)
1479 1576 1532 1636 lile

186 1664 256 1723 fisus
278 1665 442 1736 veteribus,
471 1666 520 1741 qni
544 1666 606 1723 vim
626 1663 842 1725 harmoniarum
869 1683 904 1725 ex
927 1664 1054 1722 numeris
1082 1663 1236 1724 3331333113
1267 1682 1331 1726 esse
1362 1662 1544 1738 3331311331.

187 1750 355 1826 anthabet,
377 1754 403 1810 si
425 1769 498 1828 quas
520 1753 596 1812 inter
617 1759 714 1831 partes
736 1752 973 1812 concordantiam
996 1767 1060 1810 3333
1083 1749 1307 1832 demonstrabit,
1331 1770 1381 1814 cas
1403 1754 1532 1812 numeris

186 1838 450 1916 quomodocunque
480 1838 721 1915 comprehendat,
750 1839 833 1898 nuile
861 1857 946 1912 cura,
978 1837 1141 1913 eujusmodi
1170 1842 1297 1901 unitates
1327 1841 1380 1901 illo
1410 1856 1530 1899 numero

187 1926 424 2002 accumulentnr3
454 1944 509 2002 ego
531 1929 666 2004 nuspiam
696 1926 788 1987 doceo
811 1943 951 2004 quaerere
979 1925 1163 2002 harmonias,
1195 1928 1244 1986 ubi
1267 1943 1329 2004 333,
1360 1930 1531 2003 intorques

188 2021 256 2073 sunt
283 2013 469 2088 barmoniae,
500 2031 559 2073 333
589 2023 713 2091 possunt
734 2016 894 2076 mensurari
923 2011 1025 2074 eadem
1048 2016 1221 2090 quantitatis
1243 2031 1395 2087 mensura,
1429 2018 1471 2074 313
1500 2023 1533 2073 31

187 2118 276 2161 cansa
298 2103 470 2178 quantitatis
492 2101 596 2162 eedem
618 2101 656 2161 sit
678 2104 753 2162 inter
769 2102 834 2163 illas
850 2101 1011 2180 proportio,
1034 2117 1111 2178 quae
1126 2104 1201 2161 inter
1215 2101 1289 2162 duas
1305 2103 1428 2164 chordas
1451 2101 1533 2177 ejus·

126 2187 134 2202 “
187 2188 251 2249 dem
274 2190 429 2264 tensionis,
462 2205 552 2249 causa
573 2189 773 2266 longitudinis.
789 2197 896 2254 (XVII.)
940 2188 1099 2265 Propterea
1129 2188 1179 2250 ille
1201 2195 1295 2250 totum
1311 2190 1459 2273 mundum
1481 2205 1531 2249 ra-

186 2279 265 2338 tione
289 2276 496 2338 semidiametri
520 2279 548 2335 in
572 2285 630 2336 tres
644 2276 782 2353 aequales
797 2283 896 2353 partes
913 2274 1025 2349 dividit,
1048 2283 1095 2335 sat
1110 2279 1257 2353 cognitum
1273 2278 1395 2354 habens,
1420 2294 1533 2355 aequa·

188 2363 230 2424 les
252 2363 320 2423 illas
343 2366 461 2423 313133
484 2381 559 2438 3333,
582 2364 633 2424 sed
657 2365 723 2425 ideo
746 2363 851 2438 solum,
875 2365 946 2438 quia
968 2363 1061 2439 prima
1083 2366 1180 2424 unitas
1202 2375 1247 2424 est
1262 2367 1388 2426 muudus
1403 2365 1533 2426 elemen-

187 2454 267 2532 taris,
290 2451 419 2511 33333113
440 2451 565 2511 muudus
587 2451 751 2525 aethereus,
776 2452 862 2511 tertia
886 2467 1053 2528 empyreus,
1079 2460 1108 2510 et
1131 2468 1201 2512 vero
1224 2456 1351 2514 unitates
1374 2454 1455 2531 pingi
1475 2453 1533 2512 ali·

187 2546 228 2599 ter
249 2555 309 2600 nou
332 2537 577 2617 possunt,'qnam
600 2539 779 2615 aequalitate
802 2539 961 2613 linearum3
978 2539 1016 2596 'at
1039 2554 1104 2612 ego,
1129 2540 1186 2598 nisi
1209 2547 1331 2600 testetur
1353 2542 1534 2600 astronomia

186 2626 221 2686 de
244 2626 348 2687 eadem
374 2629 519 2687 unitatum
541 2644 679 2686 mensura
707 2628 921 2703 quantitative,
953 2641 1138 2701 nequaquam
1160 2628 1197 2685 113
1227 2635 1260 2687 31
1282 2630 1444 2688 unitatibus
1466 2635 1533 2687 utor

186 2714 222 2774 ad
238 2714 438 2793 ‚numerandas
460 2716 663 2791 proportiones
677 2714 869 2774 harmonicas.
890 2717 1004 2783 (xviri.)
1034 2712 1090 2772 lile
1105 2719 1201 2774 tamen
1223 2717 1284 2774 suls
1299 2717 1437 2776 insistens
1451 2716 1533 2792 prin-

188 2804 271 2879 cipiis
294 2801 533 2880 pyramidumque
556 2800 683 2863 edocens
706 2820 742 2863 33
765 2802 843 2876 basi,
874 2800 982 2863 3133313
1005 2818 1112 2879 magno
1134 2800 1275 2877 Telluris,
1306 2804 1370 2882 ejus
1393 2806 1532 2864 verticem

187 2891 224 2949 ad
253 2892 350 2969 ipsum
379 2892 493 2968 apicem
515 2888 589 2955 coeli
616 2891 745 2969 empyrei
768 2892 885 2965 statuit,
917 2896 946 2949 31
973 2888 1126 2949 altitudine
1157 2890 1221 2967 ejus
1251 2893 1280 2949 in
1308 2894 1363 2951 tria
1393 2890 1531 2968 aequalia

188 2973 323 3058 (perinde
346 2979 428 3037 3331
451 2978 578 3038 unitates
600 2979 752 3038 verissime
769 2977 922 3056 ,aequales
943 2976 1109 3051 habuisset)
1132 2976 1245 3051 divisa,
1276 2988 1428 3049 numerat,
1459 2988 1533 3056 quot

184 3073 281 3141 partes
303 3068 423 3124 1331331
445 3082 599 3143 empyreo,
622 3072 695 3142 quot
717 3063 852 3140 coelesti,
884 3071 956 3140 quot
980 3064 1156 3124 elementari.
1202 3064 1278 3125 Nam
1301 3084 1446 3127 summum
1468 3065 1532 3126 ele·

186 3154 324 3213 menteris
346 3155 474 3230 regionis
496 3152 553 3213 hoc
574 3162 661 3231 paeto
685 3151 774 3230 duplo
801 3152 917 3229 longius
940 3151 1026 3211 abest
1054 3168 1208 3211 asummo
1231 3155 1366 3215 coelestis
1397 3170 1487 3232 tinam
1511 3173 1530 3214 3

185 3257 297 3299 33333
321 3243 469 3318 empyrei3
492 3248 521 3301 ei
543 3241 572 3297 in
595 3238 740 3301 divisione
762 3239 921 3319 pyramidis
944 3245 1074 3316 respectu
1098 3239 1216 3315 quidem
1238 3244 1302 3301 axis
1326 3243 1417 3302 tribus
1432 3243 1533 3318 regio·

185 3327 271 3387 nibus
294 3330 349 3387 tria
371 3329 493 3388 veniunt
516 3326 667 3404 aequalia,
697 3336 830 3405 respectu
855 3342 925 3387 vero
948 3324 1082 3403 trianguli
1104 3345 1157 3404 per
1178 3344 1262 3388 3333
1291 3346 1428 3408 empyreo
1452 3331 1533 3389 venit

186 3417 289 3489 unitas,
314 3414 434 3475 coelesti
456 3423 531 3489 tres,
554 3413 724 3475 elementari
747 3417 876 3492 quinque
900 3413 1040 3487 unitates,
1065 3422 1198 3491 respectu
1222 3414 1348 3493 denique
1370 3418 1458 3494 spatii
1480 3431 1534 3477 scu

190 3501 389 3579 corpulentiae
403 3501 514 3579 figurae
537 3519 675 3581 empyreo
687 3504 793 3576 unitas,
817 3502 980 3574 coelestii,
1005 3500 1172 3561 elementari
1190 3503 1228 3560 19
1252 3506 1380 3565 33113133
1399 3505 1531 3564 veniunt
1605 3518 1607 3527 ’

188 3587 265 3664 Quid
287 3607 365 3649 nune
388 3589 483 3649 dicem
506 3588 542 3651 de
565 3590 658 3652 altera
680 3592 825 3651 contraria
846 3588 999 3669 pyramide
1021 3586 1109 3663 lueis,
1133 3589 1216 3665 cujus
1240 3591 1324 3668 basin
1347 3591 1417 3651 iacit
1438 3593 1534 3669 ipsam

186 3676 366 3737 adorandam
388 3677 563 3756 trinitatem,
591 3680 619 3736 13
643 3695 756 3737 33333
779 3678 908 3755 empyrei
932 3674 1007 3734 ooeli
1029 3677 1128 3752 apice,
1162 3679 1299 3736 verticem
1322 3678 1445 3739 veroin
1468 3679 1534 3755 ipsa

187 3762 276 3823 ’1333
298 3764 448 3825 collocati
465 3768 555 3835 (xlx.)
595 3765 659 3824 Has
682 3764 755 3825 duas
783 3764 952 3845 pyramidas
986 3780 1050 3822 eum
1079 3764 1154 3822 inter
1175 3782 1207 3824 se
1235 3767 1408 3842 permisceat
1438 3783 1534 3842 exque

187 3852 311 3912 mixtura
333 3852 535 3930 proportiones
557 3855 684 3913 3331333
712 3852 824 3927 3113131,
855 3870 917 3912 333
939 3858 1032 3910 133131
1058 3852 1155 3911 3331
1179 3854 1274 3929 operis
1304 3854 1456 3932 proposito
1485 3852 1532 3912 di·

192 3941 398 4000 ventissimam.
442 3940 517 4000 Nam
544 3942 607 4018 ipse
636 3939 732 4000 lucem
755 3935 882 4022 (formae
912 3946 941 3999 et
963 3940 1077 3997 animae
1102 3936 1294 4022 largitricem)
1316 3949 1347 4002 31
1373 3938 1533 4014 materiam,

191 4025 249 4085 dno
272 4029 349 4088 inter
370 4045 402 4088 se
425 4027 633 4101 diversissima,
656 4036 807 4105 comparat
830 4027 988 4103 atquibus
1013 4028 1191 4102 quantitates
1214 4045 1399 4106 nequaquam
1431 4027 1535 4088 eodem

189 4124 324 4191 respectu
346 4117 460 4187 insunt,
492 4128 548 4191 ego
570 4132 641 4176 vero
663 4132 716 4192 pro
738 4116 869 4176 terminis
891 4114 1060 4174 formandae
1080 4112 1275 4191 proportionis
1297 4116 1483 4178 harmonicae
1504 4116 1538 4179 in¹
1591 4178 1593 4185 ‚

189 4201 297 4264 mundo
320 4220 378 4260 noo
401 4202 527 4262 admitto
548 4204 604 4263 nisi
627 4201 688 4275 illa,
712 4202 1428 4282 33333313333333313333311131333331131331,
1453 4203 1535 4263 verbi

190 4305 279 4350 eausa
307 4296 419 4357 33133
449 4289 554 4349 Martis
585 4297 615 4351 31
645 4297 756 4350 33133
778 4289 866 4359 ,13313
889 4288 1017 4348 diurnos.
1031 4294 1097 4355 (iix)
1140 4289 1203 4349 Nee
1233 4292 1329 4350 minus
1355 4291 1533 4352 diversitatis

190 4377 343 4437 internos
366 4384 395 4438 31
417 4379 445 4435 13
468 4377 527 4437 hoe
549 4379 700 4452 consistit,
729 4377 807 4454 quod
830 4376 881 4436 ille
904 4376 1072 4438 elementari
1101 4378 1213 4452 regioni
1242 4387 1369 4455 quatuor
1396 4377 1535 4466 adscribit

188 4463 295 4539 gradus
324 4465 510 4526 obscuritatis
534 4472 562 4523 31
584 4466 778 4537 tenebrarum,
809 4467 884 4541 quio
906 4464 1053 4540 quaelibet
1080 4481 1135 4537 rea,
1158 4466 1219 4543 ait,
1251 4473 1385 4542 quotam
1407 4472 1534 4544 3333133

189 4550 288 4627 babet,
311 4569 382 4613 sane
405 4569 463 4612 nou
485 4554 582 4611 minus
605 4570 692 4629 quam
716 4561 773 4613 tres
796 4554 897 4612 tertias
920 4560 950 4611 et
971 4553 1100 4628 quinque
1122 4553 1254 4627 quintas,
1281 4552 1403 4631 jamque
1426 4552 1534 4614 Tenue

188 4639 283 4699 inesse
299 4656 400 4699 omnes
415 4647 550 4716 quatuor,
574 4657 671 4717 aquae
693 4647 752 4700 tres
767 4634 878 4721 (eoque
895 4636 976 4698 illam
993 4655 1056 4698 esse
1069 4638 1132 4714 jrtm
1146 4637 1348 4716 pellucidam),
1372 4643 1433 4701 adri
1450 4640 1533 4713 duas,

189 4728 398 4803 igninum(
462 4731 482 4799 .)
518 4726 644 4785 Rursum
673 4726 745 4786 alibi
775 4726 936 4803 quamlibet
963 4728 1109 4803 regionem
1132 4726 1289 4803 cujuslibet
1316 4746 1369 4789 seu
1399 4729 1536 4789 elementi

188 4831 240 4876 seu
262 4814 390 4878 3331113
413 4817 468 4875 tria
490 4813 652 4875 subdividit
673 4815 778 4891 spatia,
801 4816 832 4872 in
853 4830 1007 4888 summum,
1030 4813 1157 4874 medium
1179 4821 1209 4874 et
1223 4816 1323 4891 imum,
1344 4832 1403 4877 nou
1424 4815 1534 4892 ubique

188 4909 329 4983 sequeme
356 4918 495 4966 sumnum
522 4901 738 4981 probabilitate
783 4900 891 4979 Vides,
920 4903 1048 4964 unitates
1077 4902 1142 4981 ejus
1168 4920 1283 4965 rursum
1313 4920 1377 4968 essa
1406 4904 1534 4967 33131133-
