3567 5625
289 399 352 458 448
407 425 410 444 ·
757 389 923 461 Appendicis
940 390 1164 480 Harmonicorum

290 571 376 631 datur
399 570 556 632 descensus
586 573 616 628 in
638 551 758 630 Terram
788 570 867 629 illius
895 569 1064 630 coelestium
1094 579 1226 632 motuum
1256 573 1439 649 harmonias,
1471 590 1558 651 quam
1581 593 1636 652 ego

287 659 389 719 docco.
435 659 564 720 Termini
588 660 665 718 enim
694 661 916 735 proportionum
938 659 1171 719 harmonicorum
1194 660 1382 733 coelestium,
1411 660 1510 721 idest
1538 673 1636 722 motus

291 747 473 825 planetarum
497 746 693 805 dimensiones
721 763 790 805 suas
814 749 962 822 accipiunt
989 763 1045 805 non
1070 766 1105 807 ex
1129 751 1268 821 terrestri,
1299 748 1350 806 sed
1374 766 1411 808 ex
1432 749 1520 808 solari
1544 767 1638 828 appa-

197 845 201 854 ⁴
288 838 389 898 tentia.
433 836 616 895 Desccnsum
638 835 727 909 igitur
750 834 921 893 coelestium
944 834 1160 914 harmoniarum
1181 852 1239 894 non
1263 840 1292 894 in
1308 834 1436 908 Terram,
1460 836 1512 895 sed
1535 840 1564 902 in
1580 839 1637 896 So·

288 923 346 981 lom
369 922 454 982 docui
473 921 507 981 ‘in
530 922 647 998 epilogo
671 921 736 980 libri
759 921 797 983 V.
842 920 990 997 Recoquis
1023 940 1059 981 ex
1088 923 1202 1000 analysi
1226 925 1329 998 quinta
1351 924 1561 1000 objectionem,
1587 943 1637 984 cur

288 1018 420 1086 tempora
442 1027 497 1086 ego
520 1027 577 1068 non
601 1008 751 1067 attendam
780 1009 946 1086 periodica,
980 1011 1004 1066 si
1029 1011 1103 1068 inter
1124 1018 1236 1081 motus,
1267 1012 1317 1085 qni
1350 1013 1378 1067 in
1402 1019 1532 1090 tempore
1554 1013 1636 1087 fiunt,

287 1098 455 1157 harmonias
478 1113 645 1173 agnoscam.
691 1095 770 1156 Satis
794 1096 915 1155 dilutam
938 1098 1073 1156 existimo
1096 1099 1171 1158 banc
1194 1096 1389 1173 objectionem
1415 1101 1444 1155 in
1467 1104 1637 1175 responsio·

286 1187 373 1245 nibus
396 1187 468 1244 meis
490 1186 633 1261 superius.

373 1272 505 1332 Tandem
527 1269 639 1347 aliquid
662 1270 825 1346 subjungis,
849 1286 908 1346 quo
928 1270 978 1347 jus
1001 1278 1085 1329 tuum
1106 1274 1221 1329 asseris.
1266 1270 1332 1332 Non
1355 1289 1465 1347 pugno.
1505 1273 1637 1335 Accedat

286 1360 359 1419 hacc
381 1362 606 1438 comparationis
628 1358 772 1433 particula
795 1377 830 1417 es
854 1367 881 1417 te
905 1358 963 1416 illis
986 1360 1059 1417 meis
1081 1359 1357 1435 comparationibus.
1401 1359 1450 1418 De
1470 1360 1636 1421 harmonia

285 1451 365 1506 enim
389 1447 564 1507 ascendente
585 1452 613 1505 et
634 1444 826 1504 descatdente
853 1445 924 1503 nihil
950 1461 1005 1520 ego
1036 1445 1093 1504 boc
1115 1463 1218 1516 sensu,
1251 1463 1305 1505 nec
1331 1446 1492 1506 decertem
1514 1450 1636 1508 enolto·

286 1539 367 1595 tione
387 1554 442 1612 per
464 1535 676 1609 harmoniam,-
702 1530 840 1593 lectorem
863 1534 951 1609 igitur
973 1532 1012 1591 ad
1034 1549 1108 1610 opus
1130 1541 1224 1593 totum
1246 1535 1371 1593 remitto.
1416 1533 1472 1609 Qui
1496 1537 1522 1592 si
1546 1539 1635 1595 etiam

233 1627 235 1630 ’
288 1622 344 1682 hoc
374 1626 402 1679 in
425 1622 477 1683 illo
501 1624 659 1695 invenerit,
690 1620 776 1696 quale
804 1628 836 1678 tu
858 1620 972 1680 coelum
1004 1621 1169 1680 habentia
1192 1629 1288 1696 urea,
1320 1631 1390 1681 tunc
1411 1622 1529 1681 demunt
1553 1640 1637 1684 com·

285 1718 384 1788 paret,
418 1727 495 1787 quae
524 1727 579 1785 ego
610 1709 645 1767 de
673 1708 839 1767 charactere
870 1707 984 1767 zodiaci
1013 1710 1042 1765 in
1074 1711 1172 1768 anima
1199 1708 1348 1767 sublunari
1382 1712 1470 1786 inque
1503 1714 1636 1770 omnium

157 1779 159 1792 ¹
221 1865 226 1884 .
286 1798 437 1857 hominum
462 1798 600 1856 vitalibus
624 1795 812 1855 facultatibus
827 1813 890 1853 sum
906 1795 1141 1872 philosophatus,
1161 1796 1341 1872 indicetque,
1364 1797 1479 1856 idemne
1501 1798 1636 1857 dicamus

285 1902 322 1945 an
347 1884 487 1944 diversa?
530 1884 605 1943 Nam
634 1883 715 1959 quod
737 1882 857 1943 Terram
883 1885 960 1942 iuter
980 1883 1077 1942 sidera
1103 1884 1170 1943 ferri
1197 1882 1300 1958 credo,
1331 1901 1389 1942 non
1411 1887 1437 1942 is
1459 1894 1504 1945 est
1526 1894 1637 1961 ruptus

281 1976 430 2048 poeticen,
453 1971 505 2032 sed
528 1973 755 2044 astronomicus,
778 1979 811 2030 ut
833 1973 964 2048 proxime
987 1981 1113 2030 cautum.

373 2059 427 2118 ad
450 2059 638 2136 Analysin
660 2057 764 2118 XVII.
808 2057 843 2115 Iu
867 2061 1075 2118 constitutione
1098 2060 1284 2118 terminorum
1304 2057 1474 2119 harmoniae
1491 2060 1635 2136 cuiusque

258 2147 439 2223 descripsi,
462 2156 491 2208 te
514 2146 598 2204 fisum
622 2145 782 2218 veteribus,
806 2148 856 2221 qul
880 2145 1037 2205 credebant
1058 2148 1117 2205 vim
1140 2145 1337 2205 harmonicam
1360 2163 1424 2205 esse
1447 2163 1483 2205 cx
1505 2150 1634 2208 numeris

283 2236 446 2297 abstractis.
491 2234 553 2292 Etsi
586 2234 663 2292 enim
692 2232 735 2292 illi
764 2232 879 2293 chordis
911 2232 1095 2310 applicarunt
1123 2236 1249 2293 unitates
1278 2233 1459 2309 longitudine
1482 2235 1632 2310 aequales,

285 2325 345 2381 vim
368 2332 545 2382 tamennon
569 2339 587 2379 a
609 2321 772 2396 quantitate
796 2323 951 2394 continua,
974 2320 1026 2380 sed
1050 2340 1069 2380 a
1090 2337 1224 2393 numero,
1248 2329 1280 2379 ut
1302 2337 1455 2396 numerus,
1481 2339 1546 2381 esse
1570 2340 1634 2382 cre·

284 2408 428 2471 didernnt.
472 2408 529 2468 Per
552 2408 608 2467 hoc
631 2407 738 2484 dogma
767 2406 828 2466 fieri
852 2407 938 2467 iacilc
959 2415 1071 2486 potest,
1094 2417 1127 2467 ut
1150 2410 1215 2483 quis
1238 2409 1327 2468 missa
1358 2408 1536 2486 aequalitate
1559 2427 1634 2485 geo·

282 2500 403 2557 metrica
427 2498 572 2556 unitatum
601 2503 701 2554 contra
730 2497 818 2554 etiam
850 2513 959 2556 morem
990 2504 1121 2554 veterum
1154 2495 1306 2554 delabatur
1332 2495 1370 2554 ad
1401 2498 1529 2556 unitates
1557 2513 1633 2573 geo·

282 2588 399 2644 metrice
421 2584 601 2661 inaequales.
647 2582 713 2641 Hoc
745 2583 803 2658 tibin
820 2585 978 2658 contigisse
1001 2581 1071 2641 dixi.
1115 2582 1198 2641 'l'uno
1221 2581 1277 2642 boc
1299 2582 1494 2654 affirmasse
1517 2583 1633 2661 negas?

284 2672 431 2731 Exordiris
461 2672 545 2748 quasi
568 2678 745 2746 negaturus,
776 2669 861 2729 affers
883 2679 1056 2746 argumenta
1077 2672 1241 2746 negationis
1271 2672 1487 2746 impertinentia
1510 2682 1633 2747 totaque

282 2763 393 2839 passim
423 2763 553 2818 oratione
584 2756 769 2818 confitentem
799 2766 827 2818 te
850 2757 959 2835 prodis.
1003 2757 1132 2818 Exhibas
1160 2759 1253 2835 primo
1276 2756 1462 2836 Pythagorae
1484 2762 1634 2836 trigonum

282 2850 477 2920 numericam,
507 2864 571 2906 non
599 2846 706 2922 riparia
732 2847 828 2921 plone
856 2849 1057 2920 mercatoriis,
1087 2845 1139 2904 red
1158 2863 1238 2904 mere
1265 2847 1449 2922 formalibus
1470 2847 1632 2923 depictum

282 2938 382 3012 itaque
406 2936 443 2994 ab
467 2935 622 2994 abstractis
644 2936 771 2993 numeris
793 2936 888 3009 ipsum
913 2933 998 3009 longe
1022 2933 1130 2992 distare
1152 2932 1311 2994 contendis.
1357 2933 1463 3009 Atqui,
1492 2934 1633 3008 Roberte,

279 3023 342 3099 J'aru
365 3022 421 3081 boc
450 3030 495 3080 est
522 3021 648 3097 amplius
678 3019 804 3097 aliquid,
835 3039 922 3097 quarn
952 3021 1076 3079 iormare
1099 3023 1236 3080 terminos
1257 3020 1443 3095 barmoniaa;
1476 3033 1522 3080 est
1554 3026 1634 3082 enim

282 3110 422 3169 formatos
446 3107 554 3168 dudum
578 3108 727 3185 applicare
750 3109 845 3182 rebus,
870 3108 905 3167 de
929 3125 989 3184 qua
1010 3108 1080 3166 mihi
1105 3125 1194 3186 opera
1216 3124 1309 3167 sermo
1332 3125 1389 3166 non
1412 3110 1476 3167 init.
1523 3109 1561 3168 itt
1582 3128 1636 3169 cur

283 3214 329 3257 me
352 3197 460 3257 reiutas
490 3204 523 3256 ot
549 3202 717 3271 negantem,
748 3197 799 3272 qui
827 3196 901 3272 legis
934 3195 1104 3255 affirmantis
1136 3195 1242 3270 verba,
1273 3197 1452 3255 tenuitates
1482 3196 1635 3274 applicare

284 3286 383 3359 rebus,
407 3283 486 3360 quod
510 3294 554 3343 est
575 3300 647 3343 sane
671 3302 706 3344 cx
728 3284 875 3344 abstracto
898 3290 1062 3343 concretum
1086 3282 1203 3342 iacere?

372 3371 466 3447 Quam
497 3374 585 3448 igitur
607 3378 639 3429 tu
661 3370 708 3430 hic
730 3370 817 3448 plena
840 3373 948 3448 pagina
971 3371 1022 3431 26.
1055 3370 1141 3429 infers
1164 3368 1380 3447 philosophiam
1402 3368 1635 3447 Pythagoricum

230 3474 238 3487 ·
282 3458 318 3519 de
345 3461 491 3538 mysteriis
513 3461 720 3535 trigonicorum
742 3476 926 3518 numerorum
953 3461 985 3530 1,
1010 3460 1043 3529 3,
1070 3459 1104 3531 6,
1132 3457 1180 3525 10,
1203 3474 1238 3515 ea
1259 3475 1342 3515 suam
1366 3467 1491 3517 meretur
1512 3457 1634 3518 laudem

281 3546 347 3606 loco
379 3564 433 3607 suo
466 3565 485 3605 a
511 3546 698 3624 peritioribus
725 3545 812 3621 huJus
841 3545 1047 3623 philosophiae
1078 3562 1171 3621 qnam,
1194 3561 1260 3603 sum
1288 3562 1353 3621 ego.
1407 3545 1476 3604 Mea
1510 3546 1635 3623 quidem

282 3622 480 3693 hacc'messis
511 3640 652 3707 nonest,
683 3648 737 3692 nec
761 3651 796 3692 ea
825 3633 952 3710 indigeo.
997 3633 1101 3713 Spicas
1131 3640 1227 3690 tamen
1250 3631 1365 3708 aliquas
1395 3635 1505 3708 passim
1532 3634 1636 3706 legere

281 3712 417 3797 expedit.
456 3719 579 3781 Gradus
599 3724 816 3797 progressionis
836 3723 957 3798 formae
978 3724 1013 3779 in
1034 3728 1153 3779 rectora
1175 3719 1215 3778 ob
1233 3721 1459 3796 imperfectione
1479 3721 1523 3778 od
1543 3739 1637 3779 nem·

280 3825 362 3867 mam
382 3809 597 3886 perfectionem
620 3807 752 3885 appellas
772 3812 981 3884 proportiones
1001 3809 1155 3886 formales.
1200 3806 1287 3867 Hunc
1315 3825 1466 3867 numerum
1496 3810 1541 3867 ais
1561 3810 1637 3884 for·-

258 3897 405 3969 ⁴mclem,
428 3913 499 3954 vere
520 3898 657 3972 igneam
686 3899 802 3955 rationi
821 3897 1110 3972 familiarissimam.
1157 3894 1247 3968 Vide,
1276 3914 1335 3972 qna
1357 3912 1387 3956 re
1410 3898 1638 3955 conveniamus.

280 3981 355 4041 Mihi
382 3985 488 4042 mentis
516 3992 546 4043 et
572 3986 603 4042 in
631 4002 667 4043 ea
695 3985 891 4059 quantitatum
922 3990 952 4042 et
979 3982 1095 4057 circuli,
1129 3984 1181 4042 tibi
1209 3989 1330 4042 naturae
1361 3984 1527 4059 generantis
1557 4000 1638 4059 opes

280 4070 475 4147 praecedunt,
505 4088 578 4147 quas
602 4071 733 4147 sequitur
755 4073 890 4147 utrinque.
914 4087 1061 4133 numerus.
1106 4071 1144 4129 Et
1165 4078 1197 4127 ut
1219 4087 1274 4145 ego
1299 4074 1362 4130 sine
1385 4074 1551 4148 quantitate
1574 4070 1640 4131 dc·

281 4152 488 4219 terminatam
512 4166 617 4232 mente,
641 4159 683 4216 sic
705 4166 736 4215 tu
758 4160 826 4218 sinc
844 4158 936 4235 gradu
960 4169 1037 4219 certo
1061 4160 1273 4235 progressionis
1298 4160 1325 4216 in
1347 4167 1461 4234 natura,
1486 4161 1640 4218 unitatem

280 4245 394 4305 nullam
417 4247 613 4322 agnoscimus.
650 4244 781 4321 ,Propior
802 4254 899 4305 tamen
923 4264 988 4305 sum
1010 4264 1065 4322 ego
1093 4245 1297 4323 philosophiae
1319 4245 1433 4319 Procli,
1465 4249 1516 4323 qui
1539 4243 1639 4305 Jam-

280 4333 379 4393 biicho
402 4342 453 4392 tuo
475 4332 619 4409 posterior
640 4332 709 4405 init,
739 4337 790 4410 qui
822 4334 939 4394 titulum
968 4333 1050 4393 illum
1081 4352 1150 4393 vere
1171 4336 1253 4409 ipnei
1283 4334 1468 4393 adurentem
1492 4332 1640 4405 traducit,

279 4442 371 4499 nopae
392 4444 494 4501 rospov
520 4421 730 4496 inculcatione;
761 4429 826 4480 tuas
856 4438 926 4482 vero
956 4427 1177 4483 macerationes
1204 4427 1231 4477 et
1251 4421 1444 4498 perfectiones
1473 4422 1579 4497 abjicit
1606 4425 1640 4478 in

277 4533 348 4588 μεγα
372 4532 447 4581 tona
468 4511 697 4586 dcpvpiotqioto
721 4513 863 4587 yereiilqc.

366 4597 463 4673 litque
486 4597 553 4656 hinc
578 4597 622 4655 vei
646 4598 770 4656 maxime
785 4596 961 4669 demonstro,
984 4596 1095 4654 nullam
1115 4594 1263 4655 doctrinas
1279 4605 1347 4655 tuas
1361 4595 1499 4673 injuriam
1514 4595 1641 4655 illatam

278 4699 296 4742 a
319 4685 392 4745 meis
416 4685 691 4761 comparationibus,
716 4683 784 4743 dum
806 4700 862 4761 ego
878 4700 959 4743 meos
973 4684 1189 4743 harmoniarum
1206 4686 1344 4743 terminos
1366 4682 1485 4760 appello
1509 4683 1642 4743 mathe-

279 4775 410 4845 maticos,
433 4780 499 4830 tuos
513 4788 581 4830 vero
597 4774 816 4849 aenigmaticos,
841 4774 945 4850 pictos,
965 4771 1157 4831 Hermeticos.
1194 4771 1269 4849 Naro
1285 4788 1342 4829 non
1358 4788 1423 4831 esse
1438 4772 1643 4831 matbemati-

280 4876 338 4936 cos,
361 4858 448 4921 facile
472 4866 516 4921 est
538 4876 574 4918 ex
596 4857 654 4919 iliis
677 4863 735 4919 tuis
757 4858 898 4936 gradibus
920 4860 1129 4938 perfectionum
1152 4863 1181 4918 in
1204 4869 1309 4919 natura
1332 4852 1602 4941 demonstrare.⁵²)
