3567 5625
685 386 831 449 iniber'lv.
850 393 989 463 eaput-v.
1451 404 1513 463 241

165 568 235 616 mum
252 561 364 633 dumus,
392 565 440 634 qni
454 580 536 621 arcus
555 568 637 622 servit
658 568 829 638 inscriptioni
851 569 981 625 centralis
1002 569 1106 647 figurae
1132 570 1161 625 in
1178 570 1317 626 circulum.
1352 573 1422 629 Nam
1439 574 1515 645 ordo,

163 643 209 710 qui
228 650 271 697 est
292 643 323 697 in
340 643 561 713 ratiocinatione,
585 646 657 702 idem
675 648 756 702 etiarn
779 648 806 702 in
828 648 958 703 instinctu
983 657 1034 704 est.
1070 648 1190 705 Rursum
1211 649 1298 717 igitur
1315 651 1517 709 demonstratur

162 721 205 775 ria
229 720 266 775 ed
288 722 491 790 perceptionem
515 724 619 793 figurae
642 728 771 781 centralis
796 726 905 795 longior
928 736 956 781 et
980 729 1020 783 sio
1043 728 1125 783 etiam
1153 729 1189 787 ad
1215 729 1274 798 ejus
1301 731 1513 800 congruentiam.

163 798 253 868 Quare
272 799 407 868 seipsam
424 802 521 856 evertit
539 803 670 874 objectio,
688 822 758 875 qnae
776 806 1003 876 praepollentiam
1021 806 1173 862 collocabat
1190 809 1219 862 iu
1231 810 1407 878 perceptione
1424 808 1516 879 priori

249 879 293 933 Ad
311 879 431 934 rationes
449 897 500 951 pro
519 882 605 937 altero
623 888 742 940 membro
761 886 801 941 sic
814 884 1047 953 respondendum:
1066 902 1129 940 vere
1141 886 1249 955 quidem
1262 888 1342 943 etiam
1360 889 1388 942 in
1406 889 1517 944 circum·

160 958 296 1013 ferentiall
315 956 403 1027 figura
420 960 544 1027 priorem·
556 976 616 1016 esse
634 964 807 1018 scibilitatem
824 962 919 1019 lateris
938 969 1114 1035 congruentia
1136 968 1240 1035 figurae
1258 969 1356 1037 totius,
1384 972 1419 1025 ob
1438 986 1517 1038 argu·

162 1046 255 1093 menta
273 1035 359 1105 dicta,
385 1052 456 1106 quae
474 1039 519 1094 hio
537 1040 619 1094 etiam
636 1042 734 1097 valent,
770 1046 808 1097 At
824 1056 880 1096 uon
898 1048 1033 1114 sequitur,
1060 1055 1090 1101 ut
1109 1063 1142 1100 en
1161 1046 1266 1101 duabus
1284 1047 1380 1116 rebus,
1404 1064 1518 1116 quarum

163 1114 250 1168 altera
268 1116 379 1185 alterius
397 1124 440 1169 est
458 1132 557 1183 causa,
577 1119 624 1175 illa
642 1136 711 1191 quae
729 1136 812 1176 causa
837 1129 880 1175 est
897 1141 979 1192 porro
1003 1127 1084 1181 etiam
1101 1127 1199 1181 fortius
1217 1136 1325 1182 moreat
1340 1129 1451 1181 tertium
1470 1128 1518 1181 ali·

162 1194 235 1264 quid.
274 1194 343 1248 Nam
361 1210 411 1263 pro
430 1202 511 1263 captu
531 1199 644 1267 animae,
663 1217 732 1271 quae
751 1202 832 1261 debet
849 1206 963 1273 moveri,
987 1220 1070 1274 saepe
1088 1205 1176 1259 minus
1194 1207 1222 1259 in
1241 1205 1315 1260 illam
1337 1205 1408 1259 valet
1426 1220 1517 1273 causa,

163 1289 242 1342 quam
262 1274 388 1343 efiectus;
413 1282 445 1328 ut
462 1277 505 1333 hio
523 1278 639 1333 animam
658 1281 849 1357 sublunarem,
872 1288 900 1341 in
919 1292 1052 1355 quantum
1069 1283 1179 1354 quidem
1196 1285 1354 1353 perception
1372 1291 1426 1353 est,
1455 1282 1518 1351 plus

164 1361 255 1406 moret
274 1352 406 1407 scibilitas
424 1346 528 1422 figurae
547 1359 729 1428 mountain
749 1372 880 1429 quantum
898 1381 962 1420 rero
974 1364 1122 1433 operativa,
1141 1362 1204 1431 plus
1222 1363 1399 1434 congruentia
1415 1362 1519 1430 figurae

160 1430 419 1488 obcumferentialis.

247 1514 418 1582 Argumenta
434 1529 498 1569 vero
515 1530 575 1570 mea
592 1518 703 1589 propria
720 1520 755 1575 ad
772 1523 987 1593 propositionem
1004 1519 1172 1592 probandam
1184 1529 1247 1576 sunt
1258 1521 1325 1576 ista:
1353 1518 1429 1590 prius
1448 1519 1519 1574 enim

162 1600 352 1670 usurpavimus
377 1615 454 1668 prop.
475 1600 505 1667 6,
529 1608 651 1654 centrum
670 1616 730 1656 esse
756 1604 893 1671 quandam
911 1603 999 1657 ideam
1025 1601 1124 1656 mentis
1142 1601 1309 1656 theoreticae
1333 1616 1381 1655 seu
1398 1598 1518 1653 intellec-

162 1692 215 1750 tus,
235 1678 480 1734 circumferentiam
497 1677 635 1733 facultatis
654 1682 790 1749 practicae
808 1700 857 1738 seu
876 1685 1031 1753 operativae
1037 1703 1047 1752 ;
1065 1682 1129 1752 quia
1146 1689 1177 1735 ιιι
1195 1688 1317 1736 centrum
1335 1681 1427 1736 circuli
1445 1683 1518 1739 basis

164 1775 205 1821 est
224 1774 253 1819 et
272 1763 355 1831 origo,
375 1761 414 1816 sic
430 1761 568 1817 meditatio
588 1760 710 1816 actionis.
747 1762 848 1831 Figura
866 1764 957 1832 igitur,
976 1776 1045 1831 quae
1063 1760 1178 1830 porrigit
1191 1759 1320 1830 angulum
1337 1763 1372 1816 ad
1389 1769 1519 1839 centrum,

164 1864 191 1902 sc
209 1843 256 1897 'ad
276 1841 401 1907 Terram,
420 1840 466 1893 ubi
485 1840 575 1895 anima
592 1838 670 1894 sedet
686 1841 789 1910 figurae
808 1840 972 1911 pereeptrix,
998 1838 1113 1909 porrigit
1130 1853 1159 1892 se
1180 1839 1259 1908 quasi
1280 1838 1315 1893 ad
1334 1839 1473 1896 sciendum
1492 1850 1520 1897 et

164 1921 380 1993 tijndicandum,
406 1934 466 1973 cum
485 1927 606 1974 centrum
624 1919 744 1975 tribunal
762 1920 890 1977 scientiae
916 1916 1112 1988 repraesentet.
1148 1917 1235 1985 Igitur
1252 1916 1281 1971 in
1301 1919 1413 1973 centrali
1431 1920 1520 1991 figura

164 2006 255 2073 potius
276 1997 394 2068 spectari
413 1996 494 2053 debet
512 1996 632 2068 scientia,
652 2014 705 2053 non
725 1999 865 2068 obstante,
890 1999 963 2069 quod
981 1998 1029 2051 illa
1046 2013 1096 2067 per
1119 1997 1249 2052 circulum
1271 2006 1400 2068 tanquam
1419 2001 1518 2055 instru-

164 2090 285 2136 mentum
304 2086 489 2146 comparetnr‚
507 2087 538 2133 ιιι
556 2079 637 2147 paulo
655 2089 719 2134 ante
738 2078 847 2133 dictum.
886 2078 988 2132 Contra
1006 2077 1107 2145 figura,
1134 2091 1205 2145 quae
1227 2074 1335 2131 ordinat
1353 2078 1467 2146 angulos
1491 2081 1520 2134 in

165 2158 397 2224 circumferentia,
425 2158 509 2224 magis
528 2173 557 2212 se
576 2159 697 2227 applicat
721 2158 755 2213 ad
779 2157 941 2212 imitandum
963 2153 1221 2224 exprimendumqne
1244 2154 1272 2208 in
1296 2171 1379 2231 opere
1406 2158 1519 2229 animae,

165 2240 247 2294 veluti
268 2238 304 2292 ad
322 2236 410 2290 ideam
429 2252 541 2304 operum
559 2253 730 2293 concurrens.
765 2237 849 2308 Atqui
873 2237 965 2306 potins
984 2233 1160 2302 congruentia
1182 2248 1264 2301 quam
1288 2235 1419 2289 scibilitas
1437 2237 1522 2293 habet

165 2339 278 2392 operum
296 2318 435 2373 sensilium
454 2317 722 2389 aedificationumque
740 2317 837 2383 ideam,
857 2317 920 2388 quia
938 2314 1063 2384 sequitur
1079 2312 1181 2381 figuras
1192 2321 1272 2383 totas,
1291 2330 1352 2368 oum
1364 2314 1445 2384 latus,
1464 2330 1519 2385 quo

165 2401 252 2472 figura
271 2400 365 2463 scitur,
384 2402 419 2454 sit
437 2394 496 2461 ejus
515 2394 611 2449 saltem
626 2394 797 2451 elementum.
834 2396 926 2465 Quare
943 2395 971 2449 in
989 2393 1078 2463 figura
1091 2391 1328 2448 circumferentiali
1344 2394 1437 2463 potins
1455 2410 1519 2450 oon·

166 2480 291 2550 gruentia
310 2487 351 2534 est
367 2476 548 2548 respicienda,
568 2491 649 2542 quam
667 2476 808 2532 scibilitaa

229 2602 238 2615 ,
252 2558 379 2612 Alterum
397 2558 584 2624 argumentum
601 2570 651 2620 pro
668 2553 719 2609 hac
733 2553 852 2615 secunde
864 2560 943 2623 parte
955 2551 1051 2606 nititur
1064 2549 1160 2605 eadem
1172 2550 1388 2607 consideratione
1406 2554 1519 2619 animae,

167 2647 290 2708 praestat
307 2638 344 2705 id,
369 2632 569 2707 propterquod
588 2642 775 2703 suntcctera;
801 2640 829 2689 at
852 2640 964 2703 propter
985 2646 1054 2700 opus
1078 2637 1193 2684 naturae
1215 2630 1371 2685 sublunaris
1398 2633 1520 2703 adeoque

168 2719 247 2772 ctiam
266 2718 372 2770 animae
390 2716 524 2769 humanae
537 2710 702 2767 facultatum
720 2713 878 2767 inferiorum
897 2710 1085 2780 percipiuntur
1102 2706 1346 2778 configurationes,
1371 2710 1476 2764 scilicet
1492 2711 1521 2766 in

166 2797 192 2853 id
210 2796 408 2866 percipiuntur,
426 2802 456 2850 ut
475 2805 556 2862 opere
575 2792 771 2861 exprimentum
791 2791 876 2861 major
895 2800 937 2845 cst
954 2789 1037 2858 igitur
1056 2787 1173 2858 dignitas
1191 2787 1328 2843 facultatis
1345 2789 1477 2845 motoriae
1494 2790 1522 2845 in

168 2875 219 2930 boc
243 2875 363 2942 negotio.
400 2873 454 2928 Sed
477 2865 607 2925 scibifites
635 2870 739 2939 figurae
758 2869 1007 2929 cnoumferentialis
1034 2867 1203 2938 perceptioni
1227 2869 1321 2937 servit,
1347 2870 1523 2939 congruentia

167 2955 327 3023 operationi,
346 2961 377 3008 ut
394 2953 537 3017 hactenus;
562 2948 645 3016 igitur
663 2958 692 3005 et
709 2950 885 3020 congruentia
908 2949 1011 3019 figurae
1034 2946 1287 3003 cncumterentialls
1309 2955 1432 3017 praestat
1452 2948 1522 3017 eius·

167 3033 228 3087 dem
245 3032 395 3088 scibilitati.

253 3108 473 3184 Propositio
496 3107 580 3168 VIII.
627 3109 721 3168 Arcus
754 3106 873 3180 cuculi,
905 3105 956 3180 qui
979 3104 1164 3161 constituitur
1194 3101 1329 3178 atigura
1351 3104 1521 3180 incongrua,

167 3195 280 3256 nullam
303 3195 441 3255 conciliat
463 3195 622 3256 efficaciam
644 3194 858 3254 radiationibus
880 3194 1016 3252 binorum
1037 3188 1232 3268 planetarum,
1262 3208 1361 3250 arcum
1384 3189 1523 3251 determi-

168 3288 311 3343 nantium.

255 3367 327 3422 Nam
344 3365 368 3421 si
386 3365 560 3434 congruentia
584 3372 627 3419 est
645 3381 727 3420 causa
744 3361 885 3435 potissima
914 3359 1074 3430 efficaciaep
1103 3373 1153 3429 per
1171 3374 1249 3429 prop.
1269 3361 1299 3429 3,
1323 3361 1341 3414 t
1366 3367 1394 3415 et
1416 3363 1446 3430 7,
1472 3361 1524 3417 hac
1564 3385 1575 3396 ·

167 3444 251 3513 igitur
270 3443 414 3498 deficiente
437 3461 491 3499 non
513 3447 566 3501 erit
592 3446 731 3502 sufficiens
749 3459 833 3499 causa
858 3439 990 3496 hocloco
1008 3440 1086 3494 rilior
1112 3439 1251 3493 acibilitas.
1287 3439 1350 3494 Etsi
1368 3442 1439 3495 enirn
1456 3441 1525 3497 haec
1588 3489 1590 3496 ,

166 3522 322 3592 praepollet
340 3523 532 3591 congruentiae
550 3524 578 3578 in
596 3521 710 3580 neutrali
727 3522 828 3592 figura,
851 3535 902 3589 per
919 3520 1034 3574 alteram
1053 3524 1159 3588 partem
1178 3534 1219 3586 pr.
1239 3519 1264 3586 7,
1289 3526 1317 3572 at
1336 3520 1454 3598 rioissim
1473 3523 1524 3575 cir·

168 3600 381 3657 cnmferentialis
399 3602 486 3671 figura
503 3611 546 3660 est
562 3604 677 3659 centrali
695 3603 793 3673 potior,
810 3615 860 3670 per
879 3601 909 3667 6,
929 3605 957 3653 et
975 3597 1002 3651 in
1020 3597 1067 3651 illa
1084 3596 1175 3667 potior
1196 3599 1381 3671 congruentia,
1400 3615 1450 3671 per
1467 3602 1521 3673 pri-
1573 3665 1576 3678 Ι

168 3698 243 3735 marn
260 3689 365 3751 partem
383 3699 424 3751 pr.
443 3683 469 3738 7,
504 3683 602 3739 Adhuc
619 3684 700 3752 igitur
717 3678 893 3752 congruentia
910 3678 1014 3746 figurae
1031 3675 1283 3733 circumferentialis
1302 3679 1453 3748 praepollet
1470 3683 1523 3738 soi·

169 3760 271 3815 bilitati
289 3760 393 3830 figurae
411 3761 545 3818 centralis.
1195 3757 1199 3768 ’

259 3837 304 3896 En
328 3855 461 3913 cansam,
495 3856 554 3912 cur,
586 3854 652 3898 curn
674 3837 782 3915 figurae
805 3832 923 3896 scibiles
945 3835 1003 3893 sint
1024 3830 1170 3906 infinitae,
1202 3828 1383 3895 diversorum
1407 3835 1524 3912 quidem

168 3923 332 4000 graduum,
356 3934 492 4003 aspectus
515 3934 612 3986 tamen
635 3926 721 4003 pauci
744 3926 811 3982 siut

260 4013 417 4073 Axioma
438 4012 494 4072 III.
549 4015 642 4072 Arcus
672 4011 788 4086 circuli,
828 4026 952 4086 qnorum
984 4007 1096 4084 figurae
1130 4005 1262 4083 pluribus
1302 4012 1524 4088 potioribusque

157 4083 378 4173 ‘congruentiae
401 4100 624 4177 scibilitetisque
647 4100 786 4177 gradibus
809 4098 938 4175 pollent,
970 4096 1149 4156 efficaciores
1173 4097 1260 4155 etiam
1283 4100 1426 4176 recipiunt
1449 4118 1521 4160 oon·

169 4185 466 4339 figurapioppp.prima
483 4269 620 4325 axiomata
638 4279 703 4326 sunt
720 4274 903 4324 consentanea
922 4282 998 4336 vero,
1019 4266 1071 4322 erit
1089 4275 1117 4320 et
1134 4266 1200 4336 hoo,
1220 4268 1297 4337 quia,
1322 4275 1434 4337 propter
1452 4268 1525 4338 qnod

171 4346 384 4416 unumquodque
402 4357 445 4402 est
462 4346 525 4406 tale,
543 4346 590 4402 illo
608 4348 730 4416 intenso,
754 4348 829 4403 istud
846 4347 929 4401 etiam
947 4345 1034 4416 magis
1053 4346 1105 4400 erit
1121 4345 1185 4400 tale.
1223 4346 1268 4400 Sic
1286 4355 1376 4401 autem
1395 4347 1522 4418 intellige,
1628 4361 1631 4376 ’

170 4424 248 4495 qnod
264 4425 292 4478 in
309 4425 397 4495 figura
415 4424 649 4482 circumferentiali
666 4427 740 4497 prior
758 4423 794 4481 s'it
812 4427 979 4496 comparatio
997 4426 1130 4493 gradrmm
1148 4425 1349 4494 congruentiae,
1368 4425 1396 4479 in
1411 4427 1526 4483 centreli

169 4504 248 4575 prior
262 4503 396 4571 gradum
414 4502 573 4572 nobilitatis,
592 4504 709 4573 denique
726 4504 848 4574 potiores
867 4512 960 4575 partes
978 4503 1227 4560 circumferentielis
1245 4503 1356 4571 figurae.

260 4578 480 4655 Propositio
503 4577 561 4638 IX.
607 4579 858 4656 Configurationes
882 4580 1017 4641 efficaces
1039 4587 1122 4653 eunt,
1145 4597 1221 4655 quae
1239 4580 1426 4655 intercipiunt
1440 4596 1525 4640 arcus

169 4666 274 4728 cuculi
301 4666 414 4726 zodiaci
442 4668 528 4725 istos:
557 4665 607 4725 Gr.
634 4668 695 4726 180
724 4669 887 4745 oppositio,
919 4686 956 4728 ex
984 4667 1125 4727 ueneno
1149 4666 1264 4740 circuli,
1294 4674 1327 4726 ut
1356 4668 1385 4725 in
1407 4667 1456 4744 fig.
1473 4669 1525 4728 24.

169 4755 225 4816 Gr.
257 4756 297 4813 90
325 4753 501 4832 quadratus,
530 4771 565 4814 er
594 4762 764 4832 tetragono,
790 4764 824 4814 ut
849 4758 881 4815 in
909 4756 958 4834 fig.
992 4755 1043 4815 25.
1094 4752 1145 4814 Gr.
1176 4756 1237 4815 120
1268 4757 1373 4829 mnus,
1404 4762 1434 4816 et
1465 4752 1527 4816 60⁰

141 4915 147 4924 ι
226 4865 321 4916 Keplerl
334 4864 412 4918 opera
424 4863 453 4907 V.
1331 4860 1369 4919 16
