3567 5625
738 437 827 495 lictae
844 436 975 496 Editoris.
1396 455 1403 476 ¹
1466 447 1528 508 ιιι

177 608 250 678 quod
272 614 361 665 totum
384 610 523 680 negotium
541 609 641 666 turbat.
677 610 732 668 Sed
755 613 842 682 primo
866 628 921 667 non
939 612 1030 684 pergit
1051 613 1080 668 in
1097 611 1152 668 iliis
1169 620 1283 684 propter
1300 614 1383 670 animi
1401 614 1528 672 uelocita-
1618 579 1621 595 Ι

175 694 230 742 tem
249 695 301 744 etc
338 689 478 759 Secundo,
497 706 551 745 non
570 697 686 759 possunt
704 707 755 747 sua
773 702 871 747 natura
891 707 986 747 omnes
1004 692 1163 762 succedere,
1189 701 1253 748 sunt
1273 710 1370 764 nempe
1390 695 1478 751 malae
1495 711 1530 751 er

175 768 308 837 quadrato
333 769 437 825 Martis.
452 781 456 786 '
474 769 565 825 Tertio
583 769 663 825 Luna
686 771 714 825 in
732 771 794 826 ΧΠ.
819 778 909 840 notat,
936 772 1107 827 invenustam
1132 787 1193 830 esse
1217 772 1290 842 apud
1313 772 1436 829 homines
1460 774 1528 830 hanc

87 899 89 902 ,
173 851 315 919 astutiam,
333 866 389 905 una
406 865 466 904 cum
485 851 590 905 ceteris.

245 930 335 985 Homo
353 928 398 984 hic
416 944 503 998 usque
521 928 555 982 ad
574 945 674 984 annum
692 930 735 1000 26,
754 946 808 999 quo
826 931 896 986 haec
914 929 1019 1000 scripsi,
1038 929 1089 985 fuit
1105 919 1287 987 rationis'non
1300 931 1423 1003 audiena,
1441 933 1527 1003 magis

172 1014 264 1063 tamen
287 1007 315 1062 in
330 1005 482 1076 juventute.
518 1008 624 1063 Deinde
649 1006 703 1063 fuit
729 1009 809 1065 valde
832 1008 978 1063 multarum
1003 1008 1185 1065 et‘variarum
1208 1010 1344 1065 actionum
1363 1012 1528 1080 negotiosus.

173 1086 267 1142 Tertio
285 1101 341 1140 non
358 1085 449 1140 omnia
465 1084 533 1141 vidit
550 1093 649 1156 suopte
668 1086 766 1145 hiante.
802 1087 846 1142 Ex
864 1086 963 1155 quibus
981 1086 1069 1143 tribus
1082 1087 1164 1143 rebus
1183 1089 1305 1158 sequitur
1321 1097 1527 1160 perpetuspoe·

172 1166 267 1221 nitudo
286 1166 413 1235 priorum.
479 1177 482 1178 ’

260 1247 389 1302 Dicamus
408 1245 523 1315 primum
547 1245 581 1300 ds
599 1243 702 1300 ultimo.
740 1246 777 1300 Et
800 1257 866 1300 sane
889 1245 948 1300 sine
964 1244 1161 1314 significatione
1185 1245 1310 1303 natalitia
1332 1246 1361 1300 ln
1380 1245 1526 1315 iuvenibus

175 1328 247 1380 inest
265 1324 411 1379 multarum
428 1338 517 1378 rerum
538 1323 698 1392 ignorantia,
716 1323 744 1379 in
763 1323 816 1379 boc
834 1329 908 1378 certe
926 1323 1016 1378 minus
1034 1340 1115 1394 quam
1133 1325 1162 1381 in
1174 1324 1243 1382 aitis.
1279 1325 1341 1379 dam
1354 1324 1388 1380 de
1400 1324 1527 1381 secundo.

173 1402 253 1473 Quod
271 1404 358 1460 multa
375 1404 471 1473 incipit
488 1418 560 1460 nova
577 1404 712 1473 prioribus
730 1401 907 1470 imperfectis,
927 1417 1027 1457 causae
1039 1402 1179 1459 naturales
1196 1403 1250 1459 has
1262 1410 1339 1459 sunt:
1359 1404 1388 1473 t)
1407 1404 1526 1459 taedium

171 1482 282 1551 laboris,
300 1483 358 1537 siue
375 1482 457 1536 ardor
473 1483 580 1538 subitus
599 1490 627 1537 et
643 1498 699 1537 non
718 1481 856 1537 durabilis.
892 1482 963 1537 Nam
981 1483 1103 1551 quumvis
1121 1489 1164 1539 est
1179 1481 1417 1552 laboriosissimus,
1435 1491 1526 1539 tamen

174 1567 216 1616 est
240 1560 343 1617 laboris
370 1577 433 1615 osor
450 1560 606 1616 acerrimus.
642 1560 765 1616 Laborat
791 1569 881 1614 antem
905 1568 1019 1630 propter
1042 1561 1220 1632 cupiditatem
1238 1557 1341 1616 sciendi
1362 1569 1392 1616 et
1408 1577 1525 1618 amorem
1624 1577 1629 1586 ·

171 1638 292 1709 fingendi
310 1645 338 1693 et
355 1638 488 1694 fictorum.
525 1640 551 1706 2)
572 1639 661 1693 Causa
670 1638 731 1708 alis,
751 1638 824 1707 quod
843 1648 941 1708 coepta
953 1654 1007 1694 uon
1021 1638 1145 1712 absolvit,
1163 1641 1334 1706 infortnnus
1346 1641 1457 1698 arbitrio
1475 1650 1525 1710 est,

171 1717 214 1771 rei
232 1717 325 1788 potius
352 1717 379 1771 in
397 1714 553 1772 conditione
570 1724 692 1772 naturae.
727 1717 797 1770 Nam
822 1716 990 1785 impossihile
1007 1723 1063 1783 est,
1088 1726 1120 1773 nt
1142 1719 1233 1774 omnia
1255 1719 1316 1787 ejus
1338 1719 1447 1789 inceptu
1469 1728 1526 1775 tam

170 1798 257 1852 malta
274 1795 430 1856 succedant.
467 1796 558 1864 Atqrm
585 1796 667 1850 etiam
694 1813 728 1851 ιι
750 1796 847 1851 ardore
871 1797 963 1851 omnia
984 1796 1036 1851 sibi
1062 1796 1153 1854 facilia
1178 1796 1339 1869 persuadet,
1366 1814 1435 1868 quse
1460 1807 1524 1855 sunt

166 1884 258 1930 tamen
281 1875 309 1929 iu
333 1888 415 1942 opere
439 1871 598 1929 difficillimu
620 1882 668 1929 aut
689 1874 840 1943 longissimi
864 1875 1005 1944 temporis.
1041 1877 1111 1931 Nam
1131 1878 1268 1946 ingenium
1289 1876 1370 1949 louge
1388 1879 1522 1949 subtilius,

167 1952 274 2023 agilius,
293 1952 409 2008 celerius
428 1953 637 2024 expeditiusque
655 1962 705 2022 est,
725 1971 807 2023 quam
825 1954 987 2023 cujusquam
1003 1971 1110 2011 manus.
1147 1955 1200 2012 Sed
1219 1964 1318 2026 tamen,
1336 1965 1367 2011 ut
1385 1956 1448 2019 dixi,
1468 1957 1522 2013 for-

165 2039 250 2087 tunae
268 2032 348 2101 culpa
364 2032 520 2100 intervenit,
544 2040 576 2087 ut
593 2033 674 2088 etiam
691 2033 754 2103 illa,
781 2050 852 2103 quae
869 2049 920 2090 sna
937 2039 1036 2090 natura
1054 2035 1113 2091 fieri
1130 2042 1273 2105 poterant,
1298 2034 1457 2091 differantur
1474 2043 1523 2093 ιιι

167 2109 357 2179 impediantur,
376 2110 458 2167 credo
471 2112 535 2180 quia
551 2104 578 2187 Q
592 2121 635 2168 est
648 2114 676 2167 in
699 2109 736 2182 [J
761 2117 801 2178 d.
840 2114 910 2170 Sunt
927 2122 1020 2169 autem
1044 2115 1093 2170 illa
1108 2116 1137 2169 in
1156 2114 1256 2184 duplici
1276 2112 1443 2185 differentia3
1471 2125 1520 2173 aut

164 2190 237 2244 enim
254 2205 299 2245 res
318 2197 361 2246 est
378 2191 412 2245 ab
431 2189 491 2245 aliis
509 2190 676 2247 absolvenda
694 2191 852 2265 artificibus,
871 2208 954 2262 qnam
971 2192 1032 2262 ipse
1044 2193 1152 2263 ingenio
1166 2209 1216 2249 suo
1229 2193 1327 2262 coepit,
1345 2192 1391 2248 ubi
1409 2209 1517 2252 rursum

164 2267 231 2321 nihil
253 2270 317 2324 nori
335 2270 447 2339 accidit,
471 2271 495 2325 si
517 2271 546 2326 in
564 2269 685 2326 artifices
707 2269 749 2325 sui
773 2270 873 2325 similes
898 2285 952 2326 non
970 2270 1077 2341 incidit,
1104 2273 1159 2328 rari
1177 2273 1249 2328 enim
1274 2278 1350 2340 sunt,
1374 2279 1403 2327 et
1420 2275 1520 2330 eximia

165 2340 283 2403 felicitas
307 2356 380 2404 esset
402 2349 430 2403 in
452 2347 522 2404 tales
546 2346 673 2406 incidere.
715 2349 857 2417 Quaedam
879 2350 914 2404 ab
937 2349 999 2407 aliis
1020 2353 1174 2408 neeoesario
1205 2359 1334 2421 tanquam
1359 2350 1522 2420 adjumentis

21 2395 22 2404 ἵ
82 2433 85 2438 “
165 2425 345 2494 perficiuntur
361 2437 390 2483 et
406 2435 471 2482 sunt
489 2427 610 2482 moralia.
647 2428 699 2484 Ubi
717 2429 871 2484 infelicitati
888 2428 1020 2498 peculiari
1037 2429 1086 2500 do,
1112 2430 1185 2500 quod
1203 2438 1252 2486 aut
1273 2430 1301 2484 in
1318 2427 1458 2497 adiutum
1475 2447 1521 2486 ne·

21 2529 22 2556 ι
96 2549 103 2556 .
165 2520 244 2561 ιιιιι
262 2507 347 2563 habet
363 2507 491 2575 incidere,
510 2514 559 2561 aut
576 2506 735 2576 adjumenta
752 2508 830 2564 tarda
848 2517 919 2564 sunt.
959 2509 1013 2565 Sed
1030 2508 1172 2567 differatur
1189 2510 1242 2566 boo
1258 2508 1373 2564 inillam
1386 2507 1521 2578 quaestio-

166 2600 243 2653 nem,
267 2602 317 2642 cur
340 2587 421 2643 homo
440 2587 484 2642 bic
507 2587 596 2641 omniu
613 2603 663 2657 per
681 2587 749 2644 aiios
767 2587 881 2656 efficiat,
905 2588 974 2643 nihil
991 2586 1075 2656 (quod
1099 2587 1257 2643 felicitatem
1275 2588 1390 2657 spectet)
1408 2603 1458 2658 per
1481 2603 1519 2643 ιι.

168 2664 262 2720 Tertia
280 2682 378 2733 cansa,
398 2666 471 2735 quod
489 2683 559 2721 nora
574 2668 659 2721 muba
675 2667 780 2738 incipit,
799 2677 842 2724 est
859 2668 1014 2739 multiplex:
1033 2667 1155 2737 quamuis
1174 2666 1246 2721 enim
1263 2666 1415 2722 absterrere
1431 2666 1521 2736 ipsum

168 2741 293 2814 deberet,
318 2745 393 2815 quod
417 2746 509 2816 priora
532 2753 596 2801 sunt
619 2745 791 2817 imperfecte,
817 2745 954 2818 cupiditas
972 2754 1063 2802 tamen
1081 2759 1152 2800 nora
1168 2743 1303 2799 tractandi
1327 2744 1408 2816 longe
1425 2745 1522 2800 fortior

165 2828 216 2878 est
253 2824 417 2893 cupiditatis
434 2824 518 2892 liujus
536 2823 679 2879 illecebras
697 2833 763 2880 snut
784 2826 841 2881 rita
857 2825 1022 2882 scholastica
1047 2832 1076 2880 et
1102 2823 1267 2895 umbratilis3
1291 2840 1354 2881 num
1376 2824 1521 2882 sidiificiii

169 2919 255 2959 onere
273 2902 422 2959 functionis
441 2903 628 2973 distineretur,
646 2920 701 2958 non
718 2910 812 2974 posset
829 2902 971 2974 indulgere
988 2902 1131 2973 cupiditati
1147 2901 1212 2958 huic
1229 2903 1401 2973 speculandi,
1423 2911 1454 2959 ut
1469 2920 1521 2959 nee

162 2988 230 3049 tum,
252 2980 276 3036 si
300 2988 424 3052 egestate
446 2990 622 3053 premeretur.
663 2983 759 3052 Itaqns
781 2983 873 3038 nutrix
897 2983 981 3051 hujus
1004 2981 1159 3052 cupiditatis
1184 2988 1227 3036 ιιι
1252 2981 1308 3039 uita
1330 2999 1382 3039 nec
1409 2988 1519 3043 summis

163 3058 314 3114 honoribus
338 3067 462 3125 onerata,
489 3075 540 3115 nec
563 3068 685 3128 egestate
710 3076 821 3131 pressa,
845 3062 879 3117 de
898 3063 977 3131 cnjus
1002 3062 1087 3130 siguis
1106 3060 1167 3115 ride
1185 3064 1291 3131 postea.
1328 3061 1408 3130 Quod
1425 3071 1517 3121 autem

163 3137 342 3207 cupiditatem
363 3139 452 3209 ipsam
469 3139 583 3207 attinet,
610 3156 671 3195 cnm
689 3139 766 3195 nulls
788 3141 825 3195 sit
842 3140 959 3196 mnditia
978 3142 1038 3196 sine
1055 3138 1118 3210 illa,
1145 3154 1226 3195 omne
1250 3156 1313 3197 vero
1336 3142 1474 3212 ingenium
1493 3154 1521 3202 st
1633 3140 1634 3143 ’

163 3217 281 3273 eruditio
300 3219 479 3289 adtercnrio,
498 3219 623 3275 existimo
641 3218 817 3289 cupiditatem
835 3219 909 3275 hanc
925 3219 1073 3289 significari
1090 3220 1256 3279 altercario
1274 3220 1376 3291 veloce,
1396 3224 1520 3280 orientali

163 3295 190 3349 in
205 3295 267 3350 Vll.
303 3296 343 3351 Et
359 3296 431 3353 forte
450 3299 568 3353 ιιίιιιιι
595 3295 632 3369 [i
654 3303 698 3369 (5,
721 3298 769 3367 qni
786 3299 911 3355 ardorem
934 3306 962 3354 et
986 3300 1222 3369 praecipitantium
1243 3299 1357 3356 denotat
1374 3309 1518 3357 nocentem

162 3380 191 3428 et
208 3388 240 3428 se
257 3374 347 3444 ipsam
364 3376 563 3445 impedientem

250 3452 306 3508 Sed
324 3454 482 3511 accenditur
498 3462 530 3511 ιι
546 3454 692 3526 plurimum
710 3455 778 3511 baec
795 3455 932 3527 cupiditas
951 3456 1084 3526 exemplis
1102 3455 1215 3512 aliorum
1235 3466 1263 3513 et
1279 3456 1339 3527 ipsa
1357 3456 1518 3516 difficultate

160 3547 267 3600 rerum,
291 3533 365 3601 quod
381 3535 491 3605 proprie
509 3536 606 3591 Martis
625 3543 682 3607 est,
706 3543 736 3591 ut
760 3544 788 3591 at
806 3537 890 3605 ignis,
915 3537 994 3605 eujus
1013 3543 1138 3591 naturam
1162 3536 1246 3591 habet
1262 3538 1345 3592 Mars.
1382 3536 1516 3607 Exempla

162 3605 269 3667 iaciunt
292 3614 514 3682 aemulationem,
539 3630 609 3684 quas
631 3622 675 3670 est
697 3616 830 3671 adferte.
866 3616 920 3670 Est
942 3622 1034 3670 autem
1061 3629 1137 3669 amor
1155 3615 1224 3682 reri,
1251 3614 1371 3685 pulchri,
1399 3617 1516 3691 honesti,

161 3687 268 3761 landis,
294 3691 411 3764 moriae,
433 3695 627 3749 nutrimentum
645 3700 674 3749 et
690 3692 753 3748 finis
776 3693 858 3761 hujus
877 3692 1046 3761 cupiditatis;
1064 3707 1135 3761 quae
1155 3693 1289 3763 cupiditas
1313 3694 1408 3749 barum
1427 3710 1518 3749 rerum

161 3769 235 3825 unde
259 3771 309 3839 sit,
332 3770 398 3826 alibi
415 3771 640 3827 considerandum
663 3780 714 3827 est.
748 3771 835 3826 Porro
859 3787 894 3826 ιι
916 3771 964 3825 illa
986 3770 1194 3840 praecipitantia
1216 3778 1245 3825 et
1260 3772 1416 3841 cupiditate,
1435 3784 1516 3842 quom

162 3848 288 3903 nocivam
306 3848 370 3919 dixi,
389 3850 441 3906 boc
459 3849 597 3919 sequitur,
615 3853 646 3905 uit
663 3851 739 3920 prius
757 3848 859 3918 aliquid
876 3849 979 3905 incidat
996 3849 1153 3919 dicendum,
1172 3865 1253 3918 qnam
1271 3849 1403 3919 perpendi
1420 3850 1515 3919 possit.

161 3943 245 3997 qnam
264 3929 367 3984 bonum
386 3930 430 3984 sit.
466 3930 536 3984 Hinc
553 3928 740 3985 hallucinatur
756 3934 889 3998 perpetuo
907 3927 936 3982 in
954 3940 1093 3991 sermone,
1111 3928 1174 3983 hinc
1193 3943 1227 3982 ne
1245 3927 1354 3997 quidem
1372 3929 1516 3999 epistolam

160 4006 231 4062 bene
256 4006 350 4063 scribit
376 4023 410 4063 ιι
438 4015 569 4078 tempore.
604 4008 715 4063 bfodica
740 4022 804 4062 uero
831 4007 1000 4063 correctione
1028 4006 1164 4077 adhibita,
1193 4009 1283 4063 omnia
1309 4006 1379 4062 fiunt
1403 4009 1515 4078 optima

160 4086 238 4141 Bene
256 4085 365 4155 qnidam
383 4085 505 4155 loquitur
522 4095 551 4141 et
568 4087 637 4143 bene
655 4087 758 4153 scribit,
776 4088 907 4156 quamdiu
924 4085 994 4142 nihil
1010 4087 1123 4157 premit,
1142 4088 1194 4144 nisi
1213 4087 1286 4157 quod
1304 4088 1515 4156 praemeditatus

159 4165 226 4221 olim
244 4166 342 4221 fuerat
378 4166 433 4221 Sed
448 4166 579 4234 loquenti,
596 4167 726 4222 scribenti
743 4173 876 4238 perpetua
892 4166 1051 4222 intercurrit
1068 4166 1198 4234 cogitatio
1217 4164 1250 4220 de
1268 4166 1345 4221 noris
1365 4166 1407 4221 sel
1424 4166 1514 4223 verbis

160 4245 203 4300 ret
221 4244 304 4300 rebus
321 4245 364 4300 rei
381 4244 468 4300 modis
486 4245 616 4315 loquendi
634 4255 683 4301 aut
700 4245 914 4316 argumentandi,
933 4244 975 4300 rel
993 4245 1028 4300 de
1045 4260 1115 4300 noro
1134 4243 1246 4299 consilio
1263 4242 1306 4298 rei
1324 4243 1358 4299 de
1375 4243 1514 4299 reticendo

159 4324 208 4381 ilio
226 4325 302 4395 ipso,
329 4325 402 4395 qnod
420 4325 550 4393 loquitur.
587 4327 655 4380 Cum
680 4326 763 4395 igitur
780 4325 838 4395 alii,
863 4333 894 4379 ut
912 4323 1045 4393 Scaliger,
1073 4338 1107 4377 ex
1126 4328 1249 4391 tempore
1267 4322 1387 4377 scribant
1405 4324 1513 4393 optima,

148 4404 276 4460 'necesse
293 4410 350 4474 est,
373 4402 435 4458 illos
453 4402 555 4459 babere
573 4404 784 4474 significatorem
807 4404 926 4473 optimae
949 4400 1077 4472 rationis,
1098 4401 1225 4470 junctum
1246 4400 1421 4469 significaturi
1439 4403 1514 4472 cupi·

160 4483 264 4540 ditatis.
301 4481 374 4549 Quid
390 4482 488 4537 mirum
505 4490 604 4549 autem,
624 4484 648 4536 si
665 4497 754 4538 sermo
772 4488 814 4538 est
832 4481 973 4536 character
985 4478 1064 4549 ritae,
1083 4479 1227 4549 quoderat
1245 4479 1322 4535 initio
1335 4480 1512 4551 propositum.

159 4562 259 4631 dieque
277 4568 369 4617 tamen
380 4561 459 4631 alius,
478 4563 521 4619 cui
534 4556 619 4640 estQ
640 4561 668 4615 in
680 4563 738 4616 VII.
754 4558 902 4627 orientalis,
920 4557 1008 4623 velox,
1032 4556 1160 4627 ditemus,
1179 4566 1325 4628 propterea
1337 4559 1429 4614 statim
1439 4558 1512 4614 idem

159 4641 226 4710 erit,
250 4639 326 4711 quod
347 4640 403 4707 hic,
426 4641 492 4709 quia
509 4647 633 4696 naturam
655 4639 755 4708 ingenii
779 4646 888 4709 oportet
911 4650 971 4692 esse
999 4636 1078 4692 simul
1096 4652 1225 4705 capacem
1246 4643 1289 4691 tot
1314 4636 1509 4706 cogitationum

164 4721 312 4775 unitemm
348 4719 424 4774 Haec
446 4728 560 4776 ιιιιιιιι
582 4717 718 4786 capacitas
742 4731 805 4772 esse
828 4716 936 4771 videtur
952 4729 970 4769 s
986 4707 1028 4792 Q)
1050 4722 1079 4770 ιι
1096 4716 1159 4770 Aac.
1179 4712 1260 4770 simul
1278 4731 1339 4771 cum
1351 4715 1438 4771 stellis
1450 4715 1511 4785 plu·

159 4799 250 4868 rianio,
269 4796 342 4853 unde
360 4798 517 4866 imaginatio
536 4806 564 4854 et
580 4795 781 4852 reminiscentis
796 4796 928 4852 mirabilis
947 4794 1027 4849 unius
1045 4810 1080 4848 ex
1097 4794 1163 4864 alio,
1187 4808 1248 4848 cum
1264 4800 1356 4849 tamen
1372 4794 1509 4859 memoria,

160 4878 252 4959 qualis
274 4879 303 4933 in
320 4876 395 4948 aliis,
416 4892 556 4947 nunquam
579 4875 663 4933 fuerit
678 4877 764 4945 boatu
792 4875 846 4931 hcc
868 4880 924 4942 est,
950 4886 1020 4943 quae
1044 4873 1151 4942 species
1175 4887 1209 4927 ιι
1226 4872 1287 4928 sola
1303 4872 1441 4929 auditione
1462 4879 1511 4937 aut
