3567 5625
587 404 768 463 Harmonisis.
804 408 889 465 Liber
898 409 950 467 m.
969 410 1113 478 caputiv.
1250 357 1255 376 1
1467 415 1526 476 iti

171 594 208 653 ab
230 593 422 664 inconcinnis,
447 607 523 665 quaa
545 586 655 647 nuliius
678 593 782 646 cautus
806 588 935 648 ordinati
957 597 1081 650 nactum
1104 588 1320 667 ingrediuntur,
1355 605 1458 666 gruem
1481 588 1528 649 di·

172 690 276 741 cuntur
297 677 406 754 ἑμμελη
429 686 460 736 at
482 675 595 752 ἑκμελη.

257 764 345 840 Quod
365 772 490 825 naturae
513 763 662 840 ingenium
686 761 715 819 in
739 759 905 822 discrimina
928 765 1134 823 cancianorum
1158 773 1188 825 et
1201 759 1440 830 inconcinnarum
1462 781 1527 826 cum

172 853 307 913 videraut
334 862 466 927 vetares,
497 847 697 928 quaerendum
725 849 813 925 igitur
835 852 1054 925 existimarunt,
1087 851 1235 928 quodnam
1265 860 1344 912 essct
1374 868 1527 914 commune

176 943 311 1000 amnibus
334 942 483 999 concinnis
512 948 542 998 et
565 937 703 997 consonis
731 936 883 995 minimum
908 936 1102 1011 elementum,
1135 957 1171 999 ex
1193 957 1252 1017 quo
1282 938 1442 1000 secuudum
1470 938 1536 998 aii-'

175 1046 264 1105 quem
285 1044 437 1087 numerum
458 1033 554 1086 sumto
577 1022 730 1101 quodlibet
751 1041 787 1083 ex
810 1027 949 1084 consonis
972 1034 1002 1085 et
1024 1027 1173 1085 concinnis
1187 1035 1420 1103 componeretur.
1465 1026 1527 1086 Ne·

175 1133 255 1177 cassa
278 1117 355 1176 euim
377 1113 532 1174 videbatur
560 1114 684 1171 existere
714 1109 835 1187 aliquod
866 1112 927 1171 taio
955 1115 1107 1172 minimum
1130 1114 1317 1174 intervalium
1337 1122 1381 1173 ut
1401 1113 1527 1190 simplex

175 1215 205 1264 at
226 1211 292 1263 ortu
315 1203 395 1280 prius
418 1203 489 1278 ipsis
513 1199 729 1271 consonantiis,
760 1215 837 1275 quaa
860 1198 1039 1261 videbantur
1061 1204 1241 1279 compositae
1263 1219 1299 1262 ex
1320 1201 1373 1262 tali
1396 1203 1526 1270 minimo,

177 1298 279 1368 utpote
303 1306 368 1349 cum
390 1297 487 1350 assant
508 1283 666 1347 intervalla
689 1285 748 1346 alia
770 1285 837 1346 aliis
860 1287 984 1362 majora
1031 1291 1122 1366 ritqui
1144 1306 1191 1349 res
1212 1289 1300 1364 ionga
1323 1288 1407 1348 alitor
1427 1288 1526 1363 habet,

177 1378 255 1455 quod
286 1376 387 1438 multis
411 1374 553 1451 axampiis
584 1373 681 1433 doceri
709 1381 818 1450 potest
862 1373 939 1433 Nam
967 1376 993 1434 ai
1022 1377 1183 1451 specierum
1212 1379 1341 1435 omnium
1365 1373 1526 1446 individua,

179 1484 255 1542 quac
278 1462 457 1541 magitudne
480 1463 625 1530 differunt,
650 1476 768 1520 cauno
792 1464 940 1520 communi
962 1464 1083 1522 minimo
1106 1471 1256 1536 constant,
1282 1465 1335 1523 erit
1357 1465 1447 1537 igitur
1468 1481 1527 1521 una

180 1554 281 1629 aliqua
303 1553 421 1611 minima
443 1552 593 1626 quantitas
615 1547 761 1608 humanae
783 1550 907 1622 speciei,
936 1566 973 1608 ex
995 1550 1160 1626 cujusmodi
1183 1553 1339 1627 pasionum
1367 1558 1446 1609 certo
1469 1547 1526 1608 aii·

179 1658 236 1717 quo
259 1656 379 1698 numero
400 1637 480 1698 velut
502 1655 538 1698 cx
561 1634 712 1696 elementis
736 1634 860 1710 quilibet
881 1635 972 1695 homo
995 1645 1201 1714 componatur,
1231 1654 1367 1714 procerus
1390 1654 1426 1695 ca
1448 1636 1526 1696 mul·

114 1765 118 1782 ,
178 1731 223 1799 tis,
246 1726 376 1804 pumilus
398 1742 430 1785 ox
452 1727 564 1803 paucis.
609 1721 675 1780 Non
699 1724 794 1779 minus
816 1723 894 1780 enim
918 1724 948 1780 in
971 1723 1148 1784 harmonicis
1171 1727 1299 1803 qualitas
1322 1727 1394 1793 leta,
1418 1739 1526 1784 causo-

179 1818 288 1887 nanda,
312 1814 444 1871 iuiormst
465 1812 639 1872 chordarum
661 1809 880 1885 proportionem
903 1826 957 1868 seu
979 1828 1085 1870 vocum
1104 1813 1299 1887 intervallum,
1323 1829 1410 1889 quam
1432 1811 1525 1878 forma

135 1945 139 1956 „
179 1903 306 1961 bominis
328 1899 431 1982 molem
453 1900 535 1959 iiiam
557 1898 697 1958 materiae
716 1896 874 1970 informat,
895 1911 976 1972 'quac
999 1898 1125 1959 hominis
1147 1908 1214 1961 cute
1236 1901 1372 1962 ambitur.
1417 1899 1456 1957 lit
1476 1899 1526 1958 aar

182 1990 262 2049 obiiti
287 1996 355 2047 suni
378 1988 568 2063 geometriae,
597 1988 628 2042 in
652 2001 711 2059 qua
737 1983 864 2060 plurima
887 1992 957 2042 sunt
978 1986 1114 2063 exempla
1144 1990 1238 2047 omnis
1263 1989 1378 2064 generis
1407 1988 1527 2062 quanti·

181 2087 273 2136 tatum
296 2072 636 2144 incomuensurabilium,
660 2087 784 2148 quarum
806 2070 938 2130 delinitio
961 2083 1016 2146 cst,
1039 2073 1122 2132 uuila
1140 2077 1256 2151 panitm
1280 2076 1426 2134 communi
1442 2091 1536 2133 man-.

184 2182 265 2237 sura,
295 2166 425 2239 quaesit
447 2179 483 2221 ex
506 2159 611 2221 codam
633 2175 740 2234 gauere
763 2161 980 2239 quantitatum,
1008 2170 1148 2237 tanquam
1179 2162 1279 2238 aliquo
1305 2162 1526 2237 compositionis

185 2251 328 2312 elemento
349 2251 517 2326 quantitatis
539 2255 651 2319 certae,
677 2244 915 2306 communicare?

223 2401 225 2406 ,
267 2337 318 2397 Sic
335 2337 421 2414 igitur
443 2332 600 2396 tenendum
623 2339 683 2404 asi,
713 2334 871 2392 intervalla
893 2349 1023 2393 consona
1046 2329 1266 2415 (praeterquam
1290 2351 1413 2412 quonam
1437 2352 1526 2395 unum

184 2433 227 2486 ast
248 2425 364 2485 altariis
385 2419 553 2505 multiplex)
576 2439 651 2494 esse,
674 2428 707 2479 ut
726 2423 928 2497 proportiones
951 2420 1462 2502 iliasipsaa,jncommensurab1iia,
1484 2425 1527 2483 sic

184 2511 309 2589 quidam,
325 2518 358 2570 ut
379 2514 513 2588 quamvis
537 2527 637 2570 aarum
660 2507 842 2568 differentiae
865 2511 994 2567 numeris
1016 2510 1228 2585 exprimantur,
1256 2508 1336 2588 quod
1358 2513 1387 2568 in
1411 2510 1526 2587 simpli·

185 2602 267 2660 cibus
290 2601 409 2658 numeris
437 2607 483 2658 ast
504 2600 622 2674 signum
644 2595 951 2667 commensurationis,
981 2595 1038 2654 hac
1065 2603 1162 2655 tamen
1194 2597 1386 2669 differentiae,
1417 2599 1526 2675 quippo

186 2704 242 2747 nou
265 2685 406 2762 simplices
427 2687 555 2759 numeri,
584 2681 637 2743 scd
659 2683 830 2755 fractiones,
862 2697 921 2739 nou
949 2682 1009 2740 sint
1037 2680 1232 2743 dilatantium
1259 2697 1329 2761 para
1358 2681 1405 2743 vei
1427 2692 1525 2760 partas

186 2773 326 2852 aliquotas
357 2772 519 2833 secundum
548 2770 676 2848 aliquem
708 2785 870 2830 nnmerum.
916 2767 1007 2829 Verbi
1035 2786 1125 2831 cauea
1153 2771 1229 2833 duaa
1257 2773 1460 2850 proportiones
1487 2767 1540 2856 Ἃ,

188 2872 214 2921 at
242 2858 280 2943 Ὗ,
303 2869 363 2920 ruat
385 2862 459 2919 inter
485 2877 516 2920 se
539 2866 573 2918 ut
601 2874 739 2917 nummus
765 2861 779 2916 l
812 2855 851 2915 ad
881 2873 1034 2916 numerum
1056 2861 1090 2933 l,
1117 2868 1186 2919 sunt
1207 2876 1277 2937 ergo
1305 2862 1526 2921 commensura·

186 2948 268 3022 biles,
290 2966 349 3006 ram
376 2943 415 3032 Ἰ,
438 2954 483 3005 cst
505 2945 596 3023 dupla
617 2947 711 3023 ipsius
738 2940 782 3026 ll,
828 2943 895 3003 Hoc
917 2946 946 3000 in
970 2944 1036 3004 coia
1050 2949 1125 3006 sarie
1148 2951 1285 3007 continue
1300 2947 1453 3024 duplarum
1475 2948 1524 3007 io·

189 3053 252 3097 oum
274 3035 362 3095 babet.
407 3033 483 3094 Nam
511 3036 542 3091 iu
570 3035 645 3093 sarie
673 3031 824 3108 triplatam
854 3039 885 3090 et
915 3038 1075 3091 ceterarum
1105 3034 1310 3110 multiplicium
1336 3050 1394 3093 non
1410 3030 1524 3094 'dantur
1566 3064 1570 3073 ·

188 3123 261 3183 duaa
283 3125 475 3201 proportiones
498 3137 659 3193 consonae,
689 3127 723 3178 ut
749 3114 787 3200 ¹),
810 3127 856 3179 ast
885 3117 1003 3193 quidam
1027 3119 1114 3197 tripla
1140 3124 1233 3198 ipsius
1261 3118 1314 3202 7„
1342 3127 1373 3181 at
1394 3121 1460 3181 sola
1484 3118 1522 3205 Ἰ,

188 3214 317 3271 estium
339 3226 497 3289 consonas,
525 3205 561 3286 ¹l9
584 3223 654 3265 vcra
681 3214 727 3265 cst
748 3209 823 3265 inter
846 3205 993 3276 dissonas,
1026 3223 1079 3284 par
1100 3224 1146 3267 aa.
1172 3210 1200 3267 3.
1245 3209 1326 3269 idam
1356 3208 1456 3269 videre
1479 3216 1524 3270 est

189 3301 274 3358 etiam
287 3298 316 3354 iu
339 3314 397 3355 non
419 3294 647 3372 multiplicibus,
678 3301 711 3351 ut
732 3294 761 3351 in
784 3292 980 3368 sesquialtera
1000 3289 1055 3373 ²l„
1079 3310 1225 3365 consona;
1248 3297 1334 3356 datur
1360 3313 1432 3357 sane
1459 3298 1523 3374 aius

190 3384 329 3463 multiplex
352 3398 382 3442 at
402 3386 445 3441 sic
467 3380 746 3452 commensurabilis,
769 3396 836 3438 nam
861 3374 904 3458 Ἃ,
926 3387 972 3437 est
992 3380 1031 3439 ad
1055 3377 1096 3463 Ἃ
1118 3389 1152 3442 ut
1173 3400 1309 3443 uumerus
1332 3386 1351 3440 2
1375 3383 1412 3443 ad
1438 3387 1465 3459 1,
1492 3393 1525 3445 at

191 3469 229 3553 Ἰ,
250 3489 300 3531 nm
322 3478 366 3530 eat
388 3472 463 3529 inter
486 3486 640 3531 consonas.
686 3467 709 3525 il
732 3474 834 3527 contm
855 3467 915 3524 sint
936 3465 1012 3527 aliae
1035 3469 1111 3529 duae
1131 3486 1287 3545 consonae,
1311 3488 1398 3547 quam
1422 3489 1458 3531 aa
1473 3488 1523 3531 se·

191 3561 230 3619 ric
252 3559 378 3620 cunnus
402 3556 569 3634 duplarum,
597 3563 633 3614 ut
658 3549 696 3635 Ἀ
719 3562 750 3613 et
773 3548 830 3633 '²l33
860 3552 918 3612 baa
946 3552 1021 3613 duaa
1048 3560 1251 3633 proportiones
1279 3575 1337 3617 non
1360 3566 1428 3616 aunt
1449 3560 1524 3618 inter

192 3665 222 3705 se
244 3643 519 3719 cmmenamsbtias,
542 3644 599 3703 boc
621 3648 667 3702 ast
688 3658 747 3700 non
770 3648 802 3699 ut
824 3657 963 3700 numerus
985 3642 1022 3701 ad
1037 3660 1205 3718 numerum3
1228 3662 1366 3705 excessua
1388 3647 1464 3704 enim
1482 3644 1523 3729 'lg

191 3736 268 3810 ipsiu
292 3727 327 3812 ¹),
350 3748 440 3808 super
462 3726 501 3811 Ἄ
528 3747 589 3790 nan
608 3731 726 3788 metitur
756 3744 852 3803 nequa
880 3722 918 3809 ¹),
946 3746 1042 3805 noque
1066 3725 1117 3812 Ἃ.
1163 3731 1300 3811 Consona
1323 3734 1411 3809 igitur
1431 3718 1523 3794 intar-

191 3820 257 3880 valls
277 3826 382 3877 natura
404 3819 501 3894 priora
523 3826 592 3877 sunt
614 3816 774 3875 minoribus
796 3814 967 3890 intervallis,
992 3835 1068 3892 quaa
1091 3821 1233 3879 concinna
1246 3819 1446 3898 appellamus3
1469 3838 1523 3882 nco

192 3907 464 3982 illacompanuntur
484 3923 521 3965 ox
542 3907 606 3965 istis
628 3910 770 3980 tanquam
791 3921 828 3962 ax
851 3901 1001 3962 elementis
1024 3913 1076 3964 aut
1097 3923 1133 3964 er
1155 3909 1260 3970 minori
1282 3908 1383 3984 aliqua
1404 3911 1522 3985 quanti·

192 4003 252 4065 tata,
275 3992 328 4052 sed
351 4003 452 4055 contra
474 3992 548 4053 baec
571 3989 688 4051 exiliis
710 3998 851 4066 tauquam
874 4006 911 4049 aa
933 3994 1030 4050 causis
1053 3994 1193 4053 emuntur.

261 4077 321 4140 Ubi
343 4078 474 4139 notanda
496 4088 540 4139 cst
564 4096 621 4137 vox
644 4077 784 4151 ambigue
807 4078 1041 4153 compositionis,
1071 4098 1148 4156 quae
1178 4081 1323 4142 interdum
1353 4088 1446 4140 ortum
1469 4080 1522 4141 dc·

190 4174 258 4229 nost
279 4166 324 4226 rai
345 4167 522 4240 naturaiam,
556 4163 699 4224 interdum
728 4179 800 4222 vcro
823 4161 998 4225 divisionem
1028 4170 1068 4226 rei
1093 4171 1336 4243 quantitativum,
1366 4186 1441 4246 quae
1462 4185 1521 4227 nou

192 4266 256 4315 orus
279 4263 333 4328 eet,
357 4253 409 4313 scd
432 4254 590 4313 destructio
612 4252 731 4328 potius3
762 4256 795 4307 nt
817 4266 881 4308 eum
906 4252 1045 4312 circulum
1068 4252 1189 4314 dicimus
1217 4264 1349 4315 constare
1372 4255 1521 4314 extribus

192 4343 341 4413 mutibus,
364 4341 528 4400 dividentes
550 4342 630 4417 prius
654 4336 794 4398 circulum
816 4347 913 4398 mente
936 4341 965 4397 iu
988 4343 1052 4413 tria,
1076 4349 1128 4400 aut
1150 4360 1216 4402 cum
1238 4342 1396 4402 humanum
1417 4358 1520 4420 corpus

193 4430 301 4490 dtimus
323 4445 388 4488 esse
411 4429 603 4505 compositum
627 4444 662 4486 ax
685 4425 836 4497 membris,
864 4441 922 4483 nou
945 4426 1025 4504 quod
1048 4427 1154 4488 suerint
1175 4430 1305 4490 membra
1326 4434 1393 4489 anta
1416 4445 1520 4506 corpus

194 4533 334 4592 scorpus
357 4533 392 4576 cx
416 4515 475 4574 iliis
498 4515 651 4575 collectum
675 4521 705 4572 at
727 4519 939 4585 consumtum,
963 4523 995 4574 ut
1018 4514 1121 4575 domus
1143 4534 1178 4575 ax
1200 4515 1350 4593 lapidibus
1372 4523 1402 4575 ct
1422 4515 1518 4593 liquis,

193 4602 229 4663 sd
253 4605 326 4679 quia
357 4620 461 4681 corpus
483 4619 572 4663 causa
594 4600 680 4661 molis
710 4602 740 4658 iu
761 4599 834 4659 hacc
855 4601 1000 4673 membra,
1033 4618 1108 4677 quae
1130 4602 1246 4679 singula
1272 4604 1393 4663 seorsim
1416 4619 1519 4680 corpus

194 4692 349 4765 egenitum
370 4690 496 4767 amplius
519 4696 682 4760 nunaunt,
706 4695 750 4747 ast
773 4685 932 4746 dividuum.
980 4689 1071 4748 Priori
1093 4689 1257 4764 significatu
1279 4689 1444 4768 negandum
1467 4697 1520 4765 est,

195 4776 333 4837 itarvaila
355 4794 484 4837 conam
505 4777 553 4837 vel
577 4793 613 4836 ex
636 4775 702 4834 aiiis
725 4775 860 4833 consonis
881 4773 931 4833 val
952 4792 989 4834 ax
1010 4777 1160 4836 concinnis
1182 4781 1336 4855 compoui3
1366 4778 1520 4855 postcdori

194 4864 346 4941 muidcatu
368 4881 439 4927 saue
460 4870 595 4959 canumet
618 4868 647 4925 et
667 4862 710 4920 sic
733 4862 816 4939 qnasi
840 4868 1052 4944 compouublur
1074 4857 1169 4947 (quod
1194 4866 1250 4945 ipsi
1272 4868 1301 4924 ln
1323 4866 1520 4949 superioribus
