3567 5625
243 434 304 495 len
476 414 488 425 “
768 433 811 487 De
828 432 1054 503 Propertionibns
1114 470 1118 477 ·

241 611 351 668 tionem
372 611 461 669 marie
486 615 516 668 et
536 608 679 669 laminae:
711 610 782 686 qnid
804 612 909 671 mirum
933 612 1040 687 igitur,
1069 615 1094 671 si
1117 615 1205 674 etiam
1227 613 1344 673 soboles
1367 612 1591 691 quinquangnli,

242 697 327 755 tertia
350 696 422 773 dura
450 713 505 755 sen
528 692 567 777 ⁴!
596 704 626 756 et
647 698 743 758 mollis
774 695 810 780 ὅθι
839 708 959 758 moveat
981 702 1109 772 animos,
1138 701 1224 760 Dei'
1217 704 1371 777 imagines,
1406 700 1444 760 sd
1469 700 1591 760 affectus

242 785 439 907 generationis
462 785 581 859 negotio
604 786 838 864 comparandos?
881 785 941 846 Ubi
959 787 1146 864 repetendum
1170 806 1205 848 ex
1221 790 1357 866 capitol,
1380 787 1461 864 quod
1483 805 1590 863 qnam-

243 865 325 930 vis¹
329 879 354 951 j,
375 871 415 929 sit
436 888 471 930 ox
495 873 673 947 sexangulo,
688 873 836 932 residuum
851 882 948 933 tamen
964 870 1007 955 ³,f
1022 892 1081 934 nou
1096 886 1237 944 consonet
1254 884 1371 953 propter
1385 875 1589 953 sexangulum,

241 956 293 1017 scd
315 966 432 1036 propter
454 958 664 1020 derivationem
687 978 723 1020 ex
745 963 837 1021 tribus
859 960 959 1020 circuli
982 961 1109 1034 decimis,
1133 981 1184 1039 per
1198 965 1386 1023 terminorum
1409 960 1589 1039 duplicatio·

242 1063 309 1105 nem
331 1054 361 1105 et
386 1045 631 1119 dimidiationem
653 1049 754 1124 itaque
777 1051 866 1108 etiarn
887 1046 1037 1109 residuum
1057 1049 1114 1109 hoo
1136 1050 1260 1125 eJ'nsqne
1275 1049 1401 1121 soboles,
1425 1051 1511 1109 tertia
1532 1053 1590 1108 mi·

241 1150 302 1207 nor,
326 1139 371 1193 est
392 1151 428 1193 ex
443 1135 689 1210 quinquangnlari
706 1135 862 1210 figurarum
873 1135 976 1196 classe.
1021 1134 1087 1196 Hoc
1103 1139 1190 1212 igitur
1205 1137 1346 1210 stabilito,
1368 1137 1448 1212 quod
1463 1138 1588 1196 societas

241 1220 362 1279 duarum
385 1223 534 1280 tertiarum
554 1231 753 1299 repraesentet
775 1226 947 1284 societatem
969 1225 1056 1283 maris
1080 1232 1110 1283 et
1127 1225 1267 1298 feminae,
1290 1225 1372 1283 nullo
1390 1224 1454 1300 jam
1469 1226 1588 1299 negotio
1623 1276 1626 1277 a

242 1309 347 1385 cuique
370 1310 452 1368 sexui
480 1326 536 1369 sua
563 1312 728 1386 assignatur
750 1314 844 1370 tertia.
890 1311 987 1385 MaJ‘or
1010 1313 1087 1369 enim
1117 1315 1202 1371 tertia
1224 1311 1317 1370 virilis
1342 1310 1464 1390 evadet,
1495 1314 1616 1379 minor,

240 1397 381 1469 leminea,
405 1413 471 1455 cerm
493 1396 596 1457 eadem
618 1400 656 1456 sit
678 1400 807 1474 ipsorum
831 1399 920 1458 etiam
935 1415 1089 1475 corporum
1105 1402 1268 1476 viriumque
1282 1406 1343 1458 tam
1358 1401 1486 1476 corporis
1500 1416 1589 1474 quam
1613 1450 1617 1463 .

241 1485 329 1542 animi
358 1485 516 1561 proportio.
562 1484 694 1561 Cumque
722 1486 815 1560 major
842 1488 882 1545 sit
913 1504 949 1545 ex
980 1486 1196 1563 imparilatera,
1224 1504 1265 1546 sc.
1296 1505 1331 1545 ex
1357 1486 1588 1563 qninquangnlo,

241 1572 335 1629 minor
357 1588 427 1630 vero
451 1572 629 1647 originaliter
651 1590 686 1632 ex
708 1573 866 1650 paritatera
887 1572 1065 1652 decaogum,
1094 1583 1322 1633 consentaneum
1350 1582 1394 1633 est
1417 1577 1504 1632 etiam
1526 1573 1589 1650 Py·

241 1659 381 1732 magonae
403 1657 527 1734 placitis,
550 1662 601 1735 qni
623 1676 757 1719 numeros
781 1661 906 1737 impares
928 1678 1022 1719 mares
1045 1660 1127 1733 dixit,
1150 1679 1236 1738 pates
1257 1661 1380 1721 seminas
1404 1657 1499 1741 (qnod
1516 1677 1588 1720 cou-

129 1768 138 1785 ]
241 1745 370 1805 firmatur
392 1745 443 1804 iila
465 1763 636 1805 excessuum
660 1757 689 1808 et
705 1747 869 1806 defectuum
891 1747 1102 1824 speculatione,
1125 1766 1191 1808 cnm
1206 1750 1301 1826 impar
1316 1751 1354 1806 sit
1374 1757 1403 1808 et
1418 1743 1588 1829 excedens),

241 1841 274 1892 ut
295 1832 347 1891 illa
368 1833 521 1892 masculini
545 1851 632 1893 sexus
655 1835 814 1907 habeatnr,
837 1834 911 1894 haec
933 1834 1058 1895 feminei

328 1919 458 1993 Accedat
485 1920 530 1979 his
560 1923 721 1981 rationibus
754 1924 843 1981 etiam
872 1922 1092 1981 intervallorum
1125 1924 1333 1983 concinnornm
1370 1921 1587 2000 contemplatio,

241 2023 364 2082 quorum
384 2009 535 2068 minimum
557 2016 602 2068 est
624 2011 826 2083 semitonium,
848 2026 962 2087 semper
984 2011 1062 2069 enim
1083 2012 1270 2070 semitonium
1293 2010 1458 2070 succedam
1482 2012 1588 2068 invitat

242 2111 345 2155 vocem
367 2090 406 2154 ad
428 2112 461 2155 ιι
483 2096 678 2173 superandum
701 2097 739 2156 ob
762 2098 952 2173 parvitatem,
993 2105 1037 2154 est
1059 2100 1136 2156 enim
1158 2100 1249 2156 instar
1268 2097 1334 2173 jugi
1357 2099 1387 2155 in
1410 2096 1489 2157 clivo
1512 2097 1589 2156 mol·

240 2182 376 2243 lescente.
420 2183 459 2241 Et
479 2185 594 2258 quoties
615 2185 802 2243 semitonium
824 2201 927 2242 versus
949 2186 1099 2261 superiora
1114 2187 1246 2258 occurrit,
1272 2184 1323 2243 illa
1338 2184 1484 2260 quaedam
1504 2188 1589 2260 quasi

239 2276 318 2329 meta
339 2276 441 2329 cantus
464 2271 596 2344 habetur,
619 2271 657 2331 ad
680 2289 769 2347 quam
790 2258 891 2330 tendat
913 2270 1039 2346 indeque
1063 2271 1185 2331 veluti
1173 2288 1245 2348 Jngo
1269 2280 1407 2349 snperato
1438 2272 1589 2331 conlecto·

240 2373 297 2433 qne
326 2366 432 2416 conatu
461 2361 568 2418 reverti
597 2360 697 2418 erebro
725 2356 801 2417 solet
823 2357 861 2416 ad
883 2358 1027 2417 interiora.
1072 2358 1172 2431 Certe,
1203 2361 1227 2418 si
1255 2375 1393 2419 canamus
1418 2358 1493 2430 RE,
1525 2356 1588 2432 Ml,

238 2461 295 2503 non
318 2447 440 2505 satiatur
462 2446 587 2519 auditne,
611 2445 662 2506 sed
685 2452 836 2523 exspectat
858 2453 891 2504 nt
913 2453 942 2503 ιι
956 2444 1010 2503 FA
1032 2445 1164 2507 addatur.
1211 2445 1285 2505 Cum
1299 2448 1488 2521 igitnrtertia
1503 2445 1589 2523 dura,

240 2549 316 2607 qnae
339 2532 428 2592 habet
451 2535 540 2591 imum
562 2533 659 2594 locum
682 2536 710 2592 in
733 2541 802 2592 tono
826 2540 950 2604 octavo,
974 2543 1072 2592 careat
1094 2535 1261 2604 semitonio,
1293 2534 1372 2609 qnod
1395 2533 1510 2592 demum
1532 2550 1585 2591 ac·

240 2619 316 2678 cedit
343 2620 380 2678 ad
410 2620 615 2699 complendum
642 2622 837 2689 diatessaron,
869 2622 973 2679 merito
1002 2620 1127 2679 habetur
1157 2638 1208 2697 pro
1230 2628 1354 2680 actuosa
1375 2630 1404 2680 ιι
1426 2629 1586 2679 couatunur

239 2706 335 2783 plena,
359 2708 442 2783 cnjus
465 2710 510 2767 vis
532 2731 641 2786 γιιιμος
663 2717 692 2767 ιι
713 2706 789 2784 ἀκμη
812 2702 947 2786 deponor,
976 2722 1119 2783 quaerens
1145 2707 1231 2767 finem
1254 2726 1354 2780 sunan,
1385 2706 1498 2767 scilieet
1520 2707 1587 2767 dia-

241 2802 385 2866 tessaron,
416 2794 500 2870 eujus
527 2797 714 2856 semitonium
743 2801 788 2854 ιιι
816 2796 843 2854 ιι
873 2796 959 2870 quasi
981 2792 1105 2874 ἔκχυσις,
1137 2802 1199 2856 toto
1226 2804 1333 2856 conatu
1356 2797 1500 2871 quaesita.
1546 2795 1588 2854 At

240 2884 325 2942 tertia
346 2884 440 2941 minor
462 2885 519 2941 imo
542 2882 607 2943 loco
630 2885 692 2943 toni
715 2884 798 2960 primi
820 2886 998 2954 consistens,
1021 2901 1087 2943 cum
1109 2885 1296 2943 semitonium
1318 2884 1472 2961 complexa
1493 2884 1547 2956 sit,
1571 2903 1591 2941 a

241 2987 307 3045 qno
323 2978 460 3048 superato
491 2969 567 3030 solet
589 2971 651 3030 lieri
673 2972 816 3041 reversio,
847 2971 933 3044 quasi
961 2987 994 3028 se
1018 2972 1082 3047 ipsa
1109 2979 1246 3030 contenta
1277 2988 1390 3046 suaque
1414 2979 1523 3038 ,natura
1552 2970 1590 3029 ad

241 3060 457 3136 superationem
472 3065 502 3117 ιι
515 3060 683 3134 passionem
696 3058 787 3129 lacta,
810 3074 924 3134 semper
937 3073 979 3130 se,
1002 3058 1096 3117 veluti
1110 3058 1229 3134 gallina,
1253 3060 1355 3117 sternit
1376 3058 1465 3131 humi,
1488 3074 1589 3135 prom-

241 3153 300 3203 tam
324 3147 460 3205 insessori
483 3145 571 3221 gallo.
617 3146 654 3203 ut
679 3162 746 3205 ecce
776 3162 881 3204 censae
904 3144 1060 3204 affectuum
1089 3148 1117 3202 in
1141 3147 1297 3221 generibus
1326 3148 1414 3220 inque
1438 3148 1514 3204 tonis
1536 3165 1589 3222 sy·

241 3232 373 3291 stematis
395 3234 540 3311 primarii,
564 3251 598 3292 ιι
625 3230 829 3307 esurgentes.

326 3318 410 3378 Nunc
432 3319 556 3379 eundem
578 3322 725 3380 semitonii
747 3322 834 3378 situm
857 3317 1085 3396 contemplemur
1108 3320 1195 3379 etiam
1214 3325 1348 3396 respectu
1363 3327 1498 3376 tonorum
1519 3336 1591 3395 pro·

242 3407 350 3464 misene
380 3409 527 3485 omnium,
557 3408 608 3467 ubi
636 3407 836 3484 attemperabo
865 3408 1043 3479 orationem,
1075 3415 1106 3464 ut
1138 3407 1279 3466 hactenus
1305 3408 1410 3483 etiam,
1438 3404 1477 3463 ad
1505 3413 1592 3464 tonos

243 3492 391 3570 vulgares,
421 3497 464 3553 uti
488 3512 538 3554 eos
570 3512 605 3554 ex
627 3498 699 3555 meis
722 3494 869 3571 principiis
893 3493 1020 3552 distinxi.
1065 3492 1141 3552 Nam
1169 3493 1204 3552 de
1227 3493 1347 3567 reliquis
1377 3494 1416 3551 10
1438 3493 1591 3593 speciebus

242 3592 377 3649 octavae,
400 3600 474 3659 quas
496 3582 596 3642 addidi
620 3583 845 3661 comparationis
868 3597 972 3654 cansa,
995 3598 1033 3640 an
1057 3583 1118 3639 toni
1141 3580 1198 3640 dici
1221 3588 1394 3654 mereantur,
1417 3581 1593 3660 musicorum

242 3671 297 3730 erit
315 3668 469 3745 judicium

328 3755 424 3834 Saepe
453 3758 576 3829 dietum,
608 3757 778 3817 naturaliter
809 3754 927 3831 quidem
960 3772 996 3815 ex
1026 3756 1173 3814 concinnis
1203 3754 1367 3815 intervallis
1397 3754 1510 3830 majora
1536 3755 1608 3814 sibi

243 3843 392 3922 postulare
414 3844 541 3902 locum
534 3862 632 3902 rmum
647 3846 717 3918 dari,
741 3850 774 3901 nt
795 3860 904 3917 magna
925 3845 1039 3914 magnis
1061 3845 1250 3902 associentur.
1295 3842 1372 3900 Nam
1394 3848 1424 3900 et
1436 3844 1501 3900 soni
1523 3859 1593 3917 gra-

243 3949 307 4011 ves,
329 3933 379 4007 qui
401 3938 470 3990 sunt
491 3930 591 3990 itidem
613 3932 695 4005 inira,
718 3928 919 4005 magnitudine
941 3928 1050 4004 aliqua,
1073 3929 1103 3987 id
1127 3937 1173 3989 ιιι
1193 3929 1290 4006 longis
1317 3928 1432 3988 chordis
1455 3929 1594 3989 determi-

242 4027 356 4093 nantur,
380 4020 458 4077 acuti
482 4018 628 4089 brevibus,
652 4035 703 4077 seu
727 4015 807 4093 qnod
830 4014 907 4074 idem
930 4023 982 4086 est,
1006 4033 1095 4075 sonus
1118 4018 1217 4093 gravis
1238 4032 1345 4092 magno
1368 4025 1398 4076 et
1413 4014 1496 4076 tardo
1512 4027 1593 4076 motu

243 4105 346 4178 editur,
369 4112 473 4166 acutus
495 4121 586 4181 parvo
609 4113 639 4164 et
660 4104 754 4164 celeri.
801 4102 979 4161 Naturalis
972 4105 1058 4178 igitur
1081 4107 1171 4163 series
1193 4112 1247 4177 ιιι,
1270 4122 1337 4163 cnm
1359 4107 1388 4161 in
1406 4103 1592 4164 tetrachordo

243 4192 371 4271 perlecto
393 4195 486 4270 primo
508 4192 573 4251 loco
595 4200 641 4251 est
662 4201 749 4251 tonus
771 4190 881 4265 major,
904 4191 1033 4254 secundo
1057 4194 1159 4263 minor,
1182 4194 1269 4251 tertio
1293 4200 1322 4251 et
1343 4208 1479 4268 supremo
1502 4193 1593 4251 semi·

243 4282 364 4340 touium.
408 4280 500 4355 Atqui
523 4296 589 4338 oum
611 4282 709 4339 omuia
731 4277 888 4337 secundum
912 4288 1045 4336 naturam
1061 4278 1179 4352 habeut,
1202 4279 1593 4354 laetisnmus31aetiergo

244 4371 304 4428 toni
326 4376 402 4440 sunt,
427 4369 475 4443 qui
500 4366 714 4428 tetrachordum
736 4367 854 4424 interius
877 4366 921 4425 sic
943 4364 1069 4424 divisum
1092 4366 1216 4440 habent3
1246 4365 1356 4426 habent
1378 4373 1476 4425 autem
1499 4369 1593 4443 septi·

243 4474 308 4514 ntus
339 4464 369 4516 ιι
391 4463 528 4528 octavus,
559 4472 633 4531 qnos
656 4457 729 4514 mira
751 4455 947 4512 inconstantia
975 4470 1051 4512 nuuc
1074 4453 1235 4530 Phrygios,
1263 4471 1341 4513 nunc
1362 4452 1543 4531 Mixolydios
1575 4472 1593 4512 a

243 4545 393 4604 veteribus
414 4542 579 4620 appellatos
600 4551 720 4620 putant,
750 4557 928 4618 quamquam
951 4557 1006 4614 ego
1031 4543 1125 4614 magis
1154 4542 1275 4611 inclino,
1305 4549 1337 4599 ut
1360 4540 1471 4618 Lydios
1494 4543 1593 4618 potius

244 4632 391 4691 veteribus
415 4630 508 4690 dictos
531 4628 662 4706 credam,
686 4632 757 4707 qnia
778 4636 921 4688 testantur
944 4626 981 4686 de
1002 4645 1056 4686 suo
1080 4628 1190 4706 Lydio,
1221 4627 1300 4703 quod
1329 4628 1450 4705 impleat
1479 4632 1595 4688 animos

244 4718 340 4779 lurore
370 4718 486 4790 divino,
518 4718 548 4776 id
575 4725 620 4778 est
647 4716 797 4778 alacritate
826 4723 855 4775 et
875 4716 1028 4792 spiritibus
1058 4717 1246 4788 militaribns3
1280 4716 1382 4791 quales
1405 4723 1473 4774 sunt
1502 4719 1593 4775 nostri

246 4808 387 4882 septimus
410 4814 440 4866 et
462 4811 595 4866 octavus.

332 4893 407 4952 cnm
429 4895 519 4969 igitur
540 4908 644 4952 eversa
666 4898 711 4951 est
731 4891 816 4962 ratio,
839 4890 951 4948 ntimo
974 4889 1039 4951 loeo
1055 4892 1094 4949 sit
1108 4891 1302 4963 semitonium,
1324 4889 1404 4966 qnod
1418 4888 1451 4948 fit
1463 4891 1493 4947 in
1508 4893 1593 4952 tertio
