3567 5625
293 396 357 458 460
760 355 927 465 Appendicis
944 395 1168 451 Har-manicarum

294 572 424 632 tionibus
452 571 591 649 legitimis
623 572 769 649 explicare
800 591 857 633 non
886 576 959 638 vult.
1002 576 1064 636 Nec
1086 592 1215 651 unquam
1245 575 1355 633 crimini
1386 571 1469 645 dedi,
1500 569 1640 650 mysteria

293 659 423 734 tradere3
454 677 544 737 quara
565 679 624 721 non
647 669 705 732 est,
737 679 789 719 cnr
811 661 928 723 doleam
949 665 1116 739 exprobrari
1139 662 1209 722 mibi
1232 662 1362 721 libellum
1385 678 1482 720 meum
1515 662 1641 738 primurn

294 746 352 807 boe
381 747 467 807 titulo
490 751 639 826 scriptam.
686 748 875 809 Futiiitatam
904 750 982 809 illius
1005 751 1098 810 libelli
1126 759 1196 809 tunc
1218 767 1393 825 agnoscam,
1424 750 1474 807 ubi
1505 760 1537 807 tu
1559 747 1641 806 illam

294 833 447 895 detexeris.
497 835 586 896 anis
607 845 635 895 ei
657 838 851 896 nnabrarnm
875 839 994 915 effectam
1014 839 1171 899 nonnullos
1191 839 1325 914 ignorare
1340 853 1469 914 possum,
1493 836 1640 910 abnegavi

294 939 444 999 nunquam
469 940 519 983 ore
540 924 621 986 duro.
667 923 813 983 Matbesin
836 928 862 983 si
890 935 922 985 tn
945 927 1034 985 aliam
1055 929 1131 985 nosti
1156 929 1285 1002 (praeter
1310 926 1461 1000 vulgarem
1489 923 1589 995 illam,
1622 939 1642 980 a

294 1028 353 1085 qua
377 1009 556 1070 denominati
587 1013 715 1084 iderunt,
747 1021 892 1089 quotquot
923 1013 1064 1073 haetenus
1086 1014 1283 1096 mathematici
1317 1007 1530 1091 celebrantur),
1564 1027 1641 1086 quaa

295 1098 408 1157 scilieet
430 1101 469 1156 sit
490 1101 645 1157 naturalis
667 1106 695 1157 et
714 1100 874 1177 formeiis,
905 1119 969 1161 eam
994 1119 1049 1176 ego
1080 1103 1172 1162 fateor
1201 1118 1366 1177 nunqnam
1396 1099 1550 1172 delibasse,
1585 1098 1640 1156 nisi

293 1184 330 1244 ad
361 1186 609 1261 generalissimam
641 1190 722 1246 vocis
753 1189 894 1262 originem
925 1188 1120 1264 consurgimus,
1152 1188 1280 1247 dimissis
1313 1186 1537 1263 quantitatibus.
1593 1186 1639 1244 De

294 1272 345 1330 illa
368 1275 456 1346 igitur
483 1276 557 1332 scito
588 1292 634 1334 rna
664 1273 713 1334 bic
743 1290 801 1332 non
830 1293 894 1335 esse
919 1277 1065 1352 locutum,
1095 1277 1207 1335 babeas
1238 1276 1290 1333 tibi
1314 1274 1444 1333 Roberte
1470 1270 1589 1331 laudern
1611 1280 1641 1331 et

295 1359 373 1418 illius
397 1370 426 1418 et
448 1360 730 1422 demonstrationum
753 1365 781 1419 in
798 1361 858 1436 illa,
882 1382 1062 1440 quaequam
1085 1367 1143 1423 sint
1157 1370 1321 1434 accuratae,
1345 1379 1433 1438 quarn
1448 1369 1555 1432 certae,
1578 1367 1642 1418 tute

293 1457 389 1506 tecum
409 1447 558 1523 judicabis
587 1452 651 1510 sine
673 1468 719 1509 me
743 1451 860 1509 arbitro.
906 1450 1006 1511 Motus
1034 1471 1090 1528 ago
1121 1452 1219 1527 cogito
1242 1449 1376 1511 visibiles
1406 1465 1553 1523 sensuque
1576 1449 1641 1524 ipso

296 1533 541 1607 deterruinabilas,
564 1547 595 1595 tu
619 1545 705 1596 aetna
726 1540 860 1598 insenos
882 1539 1072 1600 wnaiderato
1094 1539 1189 1615 deque
1210 1539 1246 1596 iis
1266 1540 1297 1595 in
1322 1536 1430 1613 gradrn
1456 1535 1643 1610 distinguen-

294 1621 339 1679 dis
362 1622 515 1698 laborat03
538 1624 669 1684 modam
691 1642 744 1700 epa
759 1632 842 1684 tenso
864 1625 915 1686 sed
932 1643 1028 1700 mann,
1053 1636 1084 1686 tu
1100 1634 1193 1701 capnt
1214 1625 1407 1702 amplectaris
1422 1629 1528 1690 mente,
1552 1620 1642 1681 modo

293 1727 330 1767 ne
354 1712 522 1786 sorrrnians3
556 1730 611 1786 ego
639 1720 792 1771 contentus
814 1730 878 1770 suro
902 1713 1010 1789 effectis
1037 1731 1090 1773 seu
1115 1714 1297 1792 planetarum
1325 1712 1477 1783 motibus,
1504 1719 1535 1769 tu
1564 1711 1641 1767 siin

293 1800 367 1874 ipsis
391 1801 488 1857 causis
512 1801 647 1857 invenisti
670 1800 836 1859 harmonias
865 1799 940 1860 adeo
963 1801 1106 1877 liquidas,
1136 1819 1223 1877 quam
1247 1810 1315 1858 suot
1342 1816 1426 1857 mene
1449 1800 1477 1855 in
1500 1800 1640 1868 motibus,

294 1901 423 1961 aequum
446 1890 515 1957 erit,
545 1897 577 1944 ut
599 1904 654 1960 ego
677 1896 706 1946 et
728 1887 782 1946 tibi
814 1886 849 1946 de
872 1891 1041 1948 inventione
1071 1889 1191 1948 etmihi
1222 1887 1258 1948 de
1284 1889 1470 1965 perceptione
1498 1883 1642 1962 gratuler,

295 1974 343 2030 ubi
368 1976 491 2048 primum
515 1975 663 2051 percipere
686 1981 797 2051 potero.
1516 2031 1526 2043 ,

381 2060 540 2121 Inbuerere
562 2080 621 2131 me,
644 2062 733 2134 dicis,
763 2080 854 2122 coeno
875 2070 904 2121 et
925 2063 989 2123 luto
1011 2063 1258 2138 impossibilitatis
1278 2079 1364 2120 meae
1386 2061 1556 2135 doctrinam
1584 2076 1642 2118 non

292 2164 357 2205 sum
380 2147 468 2223 hujus
490 2149 691 2225 perplexitatis
713 2150 785 2208 mibi
808 2152 952 2222 conscios,
976 2168 1042 2226 age,
1066 2168 1112 2209 me
1135 2149 1240 2210 doceto
1257 2149 1293 2208 de
1309 2150 1354 2209 bis
1368 2151 1523 2225 angustiis,
1546 2147 1643 2206 fidelis
1750 2207 1757 2220 ,

292 2236 433 2307 monitor,
465 2235 512 2294 dic
535 2238 599 2302 ubi,
633 2236 722 2315 quid,
754 2236 902 2312 quomodo
926 2236 1155 2314 inexplicabile?
1203 2238 1330 2312 Obliqar
1352 2237 1482 2294 vineolis
1506 2235 1643 2294 obscuri-

292 2324 362 2379 tatis
382 2323 641 2397 perplexissima?
685 2325 794 2384 Verum
817 2327 925 2385 crimen
948 2329 1063 2400 arguis,
1092 2328 1117 2384 sl
1139 2328 1281 2384 materiae
1303 2323 1490 2383 insolentiam
1522 2324 1642 2379 novita-

293 2412 467 2488 temque,-si
491 2428 586 2469 mores
609 2411 697 2487 hujus
720 2411 825 2484 seculi,
861 2415 886 2470 si
915 2412 1083 2488 neglectum
1105 2413 1331 2482 matbematum,
1362 2413 1388 2469 si
1420 2420 1569 2485 stuporem
1592 2412 1642 2466 in-

293 2499 445 2570 geniorum
469 2501 647 2575 respicimus.
693 2499 759 2558 Non
783 2499 810 2558 id
837 2509 934 2558 tamen
949 2502 1096 2576 privatam
1110 2517 1207 2559 ursum
1231 2502 1338 2558 crimen
1354 2506 1408 2570 est,
1431 2499 1529 2557 socios
1544 2496 1642 2555 babeo

297 2583 450 2662 Pappum,
475 2584 632 2657 Serenrun,
657 2586 847 2663 Apollonium
871 2597 900 2645 ct
923 2583 992 2668 (pro
1015 2596 1044 2647 te
1067 2587 1198 2663 quidem,
1232 2588 1418 2646 obscuritatis
1437 2579 1642 2663 aestimatore)

293 2673 387 2747 ipsum
411 2672 485 2732 adeo
509 2673 669 2734 Euclidem.
713 2674 758 2732 'lu
782 2692 852 2733 vero
876 2675 947 2734 cedo
971 2675 1040 2733 mibi
1066 2675 1248 2746 cathedram,
1282 2672 1355 2734 cado
1379 2672 1557 2732 auditorium
1580 2672 1640 2730 lra-

293 2777 399 2835 qnens,
431 2759 580 2821 assiduum
604 2768 632 2820 et
655 2767 812 2836 attentum,
844 2762 916 2822 cedo
936 2763 1122 2839 juventutem
1145 2762 1350 2840 philosophiae
1380 2768 1565 2837 operantem:
1597 2760 1643 2819 el·

293 2849 387 2906 liciam
418 2865 483 2906 eum
508 2850 572 2908 Deo
601 2851 676 2907 intra
706 2858 862 2922 semestre,
898 2860 930 2909 ut
960 2851 1004 2909 ilii
1026 2848 1129 2930 (tuque
1159 2849 1233 2909 adeo
1263 2853 1327 2927 ipse
1356 2852 1583 2920 intercalares,
1616 2849 1642 2905 si

294 2933 438 3012 volneris)
466 2953 503 2995 aa
524 2938 640 3013 laqueis
662 2936 1029 3015 istisuitfieaitaribnsque
1054 2939 1233 3007 liberemini,
1264 2954 1323 2998 non
1346 2940 1442 2995 minus
1465 2946 1555 3010 atque
1578 2937 1643 3010 ipse

294 3030 495 3081 corrsurnnrato
522 3022 598 3081 libro
629 3041 711 3083 meae
733 3024 926 3086 Harmonices
958 3026 1075 3084 tandem
1099 3029 1212 3086 ernersl.
1258 3025 1376 3084 Interim
1403 3023 1471 3082 dum
1502 3025 1531 3080 in
1555 3024 1644 3097 igno-

298 3112 409 3169 rantiae
433 3113 547 3187 gurgite
580 3118 662 3170 natat
685 3111 879 3190 pulcherrima
910 3112 1059 3187 doctrina,
1092 3113 1162 3171 nibil
1186 3130 1242 3187 ego
1264 3113 1416 3171 desolata
1437 3111 1562 3170 bonoria
1581 3112 1643 3167 mei

297 3215 361 3255 sum
384 3198 538 3276 sollicitus,
562 3202 611 3275 qui
634 3216 681 3257 mc
703 3203 764 3260 scio
791 3201 845 3260 Dei
869 3203 1007 3260 creatoris
1030 3201 1134 3260 honori
1158 3199 1338 3277 propalando
1362 3198 1541 3257 destinatum
1566 3214 1642 3256 esse.

383 3284 432 3343 Ad
456 3285 592 3346 XXVll.
622 3304 685 3347 scu
710 3288 1011 3364 complementum
1041 3291 1174 3347 numeri
1205 3287 1418 3363 analyseon.
1463 3285 1520 3344 Per
1545 3284 1642 3344 Deum

295 3373 486 3431 immortalens
510 3380 538 3432 te
561 3390 642 3449 rogo,
665 3375 815 3435 abstineas
837 3393 956 3435 inanum
979 3377 1170 3435 asummsrio
1187 3377 1281 3451 operis
1297 3378 1353 3435 ruci
1373 3372 1537 3441 scribendo,
1562 3373 1641 3448 quod

296 3461 395 3517 mitius
424 3459 524 3519 dixero
548 3469 577 3521 te
604 3479 663 3521 non
689 3463 863 3539 intelligere,
894 3465 1029 3539 quamsi
1053 3463 1149 3523 dicam
1172 3470 1200 3520 ts
1222 3462 1320 3521 studio
1342 3468 1520 3539 pervertere.
1568 3460 1640 3517 Mibi

297 3564 354 3604 non
379 3556 422 3605 est
445 3548 525 3606 aliud
548 3550 728 3608 barmoniae
749 3552 932 3623 medicatum,
962 3568 1050 3625 quam
1075 3551 1135 3609 bini
1159 3550 1300 3625 cujusque
1323 3550 1492 3609 barmoniae
1515 3549 1640 3606 termini.

294 3636 374 3693 Situs
397 3651 466 3694 vero
488 3635 672 3712 planetarum
694 3639 724 3695 in
747 3638 830 3697 coelo
853 3656 911 3695 non
934 3647 1003 3697 surrt
1024 3638 1240 3696 harmoniarum
1262 3654 1392 3696 mearum
1415 3636 1547 3704 termini,
1582 3652 1639 3692 rron

295 3724 382 3791 igitur
412 3723 546 3797 sanecta
572 3723 797 3785 harmoniarum.
848 3725 879 3784 Si
910 3742 979 3784 vero
1017 3724 1053 3784 de
1085 3724 1150 3784 libri
1183 3726 1240 3783 mei
1270 3727 1364 3800 quinti
1396 3724 1640 3783 Harmonicorum

294 3809 437 3885 srrbjeeto,
461 3809 491 3867 id
514 3820 559 3869 est
581 3814 703 3871 rnatcria
724 3830 776 3870 sen
799 3812 946 3890 capitibus
970 3811 1091 3887 intelligi
1116 3816 1170 3883 vis,
1196 3813 1317 3887 loquere
1332 3815 1420 3886 igitur
1435 3810 1584 3877 distincte,
1610 3820 1642 3867 ut

294 3914 330 3954 ne
354 3899 383 3954 in
407 3897 538 3955 baudem
560 3916 655 3957 rnesm
679 3898 852 3974 intelligaris
874 3918 892 3958 a
914 3900 1082 3959 lectoribus.
1127 3899 1245 3958 Partem
1266 3902 1342 3959 enim
1366 3898 1496 3974 aliquam
1521 3898 1590 3955 libri
1605 3897 1641 3954 V.

296 3985 366 4042 lacit
389 3983 439 4043 illa
463 3985 629 4045 distributio
652 3987 861 4062 spatiimundi
885 3987 1003 4046 mobilis
1025 3990 1100 4047 inter
1121 3986 1264 4063 planetas,
1287 3989 1366 4046 lancta
1388 3984 1550 4046 secundum
1570 4002 1642 4061 pro-

294 4074 457 4148 portionem
489 4072 603 4130 orbium
630 4073 794 4147 figuralium
823 4076 1076 4149 geometricorum.
1121 4075 1223 4151 Neque
1250 4075 1321 4133 mibi
1349 4076 1501 4135 collowiio
1530 4072 1642 4131 Terrae

294 4163 373 4216 inter
401 4159 499 4217 Mera
530 4160 779 4233 complasmatum
813 4171 854 4219 est
874 4163 1055 4221 hannoniae
1081 4164 1187 4234 ipsius,
1220 4161 1272 4221 sed
1294 4164 1368 4222 bene
1400 4163 1519 4221 extremi
1544 4167 1642 4218 motus

294 4245 419 4303 Telluris
442 4253 510 4304 sunt
533 4246 776 4324 complementum
804 4253 916 4307 numeri
940 4252 1140 4322 terminorum,
1172 4250 1279 4324 quibus
1310 4251 1494 4309 eontinentur
1517 4264 1643 4324 propor-

294 4336 390 4393 tiones
413 4333 601 4393 barmonicae
622 4334 773 4395 coelestes.
821 4336 852 4394 ln
884 4339 991 4397 sitibus
1012 4337 1195 4414 planetarum
1218 4339 1289 4412 ipsis
1319 4335 1414 4395 nullas
1443 4344 1543 4394 statuo
1568 4352 1642 4394 eon·

294 4423 454 4492 sonantius,
478 4422 584 4480 frustra
607 4423 684 4482 enim
706 4425 762 4493 lui,
794 4441 859 4483 cum
882 4426 912 4483 in
936 4424 994 4483 iliis
1017 4425 1069 4484 irae
1093 4441 1273 4500 quaererem.
1320 4424 1420 4499 Neque
1443 4422 1641 4499 philosopha·

293 4527 356 4567 rum
386 4507 466 4569 dicta
494 4517 634 4584 torqueo,
670 4528 735 4571 curn
767 4513 879 4572 venulis
910 4519 975 4570 utar
1005 4512 1178 4570 dubitetivis
1208 4514 1301 4589 forie,
1334 4511 1441 4587 quibus
1472 4513 1569 4569 ornnis
1597 4512 1644 4567 vis

294 4605 501 4657 tormentorum
525 4607 681 4657 enervatur
703 4607 734 4659 et
755 4602 918 4659 remittitur.
966 4599 1034 4658 'libi
1056 4616 1182 4675 namque
1205 4605 1368 4674 ceterisque
1384 4597 1544 4658 lectoribus
1565 4598 1644 4656 iibe-

293 4703 356 4744 rum
378 4684 520 4760 relinquo,
545 4684 615 4760 quid
637 4685 740 4746 eredas
764 4686 975 4762 Pythagoricos
998 4688 1145 4746 insinuare
1168 4684 1306 4745 voluisse.
1352 4685 1414 4744 Nee
1438 4703 1485 4745 me
1507 4696 1645 4746 contem-

294 4773 441 4850 plationes
462 4772 650 4832 harmonicas
673 4774 789 4833 clemnm
812 4772 1000 4846 induxerunt,
1033 4782 1066 4833 ut
1088 4774 1208 4833 Terram
1229 4775 1306 4832 inter
1328 4772 1426 4833 sidera
1447 4786 1642 4843 numerarem,

291 4861 355 4937 jaim
385 4859 495 4919 dudum
523 4859 580 4923 boe
608 4859 714 4938 dogma
745 4863 860 4937 magnis
893 4862 1041 4938 magistris
1074 4869 1228 4939 acceptum
1257 4860 1337 4936 iar03
1378 4865 1558 4922 astronomia
1584 4866 1641 4933 est,
