3567 5625
770 412 911 484 Apologia.
1452 410 1515 469 tac
1560 411 1564 418 “

169 595 251 655 litate
275 612 363 672 agere
385 595 594 673 interpretem?
625 592 676 660 ‚Et
706 593 834 670 pandere
858 600 886 651 te
918 591 1059 669 mysteria
1088 588 1184 650 dicere
1211 589 1271 664 vis,
1305 595 1335 649 et
1356 587 1386 663 id
1419 593 1516 646 umen

169 683 266 742 lacus
291 691 377 743 caute
400 702 452 760 per
474 688 650 760 aenigmata,
674 683 781 757 quibus
803 687 955 740 arceantur
971 681 1138 738 oscitantes.
1182 675 1267 740 Haec
1280 678 1381 751 utique
1404 676 1518 735 sincera

169 779 212 830 est
243 773 339 829 oratio
368 775 566 850 mysticorum
592 773 741 845 omnium;
772 769 850 828 hanc
878 767 985 840 laudo,
1016 765 1115 843 quoad
1138 771 1247 837 cetera,
1270 764 1299 820 in
1329 762 1515 835 harmonicis,

169 857 325 935 disciplina
347 860 572 938 mathematica,
601 875 661 916 non
684 859 802 933 recipio.
847 855 910 928 Tu,
937 857 962 915 si
990 854 1088 930 placet
1115 856 1417 928 interpretamentum,
1446 866 1518 908 cau-

168 964 229 1004 sam
255 946 364 1019 dicito,
389 964 439 1005 eur
461 949 551 1023 igitur
573 944 644 1005 mibi
668 961 857 1016 succenseas,
888 941 1007 1000 modum
1028 940 1174 1002 scribendi
1201 957 1253 1016 per
1274 941 1442 1014 aenigmate
1463 937 1517 996 tibi

167 1032 332 1108 tribuenti?
378 1032 499 1107 Quare
523 1043 638 1094 tantam
661 1033 882 1109 opprobriorum
906 1025 1080 1100 dommerui,
1104 1030 1279 1090 utsimiom
1301 1043 1348 1086 me
1371 1025 1517 1086 communi
1550 1013 1555 1032 '

170 1138 236 1180 eum
264 1129 327 1179 arte
350 1122 416 1196 ipsa
438 1121 578 1198 epitheto,
601 1130 633 1180 ut
654 1118 829 1196 Mysterium
851 1135 948 1177 meum
972 1114 1250 1192 Cosmograpbicum
1273 1132 1378 1174 nomen
1402 1115 1465 1172 sine
1486 1129 1518 1172 re

150 1208 344 1288 appellares,
368 1217 401 1268 ut
422 1217 599 1270 secretorum
622 1208 816 1280 ignorantiam
839 1206 1043 1281 exprobrares,
1061 1204 1244 1262 intelloewm
1265 1202 1340 1261 mihi
1361 1204 1539 1279 imbeiam·

168 1300 252 1354 rium
275 1304 303 1353 et
324 1296 420 1354 lucem
450 1297 496 1355 illi
515 1298 747 1372 praestipiosum
769 1295 925 1366 tribueres,
960 1294 1120 1351 vanitatem
1149 1290 1317 1366 objiceres?
1361 1289 1458 1349 Velim
1489 1294 1518 1347 te

170 1384 310 1461 respicias
342 1386 541 1460 inposterum
572 1381 756 1457 diligentius,
787 1398 823 1441 ne
846 1388 915 1439 tuae
938 1382 1031 1457 ipsius
1054 1380 1249 1439 aestimationi
1282 1394 1398 1437 noceas.
1443 1376 1518 1435 Nam

172 1488 218 1529 me
241 1469 323 1545 quod
346 1473 461 1545 attinet,
483 1471 554 1530 mihi
576 1465 673 1545 neque
694 1469 893 1528 recantatione
918 1477 969 1528 tua
990 1485 1087 1543 neque
1103 1467 1247 1526 contraria
1260 1464 1431 1525 laudatione
1445 1481 1519 1542 opus

171 1567 224 1628 est,
247 1575 345 1632 neque
367 1557 476 1619 efficies
499 1559 556 1619 hae
577 1559 813 1634 importunitate,
837 1563 869 1614 ut
892 1555 1050 1616 detrectem
1071 1563 1169 1614 tecum
1192 1554 1324 1629 velitari,
1348 1555 1464 1630 quoties
1487 1550 1518 1610 id

171 1649 233 1707 sine
257 1662 323 1703 meo
346 1654 443 1705 sumtu
467 1653 497 1706 et
519 1664 585 1706 curn
609 1646 709 1721 aliquo
732 1646 849 1704 lectoris
872 1645 1004 1719 proiectu
1026 1638 1193 1719 potero.⁴⁶)

246 1731 411 1807 ‘Quantum
436 1750 512 1793 nnnc
535 1752 587 1811 per
609 1734 705 1792 Deum
728 1732 920 1791 immortalem
943 1731 1010 1789 bihs
1033 1733 1062 1788 in
1086 1730 1215 1789 membro
1231 1728 1387 1807 analyseos
1410 1727 1513 1787 alterol

174 1821 246 1879 Cum
271 1836 326 1894 ego
351 1820 506 1898 chymiam,
530 1838 597 1880 curn
618 1821 765 1879 Hermetis
789 1827 818 1879 et
839 1819 988 1878 Paracelsi
1013 1817 1174 1877 doctrinam
1197 1833 1235 1877 aa
1257 1815 1378 1876 verbulo
1402 1814 1520 1890 quidem

171 1908 358 1984 pupugerim,
389 1910 446 1967 nisi
470 1908 548 1982 quod
571 1926 631 1968 rem
655 1909 790 1967 omnibus
812 1909 995 1965 notissimam
1017 1924 1119 1978 namo,
1151 1906 1305 1966 obscuram
1332 1913 1360 1964 et
1383 1904 1521 1964 tenebro-

171 2013 233 2054 sam
256 2012 330 2066 esse,
355 2013 420 2053 cum
443 1997 566 2055 titulum
589 1998 753 2055 Hermetici
773 2014 828 2053 uso
850 1995 913 2054 odii
933 2011 989 2054 arse
1010 1994 1138 2053 ludibrii
1160 2010 1254 2052 eausa
1275 1993 1444 2063 tribuerim,
1468 1988 1521 2048 sed

172 2091 203 2139 ut
225 2083 425 2142 nominatione
448 2092 545 2142 sectae
568 2101 677 2142 morem
699 2082 942 2158 philosophandi,
976 2099 1063 2158 quem
1094 2083 1123 2138 in
1145 2086 1197 2140 tuo
1225 2080 1299 2139 libro
1331 2077 1518 2154 deprehendi,

171 2169 330 2228 lectoribus
351 2170 455 2229 laturis
483 2170 676 2230 describerem
700 2169 880 2243 evidentius,
913 2187 978 2230 cum
1007 2167 1257 2244 haudquaquam
1287 2165 1438 2226 dedecoris
1467 2171 1523 2223 aut

172 2259 323 2334 infamiae
343 2260 377 2315 in
397 2265 487 2332 porte
508 2262 671 2332 posuerim,
697 2259 845 2316 Hemnetis
866 2275 925 2317 esse
946 2258 1139 2332 discipulum,
1162 2274 1228 2317 curu
1249 2251 1446 2332 accederint,
1469 2269 1522 2310 nec

173 2345 385 2404 damnauerim
413 2361 468 2402 nec
486 2364 546 2420 pro
567 2346 664 2404 nihilo
690 2346 850 2403 habuerim
874 2344 950 2404 bane
973 2345 1160 2418 facultatem,
1183 2354 1216 2405 tu
1243 2351 1424 2402 tamencum
1446 2357 1523 2416 pan-

174 2432 253 2508 oplia
285 2434 314 2489 in
337 2449 382 2491 me
411 2435 579 2508 consurgis,
613 2431 756 2492 mathesin
780 2433 1060 2508 mathematicasque
1083 2449 1184 2492 omnes
1210 2435 1240 2490 in
1263 2438 1408 2490 conamen
1431 2443 1523 2487 vocas

174 2537 238 2578 eum
263 2520 380 2595 chymia
401 2537 525 2596 eamque
547 2521 696 2580 Hermete.
741 2520 862 2579 Frustra
884 2519 1012 2596 quidem,
1037 2527 1177 2595 quantum
1199 2518 1237 2579 ad
1252 2537 1315 2592 mc3
1338 2535 1406 2577 narn
1428 2517 1523 2574 lecto·

174 2625 219 2666 res
241 2606 390 2678 adhortor,
415 2608 515 2682 legant
537 2611 758 2684 pensitentque,
782 2626 860 2684 quae
881 2616 915 2667 tu
938 2609 994 2667 hoc
1017 2608 1083 2667 leco
1105 2609 1245 2684 scripsisti
1268 2606 1402 2684 chymiae
1424 2604 1523 2662 sacia·
1635 2599 1638 2604 ⁴

174 2712 296 2771 rumque
321 2694 538 2771 disciplinamm
560 2698 712 2773 ipsiusque
733 2694 881 2755 Hermetis
905 2697 1052 2770 encomia,
1076 2697 1153 2754 cirea
1167 2695 1310 2754 mathesin
1326 2711 1396 2753 vero
1412 2699 1522 2753 etcum

175 2801 282 2842 ranam
304 2784 511 2858 geometriam,
543 2802 608 2843 cum
632 2792 763 2842 mutuum
796 2785 944 2844 stellarum
967 2785 1186 2859 inquisitionem
1215 2782 1431 2859 phantasticam
1453 2797 1523 2858 pro·

176 2871 293 2943 clamas,
318 2888 354 2929 ne
379 2879 405 2929 te
429 2871 560 2943 audiant,
584 2874 640 2931 nisi
664 2890 728 2931 cum
751 2879 809 2930 ista
831 2873 937 2931 scribis
960 2872 995 2931 de
1019 2874 1096 2929 omni
1120 2874 1293 2931 temeritate.
1340 2870 1423 2929 Num
1445 2886 1525 2944 quoe

175 2962 278 3030 major
298 2966 340 3016 est
362 2959 500 3017 &drudo
522 2977 559 3018 ae
582 2960 721 3019 uecordia
745 2955 828 3040 (utor
850 2977 917 3019 ecoe
941 2960 1038 3020 verbis
1054 2956 1138 3040 tuis),
1163 2978 1258 3035 mom
1280 2976 1349 3017 eam
1371 2957 1525 3016 domuere

175 3054 201 3104 st
219 3062 287 3121 pro·
302 3046 396 3105 ndrdo
418 3046 525 3105 hahere
546 3050 711 3118 edentium,
734 3050 769 3105 ia
791 3066 855 3122 qua
875 3065 1002 3123 proruas
1023 3048 1100 3106 nihii
1122 3047 1275 3126 silemsis?
1427 3064 1432 3065 ⁷

265 3131 332 3190 Non
355 3141 422 3192 sunt
444 3134 535 3207 adeo,
559 3135 701 3207 Roberte,
726 3133 821 3193 divisa
835 3130 983 3193 'mathesis
1007 3142 1037 3192 et
1057 3134 1192 3212 thymia,
1214 3142 1248 3193 ut
1268 3135 1298 3191 in
1321 3131 1445 3193 eundem
1469 3131 1525 3189 ho-

177 3222 283 3279 minem
304 3237 362 3279 non
385 3221 505 3294 cadant,
538 3223 588 3296 qui
610 3222 817 3281 mathematica
839 3221 936 3281 tradat
959 3220 1100 3299 dilucide,
1128 3222 1267 3292 verbose,
1299 3238 1352 3296 per
1373 3220 1473 3278 literas
1496 3224 1526 3277 et

179 3308 402 3382 diagrammata,
433 3310 567 3386 chymica
596 3327 677 3368 more
708 3317 815 3369 sectae.
868 3309 922 3368 Vis
952 3312 1026 3369 scire
1057 3310 1185 3384 conjugii
1219 3309 1308 3385 hujus
1337 3305 1525 3383 exemplum?

180 3397 289 3471 Accipe
312 3395 482 3472 'l’ychorrem
507 3395 614 3475 Brehe,
645 3399 691 3455 eui
714 3399 742 3454 in
767 3406 848 3472 parte
872 3399 968 3473 operis
997 3413 1052 3469 ego
1075 3398 1213 3455 successi.
1260 3394 1355 3469 Quam
1377 3394 1427 3454 ille
1450 3393 1525 3451 fidus

181 3482 290 3541 silentii
313 3492 412 3542 custos
435 3488 463 3541 in
486 3484 670 3563 Hermeticis,
693 3491 753 3542 tam
775 3483 869 3543 tidelis
893 3491 994 3544 eontra
1017 3488 1246 3560 perspicuusque
1271 3481 1384 3551 doctor,
1408 3483 1523 3557 quoties

182 3574 210 3627 in
234 3569 448 3629 mathematicis
472 3570 583 3647 aliquid
607 3574 635 3627 in
660 3570 766 3643 vulgus
788 3571 991 3645 proterendum
1013 3574 1133 3644 sumsit,
1164 3570 1246 3628 nulla
1272 3576 1342 3628 tunc
1361 3568 1419 3639 xills
1442 3585 1524 3627 eom·
1595 3616 1602 3639 ,

178 3659 291 3716 minisei
314 3658 417 3716 solitus
441 3668 486 3717 est
508 3663 684 3731 aenigmata,
707 3657 778 3715 nihil
802 3660 831 3715 in
853 3660 975 3734 picturis
997 3657 1125 3723 tradidit,
1148 3675 1206 3717 non
1230 3655 1378 3734 pollicitus
1401 3662 1445 3715 est
1459 3673 1524 3714 mo-

179 3755 225 3804 tas
249 3745 391 3804 coelestes
415 3745 519 3804 docere
542 3749 606 3805 sine
630 3746 852 3820 quantitatibus,
875 3763 934 3804 non
959 3745 1133 3820 dedignatus
1155 3752 1200 3806 est
1222 3746 1378 3805 subvenire
1400 3745 1525 3820 ingeniis

179 3833 398 3901 infirmioribus,
424 3834 471 3891 vel
495 3835 559 3908 ipsa
582 3832 687 3891 calculi
710 3832 803 3890 torma
826 3833 1064 3909 compendiisque
1087 3833 1253 3909 publicatis.
1349 3832 1353 3845 “

266 3919 344 3978 lllud
367 3923 487 3980 seorsim
512 3921 574 3992 tibi,
597 3920 717 3994 majoris
740 3919 906 3979 evidentiae
929 3938 1020 3980 cansa
1041 3919 1231 3995 tegerendum
1254 3920 1312 3979 hoe
1327 3918 1393 3979 loco
1416 3920 1525 3987 cenant,

180 4024 289 4082 magna
316 4023 380 4065 eum
409 4009 515 4083 injuria
545 4026 610 4067 mea
641 4016 670 4065 te
699 4006 883 4079 efferbuisse,
913 4009 963 4084 qui
988 4008 1061 4068 duas
1083 4009 1155 4067 milri
1178 4010 1339 4068 sententias
1361 4008 1467 4081 impias
1497 4012 1527 4063 et

178 4095 368 4170 blasphemas
393 4097 536 4165 tribueris,
560 4096 682 4154 alteram
706 4094 823 4169 quidem
847 4113 913 4153 cum
937 4104 1008 4173 typo
1032 4100 1163 4155 variante
1182 4113 1358 4172 expressam,
1381 4103 1415 4153 nt
1437 4094 1527 4154 lector

177 4181 286 4253 credat,
310 4182 445 4241 formalia
468 4199 540 4241 mea·
555 4183 661 4253 reterri,
688 4182 737 4240 sol.
765 4185 812 4241 12.
837 4182 887 4240 lin.
913 4186 975 4241 41:
1012 4183 1060 4242 Me
1081 4184 1154 4242 haec
1176 4186 1282 4242 ommia
1305 4184 1454 4241 iuvenisse
1475 4184 1526 4238 irt-
1601 4248 1605 4255 ¹

178 4273 269 4347 penio
292 4288 357 4329 meo
375 4273 519 4344 proprio,
544 4269 676 4345 intelligo
698 4286 825 4344 namque
847 4270 906 4329 boe
928 4271 981 4329 abs
1005 4278 1034 4329 te
1057 4288 1120 4330 esse
1136 4271 1304 4346 oppositum
1327 4268 1422 4326 lineae
1442 4274 1527 4326 ante·

178 4357 315 4425 cedenti,
348 4374 406 4432 qua
429 4357 548 4416 macedi
571 4359 758 4416 scientiarum
781 4375 889 4416 areana
912 4356 1029 4417 dicebas
1054 4377 1111 4432 per
1140 4359 1371 4432 acquisitionum
1393 4355 1528 4430 Spiritus

180 4446 303 4517 Sancti,
335 4448 422 4515 cumas
443 4446 535 4504 soliers
555 4448 594 4502 sit
615 4446 687 4501 haec
716 4448 821 4503 omnia
844 4462 913 4502 uere
934 4445 1045 4504 decue.
1090 4445 1213 4504 Iterum:
1244 4462 1307 4515 me,
1338 4442 1406 4501 dnm
1428 4440 1527 4501 Solem

178 4533 289 4591 iontem
311 4539 407 4590 motus
430 4549 514 4603 roeo,
536 4531 653 4590 titulum
677 4531 754 4590 hunc
776 4530 920 4606 derogare
942 4535 1073 4598 creatori,
1098 4549 1234 4607 arrogare
1258 4539 1416 4590 creaturae.
1463 4528 1527 4586 Ve-

180 4637 253 4687 reor,
278 4625 310 4675 ut
331 4627 376 4677 est
397 4620 478 4679 natio
500 4616 588 4678 hodie
611 4636 759 4693 perversa,
782 4636 818 4678 ne
841 4636 900 4678 non
925 4622 981 4677 ista
996 4621 1136 4694 iniquitas
1159 4617 1236 4678 ultre
1251 4619 1342 4678 verha
1356 4634 1388 4676 se
1404 4618 1433 4674 in
1449 4616 1527 4675 iacta

181 4709 244 4783 ipsa
266 4707 403 4782 proferat,
427 4709 452 4764 si
475 4705 616 4766 lectorum
639 4705 730 4779 aliqui
754 4707 808 4763 tibi
831 4714 939 4767 temere
963 4705 1090 4778 credant,
1115 4722 1172 4763 non
1194 4708 1327 4782 inspecto
1350 4720 1416 4763 meo
1433 4711 1522 4763 textu.

268 4793 321 4852 Ad
345 4794 533 4870 hnalysin
556 4792 629 4851 XII.
674 4792 733 4850 Sex
755 4795 829 4852 meis
844 4794 930 4855 lineis
953 4795 1047 4869 iisque
1071 4793 1212 4853 brevibus
1233 4793 1299 4870 plus
1315 4801 1347 4851 tu
1363 4808 1451 4867 quam
1474 4806 1525 4850 sex
