3567 5625
491 448 612 507 100
1372 439 1456 494 De
1474 393 1813 509 'Figuratum
1847 437 2288 528 Harmonicarum

496 616 767 686 hexagoni
813 622 868 671 ει
894 614 991 671 FG
1027 614 1300 683 decagoni,
1337 614 1442 670 hoc
1478 619 1565 669 est
1599 611 2052 669 semidiametrum
2085 611 2186 667 AG
2227 618 2285 667 et
2318 596 2501 668 sectae
2546 612 2804 681 majorem
2837 612 3047 679 partem
3081 606 3178 663 AO

492 697 669 751 simul.
741 696 891 751 Haec
936 694 1322 750 demonstratio
1368 695 1424 750 in
1437 693 1688 760 Euclide
1739 692 2115 749 difficultatem
2149 690 2316 750 habet
2351 698 2569 761 captus;
2617 688 2840 746 tentabo
2885 686 3052 756 igitur
3093 687 3182 742 hic

495 774 805 830 faciliorem.

658 856 704 910 A
743 854 981 910 terminis
1017 854 1203 911 lateris
1238 852 1583 925 pentagonici
1618 853 1685 914 B,
1731 851 1779 905 D
1820 851 2092 906 ducantur
2134 865 2234 919 per
2265 848 2315 903 A
2353 855 2595 905 centrum
2638 853 2819 902 rectae
2853 843 2948 900 BG
2986 848 3043 899 ει
3074 842 3181 897 DI:

1261 938 1317 988 et
1352 937 1415 986 ιιι
1457 931 1555 983 DB
1590 930 1869 986 subtendit
1908 927 1993 997 ἧς,
2051 929 2129 985 sic
2161 930 2406 1001 proxima
2438 929 2538 985 DL
2577 935 2689 990 tres
2726 932 2782 981 et
2813 925 2917 979 ΒΚ
2953 929 3184 991 quatuor

770 997 868 1048 ΗΒ·
899 995 964 1038 ¹⁴·
1263 1007 1555 1075 subtendit,
1605 1015 1853 1064 secantes
1886 1007 1982 1062 BG
2019 1010 2074 1068 in
2100 1012 2154 1082 S,
2190 1009 2242 1064 R
2274 1009 2507 1079 punctis.
2575 1006 2745 1076 igitur
2768 1005 2896 1060 LDI
2937 999 3184 1070 angulus,

1265 1087 1322 1222 ι
1477 1085 2577 1239 huam...
2590 1078 3186 1218 wasuh...

566 1274 639 1355 ῡεε
845 1251 953 1347 ³⁴¹³
1264 1208 2171 1400 ffi’ss‘ssn‘uiissuffeegflfiffissifssn
2184 1241 2972 1417 ²13ffi²⁷3m3⁸21⁰210¹321sffl²
2970 1240 3185 1374 ..³333

743 1391 988 1480 -jj‘ffi-:sss'7s4
1041 1472 1044 1474 ‚
1269 1402 1439 1457 rantis
1476 1412 1708 1473 quatuor
1740 1347 2100 1463 rectosqcirca
2133 1408 2214 1472 A,
2262 1403 2440 1474 juncti
2474 1403 2639 1473 igitur
2675 1402 2841 1469 SAD,
2878 1396 3018 1454 ADS
3055 1404 3187 1454 sunt

767 1478 775 1500 ''
811 1456 940 1560 ''fik“
988 1492 992 1502 “
1080 1484 1120 1544 “,
1269 1483 1301 1554 ξ
1337 1484 1498 1537 unius
1533 1485 1687 1540 recti
1756 1487 1832 1541 At
1867 1503 2053 1543 omnes
2103 1494 2215 1541 tres
2252 1491 2380 1542 sunt
2420 1485 2499 1577 γ’,
2553 1498 2682 1576 ergo
2717 1479 2881 1536 etiam
2934 1477 3184 1533 residuus

715 1632 722 1640 .‚
815 1544 956 1632 '‘'ffl}3.,l'···
989 1640 994 1642 ῃ
1096 1572 1100 1576 ”
1266 1562 1409 1616 DSA
1447 1569 1531 1618 εει
1565 1564 1614 1635 ξ.
1683 1565 1790 1620 Εει
1823 1566 1988 1635 igitur
2022 1566 2162 1622 DSA
2198 1564 2442 1634 aequalis
2477 1564 2585 1634 ipsi
2619 1560 2787 1628 DAS,
2842 1558 2986 1613 latus
3021 1557 3185 1626 igitur

687 1636 763 1688 1³*v
825 1685 830 1688 .
989 1632 1068 1688 ’Ἤ
1272 1641 1365 1695 DS
1404 1640 1633 1709 aequale
1669 1651 1753 1698 est
1785 1644 1942 1701 lateri
1968 1648 2070 1702 DA
2107 1643 2518 1701 semidiametro.
2580 1639 2727 1709 Ergo
2763 1655 2863 1708 Pel·
2894 1651 3049 1707 ΡΜ
3081 1649 3182 1704 ⁸0·

859 1700 891 1744 t:
1268 1718 1587 1776 midiametri
1612 1721 1712 1776 DA
1746 1722 2225 1792 proportionaliter
2258 1727 2440 1777 sectae
2474 1736 2603 1791 pars
2637 1719 2813 1788 major
2846 1721 3046 1786 ⁸0q¹¹⁸²
3078 1678 3184 1786 SA:

486 1808 572 1856 εει
605 1800 769 1868 igitur
804 1800 892 1855 SA
928 1799 1170 1869 aequalis
1209 1798 1369 1856 lateri
1406 1801 1692 1869 decagoni,
1728 1818 1830 1871 per
1866 1803 2022 1859 dicta
2097 1803 2172 1857 Et
2206 1801 2307 1857 DA
2343 1805 2429 1855 est
2463 1798 2879 1865 semidiameter,
2925 1794 3071 1849 latua
3109 1806 3184 1847 sc.

485 1880 593 1934 hex
664 1895 771 1935 om.

595 1879 813 2026 agDico,
851 1955 995 2013 latus
1018 1958 1314 2028 pentagoni
1337 1957 1435 2012 DB
1461 1968 1627 2026 posse
1645 1964 1931 2028 utramque
1957 1969 2013 2013 et
2036 1959 2121 2014 SA
2160 1958 2355 2015 etAD.
2431 1956 2688 2011 Connexo
2724 1954 2868 2009 enim
2903 1955 2946 2003 Κ
2986 1963 3108 2005 cum
3143 1949 3183 2006 S

487 2044 543 2092 et
580 2053 701 2094 cum
736 2037 801 2106 A,
839 2037 968 2105 quia
1000 2037 1125 2105 DA,
1163 2037 1265 2091 ΑΚ
1303 2045 1431 2092 ειιιιι
1465 2038 1751 2109 aequales,
1792 2046 1846 2093 et
1878 2038 2000 2105 DS,
2040 2039 2130 2094 ΒΚ
2166 2037 2357 2093 iisdem
2392 2033 2679 2104 aequales,
2719 2038 2878 2089 erunt
2911 2037 2967 2086 et
2999 2035 3183 2100 partes

487 2117 592 2187 SR,
628 2116 727 2171 RA
763 2116 1051 2186 aequaleS,
1089 2122 1144 2171 et
1177 2117 1325 2171 DRB
1373 2117 1555 2172 rectus
1593 2125 1693 2173 est.
1765 2118 1916 2187 Ergo
1953 2118 2048 2172 DB
2085 2123 2269 2187 potest
2303 2114 2429 2184 DR,
2484 2114 2600 2169 RB.
2670 2112 2839 2181 Atqui
2870 2110 2973 2165 DR
3005 2111 3182 2164 minus

485 2205 670 2268 potest
704 2212 867 2265 quam
901 2197 1001 2251 DA
1041 2196 1344 2264 quantitate
1380 2197 1657 2266 potentiae
1693 2198 1790 2253 ΒΔ
1807 2239 1821 2262 ,
1876 2204 1932 2252 ει
1967 2197 2066 2252 BR
2094 2197 2278 2266 minua
2324 2199 2508 2265 potest
2543 2208 2706 2262 quam
2740 2191 2837 2246 BA
2883 2191 3184 2259 quantitate

486 2283 547 2330 et
576 2275 876 2345 rectanguli
910 2276 1011 2330 sub
1047 2276 1163 2343 BR,
1200 2276 1299 2329 ΒΑ
1335 2275 1446 2344 bis,
1488 2283 1546 2330 et
1579 2276 1856 2345 potentiae
1890 2275 2063 2345 ipsius
2098 2276 2197 2330 BA
2224 2272 2552 2341 junctorum.
2621 2271 2854 2326 Junctae
2888 2268 3054 2338 igitur
3086 2285 3182 2338 po-

482 2353 686 2408 tentiae
720 2354 847 2421 DR,
911 2353 1007 2410 RB
1042 2354 1277 2408 minores
1316 2361 1442 2409 sunt
1470 2354 1675 2422 junctis
1711 2356 1970 2423 potentiis
2005 2353 2130 2424 DA,
2167 2354 2264 2409 AB
2306 2350 2620 2421 rectangulo
2657 2351 2759 2407 snb
2795 2350 2913 2419 BA,
2948 2348 3043 2406 AB
3078 2347 3181 2415 bis,

486 2432 593 2487 hoc
631 2441 715 2488 εει
747 2431 1061 2501 rectangulo
1102 2434 1203 2489 sub
1230 2433 1334 2501 SA,
1373 2433 1468 2488 AB
1508 2432 1691 2488 semel.
1761 2433 1930 2503 Atqui
1967 2433 2076 2488 duo
2109 2432 2430 2503 rectangula
2462 2437 2562 2488 sub
2599 2430 2703 2499 SA,
2727 2428 2825 2486 AB
2860 2435 2918 2484 et
2950 2426 3052 2484 sub
3077 2426 3182 2493 SB,

485 2511 583 2566 BA
621 2512 962 2567 constituunt
996 2520 1172 2568 totum
1208 2513 1533 2580 quadratum
1557 2514 1667 2568 BA.
1741 2513 1942 2569 Ablato
1977 2528 2106 2583 ergo
2141 2512 2455 2582 rectangulo
2490 2510 2592 2567 sub
2626 2510 2739 2579 SA,
2775 2509 2891 2577 AB,
2925 2504 3181 2574 relinqui·

485 2596 577 2645 tur
630 2590 953 2659 quadratum
997 2591 1169 2660 ipsius
1204 2592 1307 2647 DA
1360 2598 1416 2645 et
1460 2591 1831 2659 rectangulum
1883 2591 1987 2646 sub
2025 2591 2138 2661 SB,
2188 2591 2308 2656 BA,
2353 2593 2654 2661 junctaque
2707 2594 3011 2659 aequantur
3043 2599 3182 2655 qna·

489 2671 643 2725 drato
678 2671 792 2725 DB.
867 2672 1000 2726 Cum
1033 2687 1161 2725 vero
1199 2671 1300 2725 BA.
1332 2670 1727 2725 semidiameter
1778 2670 1850 2724 sit
1883 2668 2358 2739 proportionaliter
2389 2678 2543 2727 secta
2590 2669 2648 2725 in
2683 2668 2723 2725 S
2758 2676 2815 2723 et
2847 2681 2977 2737 para
3009 2666 3184 2735 major

487 2749 601 2805 AS:
638 2749 1015 2820 rectangulum
1051 2749 1216 2819 igitur
1250 2748 1356 2820 SA,
1392 2751 1486 2804 BA
1526 2758 1612 2805 est
1644 2750 1870 2820 aequale
1906 2748 2172 2819 quadrato
2211 2749 2314 2805 SA.
2387 2750 2535 2819 Ergo
2570 2748 2714 2805 latus
2759 2744 3051 2818 pentagoni
3086 2760 3182 2815 po-

484 2835 600 2885 test
634 2829 743 2886 duo
779 2829 1045 2898 quadrata
1078 2829 1179 2884 DA
1216 2835 1273 2884 et
1305 2829 1410 2893 AS,
1443 2829 1673 2886 laterum
1708 2828 1918 2885 scilicet
1953 2829 2227 2900 hexagoni
2259 2836 2317 2886 et
2351 2829 2685 2901 decagoni.⁸)

661 2908 820 2977 Quod
872 2908 1067 2963 attinet
1102 2908 1293 2964 stellae
1342 2910 1732 2978 pentagonicae
1780 2909 1925 2964 latus
1961 2908 2080 2978 BF,
2134 2909 2271 2969 illud
2322 2916 2408 2966 est
2443 2910 2802 2981 compositum
2855 2923 2927 2964 ex
2959 2907 3058 2963 BD
3093 2902 3181 2961 vel

487 2989 599 3058 FT,
636 2988 809 3044 latere
841 2987 1151 3058 pentagoni,
1190 2995 1247 3044 et
1280 3003 1349 3043 ex
1383 2986 1494 3056 BT,
1532 2988 1650 3057 ejus
1687 2989 1824 3044 secti
1855 2988 2337 3059 proportionaliter
2374 2997 2530 3060 parte
2563 2989 2780 3058 maiori,
2830 3003 2937 3058 per-
2962 2985 3097 3042 XIII
3131 2985 3184 3055 8,

488 3068 635 3136 quod
671 3067 815 3122 idem
852 3066 1012 3122 etiam
1048 3066 1267 3136 probari
1301 3072 1487 3135 potest
1521 3082 1590 3121 ex
1624 3066 1896 3135 triangulo
1934 3067 2387 3138 quinquangulari
2420 3069 2593 3138 ΕΒΗ,
2630 3075 2693 3124 ιιι
2726 3083 2908 3137 supra.

664 3147 798 3202 Cum
831 3147 997 3216 igitur
1031 3147 1176 3203 latus
1211 3146 1504 3216 pentagoni
1539 3145 1714 3214 possit
1749 3144 2202 3203 semidiametrum
2215 3187 2228 3214 ,
2266 3162 2408 3217 quae
2442 3156 2528 3204 est
2567 3146 2795 3203 effabilia
2829 3144 3184 3215 longitudine¹

486 3232 542 3280 et
577 3225 695 3294 eius
733 3233 914 3281 sectae
951 3225 1426 3295 proportionaliter
1461 3232 1670 3295 partem
1705 3225 1967 3294 majorem
1984 3267 1999 3295 ,
2047 3232 2110 3282 ut
2136 3225 2198 3279 in
2234 3226 2508 3281 schemate
2543 3225 2842 3294 praemisso
2879 3223 3185 3280 semicircu-

486 3295 589 3360 lari
617 3304 695 3374 (8)
717 3304 813 3360 ΡΘ
846 3310 1027 3374 potest
1052 3304 1144 3358 PA
1180 3305 1372 3373 etAG,
1411 3312 1467 3358 et
1501 3310 1563 3359 ιιι
1583 3304 1679 3359 PA
1715 3312 1802 3360 est
1836 3305 1907 3362 ad
1939 3303 2053 3370 AG,
2091 3306 2170 3360 sic
2203 3306 2275 3362 sit
2306 3305 2402 3360 PG
2435 3304 2582 3361 latus
2615 3304 2906 3374 pentagoni
2939 3303 3009 3359 ad
3041 3302 3187 3359 latus

488 3399 621 3439 suae
648 3382 870 3451 stellae,
924 3383 996 3437 sit
1028 3397 1156 3436 vero
1198 3389 1257 3438 ut
1290 3383 1382 3437 PA
1418 3381 1487 3436 ad
1524 3382 1648 3451 AG,
1692 3384 1770 3458 sic
1805 3384 1901 3438 PG
1935 3385 2005 3440 ad
2041 3385 2165 3441 GX:
2215 3399 2344 3453 ergo
2380 3385 2481 3440 ΘΧ
2515 3391 2602 3439 εει
2638 3381 2774 3437 illud
2811 3381 2955 3437 latus
2990 3381 3186 3438 stellae
3293 3422 3300 3432 .

485 3469 775 3532 potestque
812 3469 868 3518 et
906 3462 1002 3516 GA
1041 3460 1496 3516 semidiametrum
1532 3462 1720 3517 circuli
1758 3463 1903 3517 circa
1936 3464 2161 3531 figuram
2199 3461 2564 3531 decangulam,
2603 3469 2659 3516 et
2688 3461 2793 3516 AX
2830 3461 3185 3532 compositam

460 3557 558 3618 ,ex
594 3541 691 3598 PA
726 3550 783 3597 et
817 3542 931 3598 AG.
1007 3540 1187 3608 Quare
1222 3556 1321 3612 per
1355 3541 1429 3595 ibi
1466 3541 1836 3599 demonstrata
1873 3542 1973 3598 ΘΧ
2009 3549 2093 3598 εει
2126 3543 2317 3611 mizon,
2361 3542 2454 3596 GP
2489 3541 2725 3597 elasson.
2799 3541 3053 3611 Singulae
3087 3540 3185 3610 igi-

485 3627 577 3674 tur
613 3627 741 3676 sunt
774 3621 831 3674 in
867 3628 1059 3675 octavo
1096 3620 1269 3689 gradu
1305 3619 1564 3676 scientiae
1599 3621 1827 3690 ejusque
1863 3623 2099 3684 secundo
2121 3621 2340 3678 'ordine
2414 3621 2556 3688 Quia
2589 3637 2717 3676 vero
2753 3622 2974 3690 junctae
3007 3622 3185 3677 lineae

485 3697 598 3763 PG,
635 3699 734 3753 ΘΧ
768 3698 976 3752 faciunt
1011 3698 1395 3765 quadratorum
1430 3715 1690 3755 summam
1727 3698 2016 3768 affabilem,
2052 3717 2127 3757 sc.
2164 3699 2444 3769 aequalem
2476 3699 2742 3768 quadrato
2766 3701 2880 3765 ΡΧ,
2915 3701 3062 3771 quod
3096 3707 3186 3758 εει

486 3776 655 3847 ipsius
683 3779 779 3832 GA
816 3776 1044 3831 effabilis
1081 3778 1332 3845 quadrati
1366 3777 1729 3846 quintuplum,
1766 3778 2097 3849 eaedemque
2124 3781 2233 3849 PG,
2272 3781 2374 3835 ΘΧ
2407 3780 2783 3850 rectangulum
2817 3780 3053 3835 formant
3074 3795 3185 3836 me-

486 3869 615 3907 son:
651 3854 756 3910 hoc
791 3856 1007 3909 nomine
1033 3856 1260 3923 junctae
1295 3856 1405 3923 PG,
1443 3858 1544 3912 ΘΧ
1580 3865 1708 3912 ειιιιι
1740 3857 1798 3912 in
1833 3859 2004 3926 gradu
2039 3860 2300 3916 scientiae
2335 3867 2511 3930 sexto,
2548 3858 2615 3914 de
2653 3876 2759 3927 quo
2785 3868 2870 3915 est
2910 3860 2990 3916 18.
3029 3875 3185 3928 prae-

485 3931 663 3988 missa.
735 3933 983 4001 Denique
1030 3934 1156 4001 quia
1188 3934 1334 3989 latus
1370 3937 1664 4004 pentagoni
1720 3942 1773 3990 et
1810 3936 1954 3993 latus
2009 3939 2199 3996 stellae
2247 3948 2377 3997 sunt
2415 3947 2476 3995 ut
2511 3939 2767 4001 sectionis
2806 3938 3016 4008 diuinae
3051 3953 3184 4008 pars

486 4012 659 4079 major
694 4017 749 4065 et
785 4018 928 4077 tota,
979 4010 1101 4065 ideo
1139 4019 1266 4065 sunt
1302 4012 1464 4066 etiam
1512 4014 1569 4067 in
1603 4013 1775 4082 gradu
1814 4015 2070 4072 scientiae
2106 4025 2330 4088 quarto,
2377 4021 2604 4088 junctae
2653 4019 2880 4075 invicem
2915 4018 3062 4089 (vide
3098 4019 3186 4073 29.

482 4090 693 4158 hujus).
769 4090 1128 4158 Consequitur
1184 4097 1364 4144 autem
1401 4092 1499 4147 has
1535 4093 1922 4162 proprietateS,
1979 4102 2040 4151 ut
2091 4098 2231 4152 sicut
2274 4097 2570 4167 pentagoni
2619 4097 2761 4153 latus
2814 4107 2900 4154 est
2952 4096 3186 4173 classen,

456 4168 679 4224 ’stellae
713 4168 906 4237 mizon,
944 4169 1023 4224 sic
1059 4169 1221 4224 etiam
1259 4172 1559 4262 composita
1593 4188 1663 4226 ex
1699 4179 1932 4242 utroque
1969 4176 2042 4231 sit
2074 4177 2269 4232 iterum
2296 4176 2491 4246 mizon,
2529 4182 2584 4230 et
2615 4175 2760 4231 latus
2784 4176 3079 4246 pentagoni
3111 4174 3190 4229 εἰι

484 4249 650 4316 huius
674 4209 1021 4318 compositae,
1060 4256 1121 4304 ut
1155 4248 1397 4321 mizonis,
1436 4250 1759 4308 elementum
1794 4253 1988 4320 minus,
2021 4256 2166 4314 latus
2203 4272 2329 4313 vero
2356 4255 2549 4312 stellae
2585 4254 2656 4309 sit
2690 4253 2835 4309 illius
2861 4252 3186 4309 elementum

486 4328 691 4396 maius3
727 4333 782 4381 et
816 4335 880 4382 ut
915 4329 1076 4383 etiam
1112 4328 1416 4387 differentia
1450 4331 1595 4387 inter
1637 4339 1927 4402 utrumque
1963 4334 2108 4391 latus
2144 4337 2216 4393 sit
2252 4335 2436 4412 aliqua
2462 4334 2694 4403 classon,
2731 4334 2939 4389 scilicet
2961 4333 3060 4401 DQ
3099 4334 3189 4388 vel

487 4405 609 4476 QF,
647 4421 747 4475 per
784 4405 1008 4462 eandem
1044 4408 1130 4463 29.
1167 4410 1352 4479 hujus.
1944 4437 1957 4447 ’

658 4497 888 4558 XLIII.
935 4497 1409 4577 Propositio.
1499 4503 1691 4564 Plana
1753 4501 2038 4582 decagoni
2098 4511 2159 4564 et
2207 4507 2526 4583 pentagoni
2583 4503 2800 4565 cadunt
2857 4504 2918 4562 in
2971 4501 3188 4580 gradus

487 4586 769 4645 scientiae
812 4587 1153 4648 remotiores
1172 4630 1187 4661 ,
1247 4597 1311 4648 ut
1371 4597 1431 4650 et
1474 4590 1629 4651 latus
1673 4593 1962 4671 icosigoni
2007 4599 2067 4651 et
2109 4593 2340 4669 reliqua
2381 4594 2557 4668 hujus
2603 4591 2806 4651 classis
2849 4591 3186 4668 figurarum

655 4669 797 4723 Nam
831 4669 976 4725 latus
1011 4672 1303 4739 pentagoni
1328 4673 1429 4727 ΕΗ
1464 4673 1580 4744 (fig.
1618 4675 1712 4743 13)
1750 4674 1974 4729 ductum
2007 4674 2174 4730 inAN
2211 4675 2341 4733 facit
2359 4674 2584 4743 duplum
2605 4674 2774 4743 FAH,
2811 4674 3033 4743 quintae
3055 4688 3180 4742 par-

485 4745 555 4799 tis
590 4760 749 4802 areae
785 4747 1191 4814 pentagonicae.
1263 4751 1367 4805 Est
1403 4767 1531 4806 vero
1567 4752 1668 4807 FH
1706 4753 1947 4819 classen,
2004 4760 2083 4809 et·
2095 4754 2195 4808 AN
2248 4762 2354 4810 est
2369 4753 2524 4821 talia,
2576 4767 2717 4822 quae
2752 4755 2936 4824 potent
2969 4749 3189 4808 effabile

485 4825 599 4894 AF,
635 4825 955 4881 diminutum
988 4827 1237 4894 potentia
1269 4827 1534 4886 classonis
1568 4831 1683 4886 FN.
1757 4832 1816 4886 Si
1849 4838 2047 4898 autem,
2085 4833 2232 4902 quod
2260 4831 2355 4888 est
2389 4832 2459 4888 ab
2496 4830 2760 4900 classone,
2802 4830 3085 4886 auferatur
3117 4830 3189 4884 ab

486 4917 577 4972 eo,
633 4904 780 4972 quod
816 4911 902 4960 εει
936 4902 1005 4958 ab
1041 4903 1261 4974 effabili,
1312 4907 1636 4978 relinquitur
1672 4925 1815 4966 nova
1848 4911 2060 4981 species
2097 4911 2304 4981 lineae,
2361 4924 2502 4979 quae
2535 4915 2720 4979 potest
2749 4907 2861 4964 tale
2891 4908 3185 4964 residuum.
