3567 5625
456 473 577 536 118
1338 470 1424 526 De
1458 470 1780 539 Figuratum
1816 468 2263 528 Harmonlcarum

442 657 513 699 ne
556 642 641 699 sic
684 642 917 713 quidem·
946 644 1282 700 continuatio
1330 646 1574 701 succedit
1626 648 1683 701 in
1726 644 2023 717 infinitum3
2073 653 2160 703 est
2208 649 2352 703 enim
2400 646 2717 703 insociabile
2768 647 2932 718 hujus
2971 644 3152 706 sectae

446 739 689 791 regnum,
747 739 885 794 quae
921 725 1112 792 paucis
1150 741 1370 780 suorum
1410 726 1633 782 adscitis
1670 726 1854 783 statim
1890 743 1951 782 se
1985 728 2174 783 munit.
2248 729 2395 783 Ecce
2429 726 2630 783 formas
2680 728 2781 782 has
2816 727 2952 781 duas
2990 728 3152 801 etiam

446 802 618 872 aliter,
654 802 815 858 litera
849 804 947 857 Aa.
1020 802 1227 869 Quodsi
1265 805 1583 873 continuare
1620 805 1837 860 omnino
1874 805 2026 874 velis,
2063 812 2308 861 monstra
2331 805 2597 877 quaedam
2631 813 2759 861 sunt
2783 806 3153 879 adsciscendo,

449 882 557 937 duo
593 881 854 952 decagoni
887 883 1031 936 inter
1065 897 1125 936 se
1162 884 1450 953 commissi,
1489 887 1704 941 extritis
1737 886 1795 939 in
1833 892 2066 955 utroque
2102 884 2242 939 binis
2266 884 2559 953 lateribus;
2596 884 2764 953 fitque
2789 886 2957 940 series
2983 892 3155 939 struc-

444 966 602 1016 turae
664 961 1068 1031 quinquangula
1115 961 1277 1018 etiam
1324 964 1382 1018 in
1417 963 1628 1020 infinita
1662 964 2091 1035 continuatione,
2146 965 2225 1021 sic
2263 971 2324 1021 ut
2375 965 2432 1020 in
2466 964 2641 1034 prima
2677 971 2733 1019 et
2776 964 3160 1032 angustissima

459 1040 909 1107 quinqtmiigulari
961 1041 1100 1096 serie
1146 1042 1254 1097 sint
1305 1042 1568 1113 decagoni
1619 1046 1884 1116 quinque,
1933 1044 2142 1099 nullum
2179 1052 2479 1099 monstrum
2528 1042 2930 1110 intermedium3
2983 1044 3039 1097 in
3074 1059 3157 1096 se-

451 1119 628 1171 cunda
672 1118 860 1171 lnam-i
905 1121 1074 1174 series
1125 1121 1357 1178 lineares
1408 1123 1832 1192 decangulorum
1879 1122 2122 1178 mediant
2155 1122 2402 1192 singulae
2439 1121 2667 1191 copulae
2717 1138 2786 1176 ex
2822 1122 2964 1176 binis
3001 1122 3158 1178 deca·

453 1199 612 1263 genis
648 1203 784 1251 inter
824 1215 881 1252 se
917 1200 1246 1270 commissis;
1293 1201 1350 1254 in
1385 1204 1550 1257 tertia
1587 1204 1926 1270 singulorum
1962 1202 2284 1272 angulorum
2320 1201 2443 1257 loca
2478 1209 2752 1271 occupant
2789 1198 3034 1269 singulae
3069 1216 3160 1251 co-

453 1275 612 1344 pulae
652 1291 712 1328 ex
756 1277 893 1330 binis
930 1278 1220 1349 decagonis
1257 1280 1398 1335 inter
1435 1295 1494 1335 se
1532 1282 1863 1351 commissis,
1903 1298 2038 1352 quas
2075 1281 2278 1338 mediat
2313 1281 2624 1349 decagonus
2666 1296 2837 1349 unus3
2874 1281 2930 1336 in
2967 1287 3162 1350 quarta

448 1364 592 1408 stunt
648 1375 856 1412 rursum
904 1355 1099 1425 integri
1135 1359 1400 1428 decagoni
1441 1359 1498 1414 in
1541 1360 1789 1429 angulis,
1835 1360 2180 1431 mediantque
2225 1361 2382 1416 binos
2425 1360 2656 1430 angulos
2704 1360 2819 1415 bini
2855 1357 3162 1435 decagoni,s

459 1436 708 1504 dispositi
760 1436 1072 1505 aequalibus
1117 1438 1443 1509 intervallis;
1495 1440 1550 1493 in
1596 1441 1783 1509 quinta
1833 1447 1983 1496 stant
2015 1441 2209 1495 stellae
2259 1456 2383 1495 cum
2429 1439 2656 1507 singulis
2692 1440 2948 1495 extremis
2993 1439 3160 1494 radii-

455 1516 507 1568 in
547 1516 772 1584 singulis
812 1516 1039 1583 tmgulis‚
1076 1518 1303 1587 implent
1338 1534 1465 1573 vero
1501 1518 1674 1574 lineas
1711 1520 1823 1573 bini
1859 1521 2121 1589 decagoni
2157 1520 2353 1587 integri
2399 1526 2455 1575 et
2502 1519 2559 1573 in
2595 1518 2773 1574 medio
2821 1518 2982 1573 binae
3019 1535 3138 1573 com

456 1593 718 1650 missuras
767 1597 1178 1668 decagonorum.
1249 1598 1324 1652 Et
1374 1598 1451 1654 sic
1497 1607 1894 1669 consequenter
1944 1600 2331 1668 unaquaelibet
2376 1599 2553 1655 forma
2601 1597 3007 1670 quinquangula
3055 1597 3162 1657 fert

453 1672 578 1803 Eovi
633 1674 855 1744 aliquid.
940 1677 1227 1733 Structura
1280 1683 1365 1731 est
1415 1675 1842 1732 laboriosissima
1898 1684 1954 1733 et
2008 1677 2482 1743 artificiosissima,
2535 1675 2760 1732 visenda
2812 1674 2884 1738 ad
2937 1676 3161 1731 eandem

480 1749 667 1807 'teram
702 1755 802 1810 Aa.
2317 1791 2324 1798 ·

632 1832 753 1888 Huc
790 1835 953 1891 etiam
987 1834 1134 1891 refer
1168 1834 1381 1890 stellam
1418 1835 1790 1905 decangnlam,
1827 1836 1884 1889 in
1920 1835 2078 1904 cujus
2115 1850 2309 1890 cavum
2343 1834 2604 1904 angulum
2644 1836 2897 1903 congruit
2932 1834 3165 1905 angulus

455 1912 775 1982 pentagoni;
821 1921 878 1970 et
912 1915 1147 1970 vicissim
1199 1914 1337 1969 radii
1387 1915 1498 1969 bini
1534 1914 1807 1969 trideciles
1852 1932 1975 1970 cum
2013 1914 2152 1971 binis
2197 1915 2576 1986 pentagonicis
2624 1923 2929 1985 congruunt
2980 1924 3037 1970 et
3071 1916 3165 1968 im-

457 1986 610 2056 plent
633 1989 813 2059 locum
838 1994 1086 2049 solidum.
1150 1996 1301 2049 Haec
1326 1995 1502 2055 forma
1524 1996 1716 2065 recipit
1742 1993 2057 2062 inaequales
2081 2000 2441 2063 pentagonos‚
2484 2001 2540 2049 et
2562 1994 2691 2049 licet
2726 1996 2797 2051 sit
2834 1992 3165 2050 continuabi-

457 2064 554 2135 lifl,
589 2070 783 2140 recipit
819 2080 1000 2127 tamen
1034 2075 1089 2128 in
1125 2074 1358 2129 medium
1395 2090 1595 2130 vacuos
1632 2075 1936 2142 decagonos
1974 2074 2201 2128 hiulcos.
2273 2073 2471 2128 Forma
2495 2081 2583 2129 est
2620 2074 2845 2130 visenda
2867 2074 3026 2129 litera
3064 2073 3162 2127 Bb.

633 2149 982 2219 Pentagonus
1021 2168 1159 2206 unus
1195 2153 1251 2207 in
1287 2160 1566 2208 ternorum
1613 2153 1900 2223 planorum
1937 2155 2188 2221 copulam
2224 2153 2428 2208 assumi
2474 2169 2585 2207 non
2622 2160 2832 2224 potest,
2863 2155 3008 2209 *nam
3046 2153 3164 2221 ejus

461 2228 693 2297 angulus
729 2230 896 2286 habet
935 2232 961 2304 g
1002 2232 1162 2286 unius
1200 2233 1361 2301 recti,
1400 2248 1500 2302 per
1532 2233 1577 2288 I.
1617 2234 1709 2289 33:
1759 2249 1888 2301 ergo
1937 2233 2150 2300 angulis
2202 2232 2418 2287 duobus
2464 2232 2688 2303 reliquis
2733 2232 3168 2301 relinquerentur

468 2307 545 2378 ¹5⁴,
583 2308 801 2364 cuilibet
835 2311 894 2382 51²,
933 2312 1147 2381 qualem
1183 2311 1334 2366 nulla
1367 2313 1540 2381 figura
1575 2313 1756 2368 habet.
1828 2312 1948 2366 Nec
1984 2312 2124 2367 sumi
2159 2320 2392 2382 possunt
2428 2313 2700 2382 hexagoni
2735 2313 2875 2367 duo:
2921 2328 3045 2367 nam
3081 2327 3164 2366 re·

461 2384 678 2441 siduum
713 2393 797 2443 est
837 2389 999 2444 etiam
1037 2391 1307 2459 hexagoni
1352 2391 1583 2459 angulus
1619 2399 1676 2447 et
1708 2391 1772 2446 fit
1807 2389 1980 2445 forma
2027 2393 2280 2461 superius
2314 2392 2520 2457 relata,
2568 2409 2689 2448 cum
2732 2408 2832 2447 nos
2876 2392 2968 2446 hic
3004 2405 3166 2459 quae-

457 2478 644 2519 ramus
676 2472 980 2525 structuras
1017 2484 1087 2524 ex
1123 2470 1334 2526 duabus
1372 2471 1689 2541 speciebus,
1736 2488 1845 2525 non
1881 2487 1950 2525 ex
1986 2472 2181 2526 unicae
2219 2472 2418 2540 speciei
2458 2472 2660 2540 figuris.
2736 2473 2843 2526 Per
2878 2479 3167 2540 sequentes

460 2543 804 2612 plurilateras
839 2547 1059 2617 figuras,
1098 2565 1326 2620 quarum
1364 2550 1595 2618 angulus
1631 2549 1806 2619 major
1841 2558 1927 2607 est
1962 2551 2324 2619 hexagonico‚
2372 2551 2666 2606 subtractis
2703 2550 2917 2605 duobus
2953 2549 3167 2619 angulis

461 2637 495 2677 a
537 2622 571 2676 4
607 2626 795 2694 rectis,
845 2627 1171 2697 relinquitur
1215 2645 1315 2697 pro
1351 2630 1562 2699 reliquo
1598 2630 1806 2697 minus,
1853 2645 2014 2700 quam
2053 2630 2218 2685 habet
2266 2630 2658 2698 hexagonicus:
2715 2643 2824 2683 uno
2882 2644 3006 2681 vero
3044 2627 3166 2681 sub-

462 2706 664 2768 tracto,
711 2705 888 2760 minus
925 2706 1245 2776 relinquitur
1279 2723 1380 2777 pro
1418 2707 1631 2763 duobus
1681 2708 1933 2778 reliquis,
1990 2725 2154 2780 quam
2197 2709 2405 2765 habent
2450 2710 2558 2763 duo
2594 2708 2932 2776 hexagonici.
3004 2706 3171 2774 Atqui

464 2779 533 2835 de
568 2779 633 2835 iis
670 2781 876 2854 figuris,
915 2800 1055 2855 quae
1090 2786 1377 2856 pauciores
1413 2794 1469 2842 et
1505 2787 1740 2844 minores
1777 2789 1983 2844 habent
2023 2788 2268 2858 angulos,
2308 2803 2471 2859 quam
2494 2789 2830 2858 hexagonus,
2861 2786 2975 2856 jam
3011 2792 3172 2841 antea

465 2867 804 2918 transactum
836 2864 995 2919 n'obis
1032 2873 1145 2936 est,
1184 2881 1322 2934 quae
1359 2874 1417 2921 et
1453 2874 1585 2939 quot
1621 2884 1743 2923 esse
1779 2870 2021 2938 possint,
2061 2867 2281 2938 quando
2317 2868 2458 2922 terni
2496 2875 2747 2923 sternunt
2780 2866 3076 2936 planitiem.

638 2936 789 2996 XX.
853 2939 947 2998 Pr
968 2943 1336 3019 opositio.
1425 2944 1515 3003 Ex
1572 2943 1764 3022 planis
1829 2944 2060 3021 angulis
2118 2946 2291 3002 trium
2353 2948 2681 3022 specierum
2735 2945 2901 3003 locus
2961 2939 3172 3020 planus

466 3039 718 3100 congrue
763 3026 1035 3105 impletur
1080 3037 1304 3105 quater.
2411 3086 2415 3093 .

484 3177 487 3182 ,
640 3109 742 3164 Hic
789 3127 898 3166 non
944 3110 1250 3167 tolerantur
1294 3120 1406 3168 tres
1452 3113 1704 3183 pluresve
1757 3114 2030 3182 trigonici,
2081 3113 2291 3170 faciunt
2349 3115 2492 3168 enim
2542 3119 2655 3168 tres
2688 3113 2878 3182 anguli
2926 3109 3174 3178 trigonici

468 3187 607 3244 duos
642 3194 848 3261 rectos3
896 3190 1220 3262 relinquitur
1252 3194 1461 3262 minus,
1498 3209 1660 3263 quam
1695 3192 1830 3248 facit
1867 3208 2079 3249 summa
2112 3192 2453 3247 minimorum
2488 3198 2616 3262 post
2649 3192 2818 3261 illos,
2854 3189 3175 3258 tetragonici

560 3275 615 3327 et
650 3284 719 3338 pe
734 3273 1026 3340 ntagonici.
1102 3271 1182 3327 Ob
1221 3272 1278 3327 id
1313 3288 1491 3344 neque
1527 3273 1740 3327 duobus
1775 3273 2056 3343 trigonicis
2094 3271 2337 3326 sociandi
2373 3271 2481 3326 duo
2520 3271 2844 3341 tetragonici
2880 3277 2975 3326 aut
3007 3270 3174 3334 majo-

470 3364 583 3416 res,
621 3350 747 3419 quia
781 3367 889 3406 non
924 3353 1321 3424 relinqueretur
1356 3355 1487 3408 satis
1525 3355 1689 3423 spatii
1724 3370 1824 3424 pro
1861 3353 2061 3422 angulo
2097 3352 2303 3422 figurae
2341 3351 2533 3406 tertiae
2570 3351 2787 3420 speciei.

654 3434 696 3486 1.
756 3431 903 3499 Ergo
942 3431 987 3486 si
1024 3431 1273 3501 trigonici
1310 3432 1417 3486 sint
1442 3432 1549 3485 duo
1586 3439 1641 3486 et
1664 3432 2034 3501 tetragonicus
2059 3448 2217 3500 unua,
2257 3430 2554 3486 sociabitur
2585 3430 2692 3483 illis
2721 3426 3178 3496 dodecagonicus3

471 3525 582 3566 non
617 3515 798 3564 tamen
835 3510 1178 3564 continuatur
1214 3510 1410 3564 forma:
1450 3509 1570 3564 vide
1608 3511 1779 3566 literis
1818 3512 1907 3580 Cc,
1950 3511 2054 3577 Dd,
2091 3512 2172 3566 Ee
2209 3518 2321 3566 tres
2357 3511 2577 3577 formae,
2619 3525 2803 3564 omnes
2842 3506 2913 3562 ad
2949 3508 3183 3575 primum

474 3605 659 3645 casum
697 3589 1046 3658 pertinentes
1119 3589 1241 3643 Huc
1279 3589 1441 3645 etiam
1478 3588 1637 3645 stella
1674 3589 2076 3659 dodecagonica
2112 3589 2395 3657 referatur,
2433 3597 2495 3644 ut
2520 3604 2701 3656 supra.
2774 3589 2912 3643 Nam
2948 3592 3184 3654 quatuor

472 3667 749 3738 trigonici,
802 3682 943 3720 unus
992 3668 1361 3737 tetragonicus
1415 3676 1471 3723 et
1517 3684 1659 3725 unus
1705 3668 1901 3725 stellae
1949 3670 2136 3725 radius
2179 3668 2483 3740 implebunt
2528 3669 2724 3723 locum.
2798 3667 2942 3719 Ecce
2978 3663 3182 3718 formas

472 3737 572 3806 Ff,
609 3738 726 3805 Gg,
763 3736 871 3789 Hh.
944 3736 1245 3806 Trigonicis
1281 3738 1494 3793 duobus
1532 3742 1577 3794 si
1612 3742 2005 3809 pentagonicus
2043 3754 2185 3795 unus
2215 3740 2506 3810 jungatur,
2543 3739 2820 3793 residuum
2856 3735 2959 3789 erit
2994 3735 3173 3788 incon·

476 3833 686 3889 gruum,
727 3817 821 3889 ἓξ,
869 3817 1050 3872 nullus
1088 3820 1230 3874 enim
1267 3821 1497 3888 angulus
1534 3821 1699 3876 habet
1742 3823 1821 3892 st.
1895 3819 1988 3874 Sin
2034 3836 2176 3875 unus
2223 3819 2457 3873 addatur
2498 3816 2867 3888 hexagonicus
2902 3812 3182 3881 trigonicis

476 3898 714 3967 duobus,
765 3896 1013 3951 residuus
1062 3898 1223 3951 etiam
1273 3897 1643 3967 hexagonicus
1695 3897 1799 3952 erit
1847 3905 1902 3953 et
1953 3899 2128 3954 forma
2178 3899 2280 3953 erit
2330 3915 2436 3952 una
2485 3914 2551 3952 ex
2601 3895 2989 3965 superioribus·
3059 3894 3184 3948 Non

473 3984 733 4048 poterunt
766 3977 929 4043 igitur
963 3992 1128 4044 porro
1165 3993 1286 4031 esse
1322 3978 1435 4032 bini
1470 3977 1683 4045 trigoni.
1758 3978 1905 4047 Ergo
1944 3978 1991 4033 si
2014 3977 2087 4032 sit
2109 3978 2408 4046 trigonicus
2444 3992 2601 4043 unus,
2641 3975 2690 4029 ei
2727 3982 2837 4028 tres
2861 3971 3185 4040 tetragonici

474 4073 584 4112 non
621 4056 915 4124 addentur,
951 4055 1173 4109 nimium
1211 4056 1351 4110 enim
1376 4056 1659 4126 conflatur,
1695 4072 1798 4112 nec
1822 4057 1984 4127 spatii
2008 4057 2142 4112 satis
2169 4058 2369 4124 angulo
2403 4055 2598 4111 tertiae
2623 4054 2823 4124 speciei
2847 4051 3183 4120 relinquitur.

651 4134 700 4188 2.
770 4133 1057 4189 Addantur
1091 4136 1184 4189 uni
1218 4137 1483 4204 trigonico
1522 4139 1630 4193 duo
1665 4136 2001 4204 tetragonici,
2035 4136 2091 4188 in
2128 4135 2406 4191 residuum
2454 4133 2522 4189 ad
2559 4142 2792 4203 quatuor
2839 4139 3020 4186 rectos
3056 4145 3183 4183 con·

478 4222 638 4287 grnet
669 4214 1068 4284 hexagonicus3
1120 4215 1293 4271 forma
1327 4217 1561 4286 duplex,
1607 4217 1779 4272 literis
1815 4215 1862 4270 Ii
1897 4214 2306 4279 continuabilis‚
2360 4212 2451 4268 Kk
2500 4228 2609 4267 non
2646 4209 3029 4267 continuabilis
3066 4207 3183 4263 sine

477 4295 731 4353 mixtura.
804 4295 1014 4364 Estque
1049 4295 1140 4351 hic
1175 4311 1334 4351 casus
1371 4297 1669 4353 secundus„

653 4374 975 4446 Trigonicus
1024 4391 1165 4431 unus
1203 4393 1323 4432 cum
1359 4377 1735 4447 pentagonicis
1774 4376 1986 4432 duobus
2023 4391 2133 4430 non
2166 4375 2446 4445 jungitur,
2495 4380 2670 4430 restat
2706 4371 2847 4426 enim
2889 4369 3079 4458 hiatus
3120 4369 3184 4440 st

480 4454 641 4512 unius
675 4454 827 4520 recti,
861 4453 1071 4511 alienus
1109 4470 1143 4511 a
1176 4456 1513 4524 regularibus
1548 4455 1764 4525 figuris3
1800 4471 1907 4527 nec
1943 4471 2068 4510 cum
2104 4453 2466 4524 pentagonico
2502 4469 2636 4521 un0,
2674 4465 2886 4506 rursum
2923 4463 3068 4517 enim
3100 4462 3184 4500 re·

483 4540 631 4590 stant
670 4534 760 4607 ἢ,
798 4550 919 4589 cnm
955 4534 1108 4589 nulla
1142 4536 1407 4604 regularis
1443 4536 1619 4606 figura
1654 4536 1857 4591 habeat
1881 4535 1974 4609 {33
2012 4550 2113 4589 nec
2137 4551 2259 4589 cum
2285 4534 2620 4603 hexagonico
2651 4545 2774 4595 uno,
2809 4525 3017 4582 faciunt
3041 4526 3184 4578 enim

482 4614 519 4669 2
550 4620 754 4678 rectos,
806 4628 929 4669 cum
974 4614 1156 4669 nullus
1202 4614 1351 4670 solus
1396 4614 1626 4692 angulus
1674 4614 1772 4670 fiat
1815 4621 2028 4677 tantus,
2073 4613 2350 4669 dimidium
2400 4629 2527 4668 vero
2578 4613 2744 4681 hujus
2789 4607 2862 4662 sit
2905 4606 3183 4674 quantitas

482 4692 827 4764 tetragonici,
865 4694 932 4749 de
968 4711 1075 4763 quo
1107 4695 1218 4763 jam
1256 4702 1341 4750 est
1375 4701 1582 4764 actum3
1629 4710 1731 4750 nec
1767 4709 1891 4748 cum
1925 4692 2288 4761 heptagonico
2324 4693 2411 4746 vel
2446 4690 2763 4758 octogonico
2798 4684 2881 4741 vel
2919 4697 3185 4751 enneago-

484 4773 624 4842 nico,
660 4773 910 4842 singulis;
958 4782 1230 4830 restarent
1264 4773 1404 4828 enim
1439 4790 1540 4842 pro
1578 4774 1777 4843 angulo
1817 4772 2012 4827 tertiae
2048 4772 2250 4842 speciei
2285 4773 2580 4843 figurarum
2629 4770 2713 4827 vel
2750 4771 2818 4841 ξφ
2870 4764 2957 4818 vel
2999 4766 3051 4834 ξι
3097 4766 3185 4819 vel

496 4850 573 4921 ⁸⁹⁶·
621 4850 810 4918 quales
846 4852 997 4906 nulla
1030 4852 1296 4922 regularis
1332 4851 1505 4919 figura
1539 4851 1721 4906 habet.
1794 4848 1945 4922 Ergo
1992 4854 2289 4922 trigonicus
2325 4868 2480 4908 ›unus
2517 4867 2639 4906 cum
2695 4845 3022 4915 decagonico
3073 4861 3183 4899 uno

488 4932 819 5001 compositus
849 4931 1106 5005 relinquit
1153 4931 1362 4987 hiatum
1401 4931 1467 5003 ἕξ
1480 4973 1494 5000 ,
1548 4938 1781 5000 quantus
1836 4939 1921 4988 est
1965 4930 2617 5004 pentekaedecagonicus.
2688 4929 2794 4986 Hic
2833 4934 2920 4984 est
2964 4926 3185 4998 quidem
