3567 5625
265 451 306 512 66
502 497 506 502 .
650 444 793 515 Epistulae
809 443 922 513 Keplcri
940 442 1108 512 aliorumque
1125 449 1235 498 mutuus

155 638 159 644 ·
264 617 363 691 stolus),
381 636 468 673 snmus
484 627 510 671 ιι
527 635 656 671 movemur
673 627 699 670 et
712 635 792 679 genns
809 623 889 684 ipsius
907 635 1001 672 sumus.
1036 622 1100 682 Ergo
1119 626 1146 670 ιι
1162 620 1231 670 Dens
1248 633 1346 682 sumus,
1372 618 1519 680 quidecim
1537 621 1575 667 est
1591 618 1620 666 ιιι

264 695 327 759 Deo,
347 694 416 755 quod
432 708 483 743 non
501 694 535 741 sit
553 693 621 741 Deus
639 694 711 754 ipset
747 692 782 740 Δι
798 706 854 741 cum
873 694 918 742 has
936 694 1040 741 rationis
1058 693 1174 740 tenebras
1192 691 1261 740 Deus
1279 691 1387 752 Spiritus
1405 689 1486 738 sancti
1504 689 1545 737 sui
1561 701 1619 749 gra·

264 767 302 813 tie
319 767 346 814 ln
364 770 446 813 mente
464 777 520 812 mea
537 763 688 824 dispulisset,
706 760 780 810 aliter
797 764 875 812 tantis
895 765 1017 813 derebus
1035 763 1128 811 sentire
1146 761 1231 811 didici.
1258 761 1327 810 Deus
1339 761 1405 808 enim
1424 760 1479 820 ipse
1496 759 1524 806 ιιι
1542 759 1619 806 verbo

262 850 310 884 suo
329 837 517 898 proportionem
535 839 662 881 creaturae
668 832 713 892 „ed
731 837 866 881 ιιιιιιιιιιι
884 834 1007 895 expressit
1025 841 1051 881 et
1068 831 1141 895 dixit,
1160 831 1333 892 quodeadem
1351 831 1477 890 sit,'quae
1493 825 1568 877 nihili
1586 827 1619 876 ad

265 904 369 965 aliquid.
405 904 464 965 Quo
482 905 558 963 igitur
575 903 656 952 fronte
674 916 728 950 eam
745 901 939 953 deificabimus?
956 908 1002 952 eut
1020 900 1145 964 quomodo
1163 903 1258 951 ιιιιιιιι
1270 901 1371 949 nostres
1388 905 1487 948 tentum
1507 899 1620 963 ridemus,

264 981 301 1041 ut,
320 989 385 1037 quee
404 989 435 1023 ιι
452 974 526 1023 noble
545 973 576 1022 de
588 973 642 1022 Deo
662 980 734 1021 extre
751 972 913 1024 manifestum
932 971 1091 1022 revelationis
1110 972 1213 1021 verbum
1231 967 1354 1035 suggerit,
1379 982 1438 1017 vcra
1461 982 1515 1017 esse
1532 968 1620 1017 crede·

264 1049 335 1094 must
359 1060 416 1094 cum
433 1058 464 1092 ιι
481 1046 515 1091 ιιι
532 1056 616 1094 coram
633 1043 688 1091 Deo
706 1047 762 1091 toto
785 1057 841 1092 oum
863 1050 919 1092 tote
937 1044 1044 1093 bominis
1066 1044 1205 1091 substantia
1228 1047 1253 1091 st
1278 1041 1373 1088 viribon
1396 1038 1570 1087 damnationis
1595 1042 1620 1086 et

264 1117 421 1164 tenebrosum
439 1117 531 1174 abysso
549 1114 672 1177 immersa,
691 1118 716 1161 et
733 1119 864 1174 propterea
880 1114 928 1162 Dei
947 1115 1059 1173 inimica,
1077 1111 1149 1178 nibil,
1168 1126 1234 1173 ques
1251 1113 1355 1173 spiritus
1373 1110 1422 1158 Dei
1439 1115 1505 1170 sunt,
1523 1105 1620 1156 intelli·

264 1198 331 1245 gene.
370 1185 490 1234 Greeture
507 1184 556 1232 Dei
570 1197 655 1232 sumus
673 1188 699 1230 ιι
714 1195 801 1244 genus,
819 1198 905 1233 verum
923 1191 969 1244 est,
987 1185 1031 1232 sed
1049 1183 1143 1232 inimus
1160 1188 1187 1231 et
1203 1184 1286 1243 imago
1305 1181 1365 1230 Del:
1382 1183 1441 1244 Jam,
1459 1179 1559 1241 perdite
1571 1178 1622 1226 Dei

265 1257 385 1319 imagine,
410 1253 483 1303 larva
500 1254 610 1304 Βιιιιιιι
627 1267 671 1315 par
689 1247 805 1301 naturdm
822 1253 884 1304 fecti
903 1268 1002 1320 sumus,
1029 1267 1092 1315 qnos
1111 1253 1179 1302 Deus
1201 1254 1326 1300 immensa
1348 1251 1468 1299 bonitatis
1490 1263 1552 1298 suas
1570 1249 1620 1296 mi·

265 1325 400 1374 eoncordia
416 1323 508 1373 tolerat
534 1330 559 1372 et
575 1329 699 1385 propaget
720 1325 864 1372 exsemine
887 1325 984 1386 perdito
1009 1329 1034 1373 et
1052 1329 1149 1373 mortuo
1173 1322 1284 1385 perditos
1307 1326 1333 1369 ιι
1352 1325 1475 1380 mosmos,
1500 1333 1551 1367 non
1569 1318 1621 1366 Dei

264 1396 400 1460 imagines,
427 1395 471 1443 sed
489 1395 611 1454 imagines
628 1394 746 1460 Diaboli,
768 1408 852 1443 coram
867 1396 1006 1456 justissimo
1026 1401 1051 1442 ιι
1070 1394 1226 1442 severissimo
1244 1393 1307 1452 legis
1326 1389 1427 1439 divinae
1444 1391 1559 1446 examine
1576 1401 1621 1449 ps·

265 1466 334 1514 nitus
353 1479 409 1514 cum
429 1466 497 1513 omni
516 1465 659 1514 substantie
676 1469 701 1511 ιι
718 1465 814 1514 viribus
832 1465 978 1514 (ιιιιιιιιιιι
995 1477 1114 1525 magnum
1133 1465 1199 1512 enim
1218 1468 1255 1511 est
1273 1466 1298 1509 ιι
1314 1462 1348 1509 ιιι
1367 1461 1434 1508 omui
1447 1464 1523 1523 captu
1543 1459 1621 1506 retio-

264 1536 305 1583 uis
322 1537 466 1584 abstrusum
485 1535 581 1596 peccati
599 1534 752 1593 mysterium,
770 1548 863 1595 magna
880 1535 967 1597 lapsus
984 1536 1059 1598 primi
1078 1548 1173 1596 poene,
1191 1547 1238 1582 neo
1255 1537 1308 1580 tam
1326 1531 1401 1592 levis,
1423 1534 1452 1578 ut
1469 1530 1543 1578 multi
1561 1529 1621 1577 doc·

265 1610 344 1653 torum
365 1610 504 1653 nostrorum
522 1605 680 1653 existiment:
704 1609 770 1652 totus
789 1605 862 1654 bomo
888 1620 919 1654 ex
938 1608 1019 1655 forme
1037 1605 1133 1667 optime
1156 1604 1182 1651 iu
1201 1602 1336 1665 pessimam
1362 1601 1565 1660 transformatus,
1591 1612 1621 1646 ex

264 1676 374 1735 imagine
392 1675 440 1724 Dei
460 1677 485 1723 ln
503 1675 599 1722 larvam
612 1673 730 1739 Setenee,
749 1675 809 1724 bino
825 1676 894 1724 dilue
911 1678 965 1726 ires
983 1682 1020 1724 est
1038 1688 1083 1737 per
1100 1679 1225 1723 usturam.
1262 1671 1311 1720 Nec
1332 1670 1401 1720 solus
1418 1670 1492 1719 homo
1510 1671 1547 1719 lte
1565 1683 1622 1731 per·

265 1744 333 1793 ditus
351 1745 425 1808 lapsu
444 1747 581 1805 primorum
597 1749 737 1805 parentum,
755 1742 800 1793 sed
818 1751 843 1793 et
860 1751 927 1795 terra
945 1745 1090 1806 maledicta,
1108 1746 1159 1792 imo
1177 1749 1232 1791 tota
1244 1746 1366 1805 creatura,
1385 1744 1504 1803 penante
1520 1740 1621 1789 domino

264 1829 318 1876 suo,
337 1816 364 1862 iu
383 1818 453 1875 culus
471 1815 638 1863 ministerium
657 1821 741 1862 ιιιιιι
758 1815 815 1881 fuit,
833 1818 918 1882 periit,
936 1822 1000 1865 teste
1018 1815 1141 1877 Apostoio
1161 1815 1232 1863 Rom.
1254 1812 1334 1859 vili:
1352 1816 1419 1875 tots,
1437 1812 1532 1875 inquit,
1551 1823 1622 1858 cres·

264 1891 322 1932 ture
338 1886 459 1933 vanitatis
477 1886 578 1933 servitio
597 1890 622 1932 et
639 1885 805 1947 corruptionis
822 1887 899 1946 melo,
917 1900 935 1934 a
954 1900 1007 1951 qua
1024 1892 1101 1934 ιιιιιι
1118 1886 1199 1932 iibere
1208 1884 1264 1947 fuit,
1283 1882 1396 1943 subjecte
1413 1887 1459 1941 est,
1478 1880 1522 1929 sed
1535 1886 1620 1930 tamen

263 1956 291 2003 in
308 1967 378 2015 spem
396 1961 442 2002 etc.
479 1953 549 2003 Hinc
565 1967 616 2002 nou
634 1961 684 2019 est,
703 1959 732 2002 ιιι
749 1956 775 2003 in
793 1961 915 2021 ιιιιιιιιι,
934 1958 961 2005 ln
980 1957 1088 2019 lromlne,
1106 1967 1256 2018 quaeramus
1267 1953 1335 2001 Deos
1351 1951 1389 2000 ιιι
1402 1951 1491 2015 Deum,
1511 1949 1550 1998 rel
1573 1951 1621 1998 bo·

237 2021 242 2040 ¹
263 2038 323 2072 num
342 2024 454 2073 divinum
473 2030 498 2073 ιι
514 2038 611 2073 rernm:
628 2023 688 2073 lieet
706 2026 772 2073 enim
785 2026 853 2074 Deus
872 2030 957 2076 omnia
973 2027 1087 2090 implent,
1105 2030 1131 2073 ιι
1146 2025 1332 2086 οιιιιιιριιιιιιιι
1350 2023 1391 2082 ιιι,
1408 2021 1623 2082 omnipraesentia

264 2102 346 2143 tamen
363 2096 415 2144 istu
432 2100 485 2142 tem
502 2095 576 2156 longe
594 2107 692 2143 omnem
711 2101 811 2156 captum
829 2101 941 2145 nostrum
960 2096 1070 2160 excedit,
1097 2103 1126 2144 ιιι
1149 2097 1182 2142 ab
1202 2092 1314 2142 cenibil
1333 2092 1408 2153 plene
1430 2097 1500 2140 extra
1518 2092 1622 2139 verbum

264 2167 402 2213 revolutum
418 2165 509 2213 inferre
529 2178 584 2213 rere
602 2179 733 2229 quesmus.
770 2166 823 2213 imo
841 2167 894 2215 ista
909 2167 1095 2215 harmoniarum
1112 2165 1246 2214 Dsiflcetio
1270 2162 1438 2223 coguitionem
1456 2160 1550 2209 cbristl
1575 2161 1622 2208 ob·

264 2241 361 2300 scurst,
387 2236 532 2296 mysterium
550 2236 633 2282 meriti
651 2238 704 2294 eJ'us
723 2237 826 2299 evertit,
850 2238 996 2296 mysterium
1014 2236 1209 2297 regenerationis
1227 2239 1327 2282 nostres
1351 2232 1432 2280 eludit
1454 2237 1481 2279 et
1497 2231 1578 2279 muita
1595 2233 1623 2278 iu

265 2318 323 2353 vers
340 2305 468 2364 theologie
485 2305 594 2354 absurda
611 2305 692 2365 parit:
715 2318 766 2353 una
783 2307 851 2354 enim
868 2307 980 2356 absurda
998 2307 1063 2355 ratio
1088 2307 1115 2354 in
1134 2305 1246 2354 ιιιιιιιίι
1270 2303 1357 2351 elbum
1381 2306 1481 2363 recepta
1505 2303 1623 2350 innume·

264 2388 305 2423 rss
322 2374 388 2423 elios
406 2375 440 2423 ed
459 2389 486 2423 se
503 2376 580 2423 trehit
596 2375 734 2438 falsitates,
753 2377 846 2439 quibus
864 2377 996 2426 veritatem
1014 2391 1058 2440 pro
1077 2391 1119 2441 eo,
1144 2374 1214 2440 quod
1230 2376 1259 2422 in
1277 2387 1331 2430 esm
1348 2372 1431 2437 fovet,
1458 2372 1517 2420 odio
1536 2372 1623 2434 oppri-

263 2458 329 2492 mere
349 2445 387 2493 ιιι
405 2447 493 2493 saltem
516 2446 649 2494 obscurare
667 2446 764 2496 nititur.
801 2446 903 2495 Possem
925 2447 987 2496 baec
1010 2446 1096 2495 omnis
1119 2446 1234 2507 pluribus
1259 2449 1284 2492 et
1307 2443 1446 2492 clarissime
1471 2455 1502 2490 aa
1522 2441 1624 2490 divinae

264 2515 379 2564 veritetis
396 2515 465 2563 fonte
483 2515 660 2578 demonstrare,
679 2529 764 2563 verum
783 2516 844 2565 baec
862 2513 899 2571 ὥς
917 2511 946 2567 ἐν
961 2517 1070 2583 καριδφ
1088 2516 1156 2565 dicta
1172 2515 1309 2563 sufficient:
1326 2517 1354 2561 tu
1371 2513 1443 2574 plurs
1455 2512 1582 2562 meditare.

352 2583 423 2644 Quae
440 2591 526 2632 autem
543 2586 725 2634 harmoniarum
743 2587 895 2649 quantitatis
919 2593 958 2636 est
974 2588 1040 2637 ratio
1058 2588 1085 2635 ln
1103 2584 1335 2648 magnitudinibus,
1359 2581 1447 2632 adem
1474 2583 1502 2631 ιιι
1519 2593 1623 2642 numero

264 2656 346 2716 etism,
364 2655 433 2718 quod
445 2654 479 2702 ed
497 2655 630 2703 essentiam
642 2657 696 2715 ejus
708 2657 807 2716 attinet,
827 2664 855 2704 ut
867 2670 898 2705 ex
911 2658 951 2717 iis,
969 2671 1034 2722 quae
1048 2656 1079 2705 de
1090 2656 1220 2705 harmonia
1235 2666 1310 2717 supra
1321 2653 1404 2717 attuli,
1422 2652 1539 2714 colligere
1554 2650 1622 2702 licet

353 2724 403 2774 Sed
422 2725 508 2773 omnia
529 2723 590 2773 lrseo
613 2739 642 2772 eo
660 2726 764 2787 scripsi,
788 2731 816 2772 ul
837 2731 861 2775 te
879 2726 914 2775 ed
939 2729 1087 2789 penitiorem
1111 2740 1193 2774 rerum
1216 2726 1322 2773 istarum
1335 2722 1534 2784 ,indagationem
1552 2722 1622 2771 exci-

264 2800 353 2844 tarem:
371 2795 496 2858 principia
514 2799 580 2859 suut,
598 2808 662 2860 quae
680 2795 814 2860 indagerti,
832 2801 857 2845 et
874 2797 975 2863 quidem
994 2798 1117 2854 monimen
1140 2799 1234 2857 majora
1251 2801 1334 2843 tamen
1352 2795 1427 2859 flent,
1446 2795 1467 2844 si
1479 2792 1623 2857 principiis

263 2879 314 2913 nou
332 2867 477 2914 immoratus
495 2865 528 2913 ad
544 2866 722 2928 perfectionem
739 2868 859 2915 scientiae
877 2868 1000 2918 derebus
1017 2875 1069 2917 tam
1085 2868 1207 2916 abstrusis
1225 2866 1362 2928 perrexeris
1381 2870 1407 2913 et
1423 2866 1497 2914 nobis
1515 2866 1618 2913 barmo-

263 2938 360 2984 niarum
379 2937 487 2985 rstlones
505 2949 556 2983 non
573 2939 670 2984 ιιιιιιιιιι
689 2937 716 2983 ln
734 2938 926 3000 quantitstibus,
944 2939 989 2988 sed
1007 2945 1032 2987 et
1050 2939 1075 2987 in
1093 2938 1258 3002 qualitatibus
1275 2942 1300 3005 et
1318 2934 1421 3000 quidem
1440 2949 1497 2983 cum
1515 2935 1623 2998 quanti·

262 3009 341 3053 tatum
358 3006 497 3053 rationibus
515 3010 677 3065 congruentes
696 3005 914 3056 demonstraveris:
933 3021 984 3072 qno
1002 3009 1087 3057 labore
1105 3005 1285 3056 incredibiliter
1302 3009 1338 3054 rel
1356 3005 1466 3053 medices
1485 3004 1620 3067 profueris.

350 3076 437 3140 Aiunt,
457 3075 505 3123 hoo
522 3089 623 3140 quoque
641 3080 752 3138 tempore
770 3081 899 3138 cometem,
917 3077 1020 3141 quidam
1039 3092 1096 3127 vero
1115 3078 1178 3127 duos
1196 3076 1293 3141 viderl3
1312 3089 1358 3137 ego
1372 3076 1472 3124 nullum
1490 3075 1621 3125 observare

263 3146 343 3209 potul,
361 3143 427 3193 unde
445 3158 504 3193 uum
523 3158 580 3193 vera
598 3146 657 3211 sint,
675 3159 739 3210 quse
757 3146 874 3195 dicuntur
892 3154 918 3196 et
935 3162 995 3197 uum
1013 3163 1028 3196 ι
1044 3154 1069 3197 ιι
1087 3161 1188 3213 quoque
1206 3147 1330 3196 observati
1348 3147 1411 3213 siut,
1429 3146 1531 3207 nescio,
1550 3150 1578 3207 tu
1598 3144 1621 3192 sl

264 3216 327 3280 quid
345 3222 383 3264 eet
400 3216 452 3263 veri
470 3217 497 3264 in
515 3229 612 3264 rumore
630 3215 689 3279 boc,
710 3230 749 3264 me
767 3230 867 3266 moneas
886 3232 937 3267 oro.

352 3285 493 3337 Monstrum
512 3284 688 3334 lisrrnalsense
706 3301 736 3335 ex
756 3299 798 3335 sue
816 3293 966 3350 prognatum
983 3288 1047 3337 facie
1065 3288 1181 3353 humana,
1200 3286 1244 3336 sed
1261 3287 1357 3336 larvata
1375 3300 1430 3335 cum
1450 3286 1548 3336 cucullo
1566 3298 1623 3334 mo·

264 3355 350 3423 necbl,
369 3356 518 3417 proboscide
536 3356 676 3422 elephanti,
704 3357 783 3406 caude
800 3358 957 3423 pedibusque
976 3357 1103 3420 dracon's,
1128 3358 1217 3421 procui
1236 3356 1313 3406 dublo
1328 3359 1381 3418 jam
1399 3356 1496 3409 vidisti.
1532 3354 1623 3406 Certus

265 3427 340 3475 etiam
359 3439 442 3474 rumor
460 3426 558 3473 Vienna
577 3425 609 3473 ad
626 3441 672 3474 nos
690 3427 789 3492 sttulit,
813 3428 919 3489 milites,
945 3430 1064 3491 quiante
1083 3433 1179 3492 portam
1198 3427 1322 3490 quandem
1340 3428 1410 3477 urbis
1430 3432 1484 3487 (nec
1502 3429 1569 3476 enim
1587 3426 1625 3474 ita

265 3501 386 3561 occursio,
406 3501 434 3544 ut
451 3495 481 3545 de
499 3496 598 3544 nomine
616 3500 701 3557 portae
717 3497 880 3564 inquirerem,
898 3500 1031 3557 incideret)
1050 3499 1077 3548 in
1095 3499 1210 3548 excubiis
1228 3503 1312 3563 erent,
1333 3502 1406 3559 nocte
1424 3498 1533 3563 quadam
1550 3495 1624 3545 audl-

182 3568 202 3579 ··
265 3568 332 3615 sisse
350 3581 437 3615 vocem
454 3566 592 3629 clamantis,
611 3563 716 3634 ilnwcp
733 3564 915 3631 conitiorum,
935 3583 1037 3632 umque
1056 3584 1113 3619 cum
1131 3569 1317 3619 existimassent
1334 3583 1389 3618 esse
1406 3582 1499 3634 eorum,
1517 3569 1563 3633 qui
1579 3568 1624 3629 ip·

265 3642 303 3685 ιιι
320 3638 408 3685 urbem
426 3637 453 3685 ln
472 3634 556 3685 eadem
574 3641 648 3699 porta
666 3636 811 3703 vigilabant,
830 3653 930 3687 oausam
949 3654 992 3689 cur
1009 3640 1068 3688 inde
1088 3639 1243 3689 discederent
1261 3653 1292 3691 ex
1310 3639 1373 3700 ipsis
1392 3641 1560 3704 quaesierunt,
1579 3636 1624 3685 sed

266 3720 322 3754 cum
340 3707 402 3754 nibil
421 3707 534 3768 respousl
551 3705 584 3753 ad
601 3707 778 3766 interrogatum
801 3710 967 3774 accepissent,
991 3711 1169 3774 acquieverunt
1192 3716 1274 3773 tum3.
1288 3711 1405 3773 sequenti
1422 3715 1495 3759 nocte
1519 3707 1624 3758 eandem

266 3790 351 3823 vocem
370 3778 459 3824 iterum
477 3775 609 3824 audierunt
633 3783 658 3824 ιι
675 3777 749 3825 simul
766 3780 876 3827 sonitum
894 3781 921 3827 in
939 3782 1008 3843 aire,
1032 3786 1150 3844 tauquam
1168 3793 1274 3840 magnae
1295 3779 1425 3841 cujusdem
1443 3781 1496 3829 avis
1515 3780 1623 3828 circum·

266 3845 412 3904 volitantis,
431 3845 517 3894 eadem
543 3859 593 3894 vox
617 3847 694 3895 simili
717 3862 773 3896 cum
796 3842 903 3911 'strepitu
928 3855 953 3898 et
977 3852 1089 3912 proxima
1111 3850 1184 3899 tertia
1206 3853 1280 3899 nocte
1297 3848 1383 3899 andita
1407 3855 1445 3899 est
1469 3851 1501 3899 ab
1524 3848 1624 3900 iisdem.

269 3913 338 3976 Quid
356 3916 405 3963 lste
422 3913 571 3978 portendant
588 3921 691 3964 eventus
710 3917 833 3978 prebebit.

354 3985 418 4033 Vale
436 3989 460 4033 ιι
477 3998 517 4033 me
537 3984 568 4033 de
585 3987 636 4034 iuis
652 3986 794 4049 laboribus,
817 3988 911 4052 quibus
933 3992 982 4050 jam
1006 4003 1089 4053 verae,
1117 3992 1245 4040 certiorem
1266 3988 1353 4041 iacies.
1389 3989 1476 4041 Saluta
1499 4005 1555 4041 meo
1575 4005 1624 4042 uo·

266 4055 333 4103 mine
351 4058 481 4116 conjugem
499 4059 567 4104 tuam
586 4056 769 4121 cbarisslmem,
788 4058 868 4106 illium
886 4063 912 4106 et
929 4057 1007 4107 iliam
1024 4066 1092 4108 tuam
1111 4056 1265 4127 Susannam,
1289 4062 1311 4110 ei
1329 4066 1411 4111 ιιιιιιι
1428 4066 1474 4113 est.
1510 4062 1621 4112 Domino

266 4127 327 4173 item
346 4123 499 4185 Grlugslleto
517 4130 602 4174 nostro
620 4126 734 4174 osculum
752 4129 820 4189 pacis
839 4133 864 4176 ιι
881 4128 973 4191 pedum
991 4143 1046 4178 cum
1064 4129 1146 4181 salute
1163 4130 1242 4180 multa
1264 4145 1280 4180 ι
1297 4146 1337 4182 me
1359 4132 1486 4181 nunristo.
1522 4133 1624 4182 Dabam

268 4195 451 4256 Bestenbergse
470 4195 510 4243 dle
527 4191 569 4245 13.
588 4195 709 4245 Octobris
722 4211 786 4246 anno
805 4197 946 4250 unum.

356 4282 531 4345 Philippus
549 4281 708 4333 iidllerus
726 4282 786 4347 (nat
800 4285 935 4347 iierrbergl
952 4300 976 4335 s.
998 4284 1073 4351 1585,
1091 4288 1217 4352 professor
1233 4290 1425 4340 mathematicos
1442 4296 1468 4339 ιι
1484 4289 1625 4340 medicinae

268 4353 296 4402 in
314 4352 441 4402 scademia
458 4353 592 4418 bipolensi,
610 4359 682 4402 mort
703 4351 787 4419 1659),
806 4368 880 4418 quem
898 4356 1026 4417 attigimus
1043 4361 1093 4409 vol.
1105 4361 1139 4411 il.
1157 4374 1184 4422 p.
1202 4356 1263 4426 481,
1281 4360 1416 4424 Keplerum
1434 4361 1498 4409 adiit
1515 4361 1625 4423 epistole

270 4425 350 4483 „bene
368 4424 468 4489 longai,
493 4424 522 4472 iu
539 4437 590 4488 qna
607 4424 743 4486 iiepierum
761 4424 879 4474 laudibus
898 4427 968 4474 effert
985 4435 1009 4476 et
1027 4432 1187 4493 qusestionea
1204 4444 1256 4479 non
1273 4445 1365 4494 prutes
1389 4432 1484 4494 profert
1501 4430 1533 4480 ds
1550 4429 1624 4480 libris

269 4508 284 4541 a
302 4493 409 4555 lieplero
428 4495 511 4558 editis,
528 4495 661 4556 praecipue
679 4494 710 4543 ds
728 4495 843 4557 Epitome
861 4501 887 4544 et
904 4496 969 4546 libro
988 4498 1018 4546 de
1036 4499 1114 4550 Stella
1131 4500 1209 4564 Nora,
1227 4514 1274 4551 neo
1290 4514 1341 4550 non
1359 4501 1390 4551 ds
1402 4501 1540 4551 Harmonia
1552 4501 1623 4564 liep-

269 4564 321 4612 leri
358 4564 479 4614 Milllerue
496 4565 523 4612 in
542 4564 644 4613 exordio
668 4566 795 4615 literarum
814 4580 916 4615 suarum
937 4567 1062 4628 iudicium
1085 4576 1156 4632 grato
1175 4571 1258 4620 auimo
1283 4572 1387 4636 scripit,
1413 4570 1481 4634 quod
1499 4571 1624 4635 Ksplerus

271 4632 301 4681 de
319 4634 413 4695 libello,
431 4648 507 4700 quem
524 4633 644 4683 iiliilerns
663 4638 751 4685 contre
767 4635 899 4697 Negelluin
926 4640 1090 4704 conseripsit,
1110 4639 1158 4700 ,ad
1180 4654 1335 4711 communem
1352 4644 1472 4700 amicum,
1492 4642 1525 4692 D.
1545 4642 1623 4693 Sess-

269 4704 333 4751 sium
352 4707 513 4754 exaraverim
548 4705 676 4772 Agnosco,
695 4708 744 4767 sit,
763 4707 862 4761 solltem
880 4708 1076 4759 benevolentiam
1094 4716 1180 4775 ιιιιιιι,
1202 4712 1333 4760 exosculor
1350 4712 1537 4778 inmanitrtcm,
1557 4727 1623 4777 quae

269 4774 298 4820 in
315 4777 340 4821 ιι
357 4779 427 4822 ιιιιιι
444 4781 482 4824 est
499 4789 607 4838 semper,
626 4782 655 4824 ut
671 4789 702 4825 ne
720 4776 823 4841 quidem
839 4785 985 4839 mpernstur
1002 4780 1157 4832 advenerios
1175 4795 1252 4848 suosp
1270 4780 1362 4830 nedum
1380 4782 1529 4844 dedignetur
1545 4785 1623 4844 igno·

269 4847 316 4891 tos.
352 4842 435 4905 Quom
458 4847 571 4905 comiter,
595 4860 670 4911 quam
694 4846 834 4895 humaniter
855 4854 880 4897 et
904 4850 997 4898 urbane
1020 4865 1035 4898 a
1059 4858 1084 4901 te
1108 4853 1211 4901 habitus
1238 4857 1276 4900 est
1293 4851 1416 4902 Robertsss
1434 4853 1576 4915 (lilnddiue)
1594 4856 1623 4904 iu

270 4919 376 4978 utroqsn
394 4915 532 4977 appendice
554 4921 580 4966 et
604 4917 731 4978 apologtsi
768 4920 803 4965 at
820 4918 887 4967 ferus
905 4919 949 4969 lile
965 4922 1150 4981 improbissime
1167 4921 1252 4971 referit
1269 4927 1294 4971 et
1310 4923 1436 4984 furenter,
1459 4925 1579 4976 ιιιιιιιιιιι
1597 4930 1624 4975 ιι
