3567 5625
285 431 347 491 tot
531 463 548 500 ,⁴
793 421 943 480 Pmtuaoi
961 419 1115 482 eunome

370 600 442 658 Nota
460 599 504 654 tv.
540 595 763 662 communissima
780 597 887 669 quidem
906 604 978 668 sunt,
997 614 1075 668 quae,
1095 615 1129 654 er
1142 606 1258 669 utroquo
1272 616 1371 669 gauere
1388 615 1477 656 rerum
1495 600 1628 675 ιιιιιιιι,

283 681 329 736 hio
346 680 418 735 inter
443 694 473 734 se
491 676 665 747 comparandi
678 692 728 732 ‚res
746 677 819 746 ipsas
838 685 1026 748 argumentum
1049 679 1247 749 praebuerunt:
1275 679 1447 749 simplicitas,
1469 679 1628 748 aequalitas,

283 757 476 820 indifferentia3
494 756 626 825 diapason
644 771 704 810 oum
722 754 910 824 simplicitate,
929 754 1104 826 aequalitate,
1123 754 1317 826 indifferentia,
1345 757 1488 813 facultates
1505 759 1628 814 intellec·

284 838 390 901 tuales,
414 835 603 908 propinquitas
621 833 749 904 diapente
766 834 800 889 ad
818 833 950 903 diapason
969 851 1028 889 cum
1045 835 1247 906 propinquitate
1266 838 1394 892 ιιιιιιιιι
1410 836 1445 891 od
1462 837 1629 892 intellectus

284 916 345 972 lom
382 915 454 985 puio
477 915 500 969 si
523 928 619 982 negem
647 914 805 969 dualitatem
828 910 966 968 facultatis
993 913 1147 984 dicamque,
1176 918 1291 972 animam
1318 918 1430 973 eandem
1456 935 1506 987 per
1533 932 1629 972 seusus

284 997 392 1069 quidem
415 997 516 1050 sentire
540 1008 585 1048 raa
607 992 673 1047 foris
696 992 857 1058 existentes,
880 1006 930 1059 per
947 991 1000 1047 alia
1018 994 1151 1062 quaedam
1175 995 1303 1051 interiora
1329 1012 1384 1050 non
1409 996 1449 1050 ita
1474 995 1629 1065 conspicua,

284 1079 358 1134 velut
375 1091 484 1144 omaus,
503 1081 534 1128 ut
551 1075 650 1129 docent
667 1072 763 1128 medici
775 1070 907 1138 nonnulli,
925 1070 968 1124 usi
986 1072 1067 1124 etiam
1085 1087 1134 1140 par
1151 1087 1181 1126 se
1198 1075 1285 1142 ipsam
1303 1074 1362 1128 siue
1378 1075 1499 1143 corporis
1511 1073 1629 1144 organis,

286 1168 316 1212 ut
334 1153 504 1226 philosophi,
530 1150 699 1221 intelligere?
734 1151 805 1218 Quid
828 1166 898 1218 opus
922 1159 964 1204 est
981 1150 1129 1212 harmoniis
1152 1152 1187 1206 ad
1206 1152 1375 1208 (ιιιιιιιιιιιιιι
1400 1153 1531 1220 animam,
1559 1165 1629 1220 quae

283 1253 338 1291 una
355 1241 398 1289 ost
414 1231 541 1300 meantia,
560 1231 583 1285 si
599 1245 689 1285 rerum
707 1228 815 1284 illarum
833 1228 929 1283 (ιιιίιιο
947 1229 1013 1283 satis
1026 1244 1123 1284 causae
1140 1230 1180 1285 illi
1191 1233 1313 1302 praebet,
1332 1249 1381 1288 cur
1392 1248 1442 1287 sua
1454 1230 1631 1300 dispertiatur

283 1315 392 1370 ιιιιιιιιι
427 1313 528 1367 Rerum
546 1308 617 1364 enim
635 1306 768 1378 quaedam
784 1307 858 1361 iutra
874 1306 1042 1362 intellectum
1059 1316 1131 1374 suut,
1149 1318 1227 1364 extra
1239 1310 1393 1381 singularia,
1412 1309 1545 1380 quaedam
1563 1306 1630 1361 foris

284 1401 362 1450 extra
379 1390 546 1466 intellectum
562 1388 592 1443 iu
609 1386 799 1456 singularibus,
817 1400 887 1454 quae
906 1389 938 1439 ut
954 1384 1030 1454 ipsae
1048 1386 1082 1440 ab
1099 1387 1470 1458 auimaoomprebendautur,
1488 1402 1538 1457 per
1555 1386 1629 1441 fores

284 1486 413 1529 ιιιιιιιιι
430 1468 530 1523 (ιιιιιιι
546 1465 650 1535 ingredi
669 1463 854 1533 specietenus:
880 1470 913 1517 ut
929 1463 968 1517 ita
985 1464 1136 1533 intelligens
1160 1481 1215 1521 nou
1232 1466 1318 1522 altera
1344 1481 1394 1522 sua
1411 1483 1504 1536 mauu,
1530 1465 1581 1520 sed
1600 1479 1629 1518 ιι

284 1551 345 1621 ipsa
367 1557 396 1604 et
416 1545 607 1616 intelligendo,
635 1544 689 1599 hoc
713 1550 755 1598 est
778 1542 953 1612 percipiendo
972 1542 1131 1614 smgularm,
1155 1543 1204 1599 dat
1221 1546 1358 1601 ιιιιιιιιι.
1395 1546 1466 1615 Quid
1492 1546 1629 1614 siuegem

284 1628 435 1685 intellectui
460 1624 675 1695 simplicitatem,
701 1620 905 1692 aequalitatem,
931 1620 1137 1677 indifferentiam
1162 1633 1289 1695 respectu
1307 1624 1471 1681 sensitivae?
1506 1624 1550 1677 Au
1568 1621 1629 1676 ideo

284 1707 424 1777 multiplex
447 1714 476 1761 et
497 1704 606 1759 omuino
630 1701 792 1773 quintuplex
815 1702 898 1769 haec,
924 1702 988 1770 quia
1012 1703 1131 1772 quinque
1152 1704 1237 1759 habet
1254 1720 1369 1774 organa,
1394 1706 1467 1760 circa
1483 1719 1554 1772 quaa
1572 1717 1629 1757 ver·

284 1803 348 1844 saus
370 1788 490 1855 quinque
515 1781 618 1838 efficit?
654 1780 805 1849 specimina
829 1780 974 1837 sensitirae
996 1783 1151 1838 sensitivam
1174 1784 1373 1853 multiplicant?
1412 1783 1473 1839 Erit
1495 1782 1581 1851 igitur
1603 1788 1630 1835 et

282 1865 437 1934 intelligens
458 1861 602 1931 multiplex
627 1875 660 1916 ea
684 1866 712 1913 et
735 1858 862 1915 (ιιιιιιιιιι
884 1861 998 1915 sortitur
1020 1861 1123 1929 ιιιιιιι,
1149 1877 1221 1931 quae
1243 1863 1354 1917 iuferius
1379 1869 1475 1917 auctor
1491 1860 1552 1929 ipse
1570 1873 1630 1926 sep

284 1952 348 2000 tana
364 1947 500 2006 recenset,
524 1946 553 1994 ιι
569 1937 652 1993 ramis
669 1937 812 2008 speciebus
829 1946 860 1992 ut
879 1937 993 2007 objectis
1015 1947 1152 2008 moretur3
1177 1940 1309 2008 quaedam
1333 1940 1403 1995 euim
1425 1945 1488 1995 sunt
1504 1946 1629 1993 recentes

285 2023 328 2078 rel
347 2038 364 2078 a
381 2020 505 2076 sensibus
522 2016 676 2088 profectae,
695 2016 737 2070 rel
755 2017 829 2072 intus
847 2017 881 2072 ab
899 2018 959 2088 ipso
977 2018 1058 2071 ammi
1076 2018 1197 2087 cogitatu
1215 2009 1410 2088 conformatae,
1433 2017 1566 2089 quaedam
1585 2031 1628 2071 se

284 2109 375 2159 mutae
392 2100 534 2167 utriusque
557 2096 664 2167 gemmis
683 2113 715 2151 ex
731 2095 877 2153 memoriae
894 2112 980 2166 penu,
1006 2097 1202 2154 reminiscentis
1226 2098 1314 2154 conda
1335 2112 1444 2168 proma,
1470 2096 1628 2165 productae.

283 2183 327 2238 An
349 2195 404 2237 uon
426 2176 588 2233 Aristoteles
611 2176 670 2245 ipse
693 2174 789 2231 diuidit
810 2175 978 2231 intellectum
1003 2177 1033 2230 iu
1052 2185 1177 2248 agentem
1199 2183 1228 2234 ct
1244 2179 1415 2249 patientem?
1449 2177 1488 2232 Et
1512 2178 1630 2231 sitauta

284 2259 442 2332 simplicitas
459 2254 625 2324 intellectus,
644 2270 693 2310 cur
710 2269 744 2310 aa
760 2271 814 2310 nou
833 2261 1006 2325 comparatur
1024 2273 1085 2312 cum
1102 2257 1224 2314 miconis
1242 2258 1347 2328 potius,
1369 2272 1441 2326 quae
1457 2255 1630 2310 interuallum

284 2338 455 2396 ωιιιιιιιιιι
470 2332 588 2398 nullum,
615 2348 696 2401 quam
713 2349 774 2388 cum
792 2333 952 2389 identisouis
970 2349 1018 2391 sau
1037 2337 1231 2406 beneplacuit,
1255 2350 1325 2406 quae
1342 2336 1503 2405 maximum,
1528 2334 1631 2404 quippe

286 2416 435 2489 diapason?
470 2414 553 2469 Esset
570 2410 625 2467 alia
641 2411 726 2468 multo
744 2412 892 2483 speciosior
911 2414 1017 2469 occasio
1035 2415 1133 2469 manda
1153 2429 1250 2484 opera,
1274 2412 1537 2482 comprehensionis,
1559 2429 1631 2468 com·

173 2523 180 2532 =
285 2494 400 2569 parandi
416 2509 478 2549 cnm
495 2490 687 2547 consonantiis.
723 2490 793 2547 Nam
815 2492 1022 2560 comprehensio
1040 2493 1100 2561 ipsa
1123 2499 1151 2546 et
1170 2500 1259 2546 motus
1283 2491 1392 2560 quidem
1410 2498 1454 2547 est
1479 2499 1508 2546 et
1524 2492 1633 2560 relatio,

285 2576 419 2635 terminos
432 2572 537 2627 habeus
554 2577 671 2627 mentem
689 2570 961 2640 comprehendentem
980 2579 1008 2626 at
1025 2569 1160 2637 objectum
1175 2570 1408 2638 comprehensum.
1443 2569 1495 2624 Hic
1512 2572 1542 2625 in
1559 2585 1633 2624 men·

285 2657 334 2715 tali
357 2650 612 2721 comprehensione,
642 2656 674 2703 ut
696 2648 894 2718 perfectissima
919 2657 948 2704 et
965 2647 1172 2719 epistemonica,
1198 2663 1339 2717 possemus
1362 2649 1462 2703 intueri
1488 2649 1633 2718 imaginem

287 2734 409 2802 anisum,
434 2730 482 2787 nbi
498 2728 606 2783 tmmiui
623 2729 733 2797 penitus
751 2728 863 2797 similes,
887 2735 919 2783 nt
937 2746 998 2784 oum
1016 2726 1149 2796 seipsam
1167 2740 1243 2780 meus
1261 2725 1360 2782 dicitur
1377 2726 1486 2790 intueri;
1512 2727 1542 2780 in
1560 2743 1632 2782 com·

285 2809 465 2888 prolocutione
482 2806 646 2863 definitionis
665 2822 758 2862 eorum
776 2807 928 2864 essentialis
950 2808 1040 2877 imago
1059 2807 1132 2861 esset
1149 2804 1289 2875 diapason.
1326 2805 1397 2862 Nam
1422 2811 1453 2861 nt
1475 2805 1559 2875 hujus
1578 2805 1632 2862 duo

287 2892 347 2950 soni
365 2888 439 2944 uelut
456 2903 491 2942 ex
509 2886 634 2957 opposito
653 2886 783 2942 acuminis
802 2893 830 2943 ιι
847 2888 988 2959 gravitatis
1006 2893 1070 2942 suut
1087 2885 1206 2956 identici,
1224 2885 1263 2941 sic
1280 2885 1401 2941 delinitio
1412 2887 1452 2942 rei
1470 2894 1498 2942 et
1515 2903 1561 2941 res
1572 2887 1635 2956 ipsa

285 2979 351 3030 suut
366 2969 442 3023 solut
458 2967 584 3037 opposita
601 2974 629 3022 et
645 2972 737 3021 ιιιιιιι
753 2966 833 3022 idem.
872 2964 911 3023 m
930 2967 994 3037 quia
1011 2966 1142 3035 diapason
1164 2971 1272 3020 constat
1290 2980 1324 3019 ex
1343 2965 1470 3034 diapente
1488 2973 1516 3020 ιι
1534 2965 1634 3021 ιιιιιι·

94 3124 103 3131 ·
204 3040 209 3051 ’
287 3067 375 3121 aaron,
395 3045 516 3103 definitio
533 3060 597 3099 voro
614 3044 778 3116 syllogismis
796 3046 951 3115 congeritur
968 3051 996 3100 et
1012 3043 1090 3114 quasi
1107 3043 1301 3115 proficiscitur,
1319 3053 1415 3114 posset
1431 3062 1492 3101 oum
1505 3046 1635 3115 diapente

287 3127 437 3198 comparari
454 3125 542 3195 major
559 3125 716 3195 propositio,
739 3124 846 3180 ιιιιιιι
868 3122 1023 3180 ιιιιιιιιιι
1039 3123 1231 3191 scientificum,
1257 3123 1356 3194 thesis,
1381 3140 1442 3178 oum
1463 3123 1635 3179 diatessaron

287 3204 437 3279 propositio
455 3204 550 3274 minor,
568 3203 727 3273 subsumtio,
745 3203 919 3274 hypothesis,
943 3210 974 3259 ut
990 3202 1061 3259 ιιιιι
1077 3202 1104 3255 iu
1123 3200 1250 3270 diapame
1270 3203 1359 3256 miuus
1381 3210 1425 3256 est
1441 3203 1577 3257 mixturae
1595 3201 1635 3256 al·

287 3284 412 3355 ueritatis,
431 3299 511 3354 quam
528 3283 556 3338 in
574 3282 752 3352 dimossarou,
771 3282 811 3337 sio
828 3282 856 3335 in
873 3283 1009 3337 axiomata
1026 3280 1172 3336 universali
1189 3280 1277 3335 minus
1291 3282 1327 3335 sit
1339 3281 1533 3349 singularitatis
1553 3283 1636 3350 (quae

287 3363 417 3421 scientiae
436 3363 604 3431 adromeus)
622 3375 702 3430 quam
720 3361 749 3415 iu
766 3362 916 3417 subsamto.
953 3360 1030 3414 Tunc
1047 3360 1179 3416 concinna
1196 3359 1306 3414 dissona
1324 3369 1416 3415 esseut
1432 3361 1638 3432 propositiones

287 3440 402 3498 sensiles
419 3439 542 3510 maguus
565 3440 741 3508 singularium
758 3439 825 3497 iocis
843 3448 872 3494 ιι
888 3436 1055 3508 temporibus
1080 3438 1353 3508 choumscmpmmm,
1381 3454 1494 3508 quarum
1511 3438 1638 3494 inductio

287 3521 327 3576 sic
345 3518 485 3575 coustituit
502 3517 644 3588 firmatque
667 3518 867 3588 propositiones
885 3516 1114 3588 syllogismorum,
1140 3518 1210 3572 siout
1226 3518 1374 3573 intervallis
1396 3516 1535 3572 concinnis
1554 3518 1637 3573 mini·

286 3597 337 3651 mis
355 3603 575 3653 consummantur
593 3597 796 3654 consonantiae.
833 3596 922 3651 Multa
939 3595 1004 3649 talia
1018 3594 1139 3663 jncunde
1156 3599 1195 3662 (at
1212 3613 1266 3651 non
1284 3598 1502 3665 demonstrative)
1521 3607 1639 3667 possent

287 3677 435 3748 excogitari
452 3691 486 3734 ex
504 3675 626 3732 docmina
643 3675 817 3732 Aristotelioa
834 3685 862 3729 et
879 3675 1103 3730 scholasticorum
1120 3681 1184 3743 post
1202 3690 1263 3729 eum
1287 3675 1321 3730 de
1348 3677 1445 3731 mentis
1469 3678 1638 3746 operationi·

287 3755 347 3825 bus,
365 3755 451 3811 multo
468 3755 641 3811 concinniora
658 3754 705 3824 iis,
724 3769 794 3823 quae
811 3753 856 3807 hio
873 3753 1000 3808 dicuutur
1018 3755 1052 3809 ab
1070 3753 1187 3822 incerto,
1206 3762 1237 3808 ut
1255 3752 1374 3824 videtur,
1393 3763 1512 3811 auctore.

374 3835 447 3890 Nota
463 3834 496 3890 V.
531 3833 671 3902 Diapason
697 3833 851 3888 continetur
873 3831 982 3887 chordis
1005 3833 1122 3903 partium
1146 3833 1176 3902 2,
1202 3840 1230 3902 ι;
1258 3832 1408 3890 humanda
1430 3848 1479 3890 seu
1504 3849 1639 3891 excessus

287 3911 409 3982 ipsius2
432 3913 547 3982 suprad
570 3919 613 3967 est
633 3914 660 3981 l,
687 3912 807 3981 aequalis
830 3911 1006 3966 terminorum
1030 3912 1115 3967 altem
1151 3913 1213 3967 Non
1237 3912 1277 3968 sio
1298 3913 1439 3982 diapente,
1462 3913 1534 3968 inter
1551 3916 1582 3985 2,
1597 3916 1639 3969 '3.

280 3989 358 4045 Nam
376 4004 505 4045 exossam
522 3988 609 4059 ipsius
627 3992 643 4044 3
661 4006 744 4059 supra
762 3990 779 4045 2
797 3996 839 4044 est
857 3993 880 4044 ι.
916 3990 979 4044 Non
997 3989 1077 4044 ιιιιιι
1095 3989 1271 4055 occasuros,
1289 3991 1360 4047 iuter
1378 3993 1401 4055 ὃς
1419 3992 1444 4056 ι,
1462 3991 1508 4046 ubi
1526 4009 1640 4048 rursum

288 4083 417 4125 exossam
434 4075 477 4125 est
493 4070 518 4123 1.
555 4068 587 4123 ln
605 4068 732 4139 diapente
749 4075 840 4124 tamen
857 4083 987 4125 exuemus
1006 4068 1154 4138 proximior
1177 4079 1219 4125 est
1236 4071 1405 4141 aequalitati,
1432 4088 1514 4140 quam
1531 4073 1561 4128 in
1580 4073 1640 4129 dia·

287 4158 420 4205 taasmou.
455 4149 526 4205 llam
542 4146 598 4203 illic
616 4144 629 4202 ι
650 4149 798 4204 atermiuo
816 4151 833 4204 2
851 4148 935 4204 distat
953 4147 1012 4203 sola
1029 4149 1140 4216 unitate,
1158 4150 1203 4205 hic
1220 4150 1290 4207 idem
1313 4156 1322 4207 ι
1348 4153 1496 4207 atermiuo
1515 4152 1531 4207 3
1550 4150 1642 4209 distat

288 4228 394 4284 duabus
413 4224 569 4282 unitatibus.

374 4308 447 4364 Nota
463 4306 510 4361 Vl.
545 4305 615 4363 Natu
638 4305 712 4376 quod
729 4322 836 4362 rursum
864 4315 908 4363 est
931 4305 1077 4376 insipidum
1095 4308 1305 4378 comparationis
1328 4315 1532 4377 argumentum,
1560 4310 1641 4379 qnod

288 4386 398 4443 habitus
416 4400 533 4455 sensnm,
552 4399 647 4441 seuam
665 4394 781 4440 mentem
799 4401 854 4441 uon
871 4385 1026 4441 necessario
1043 4394 1134 4455 ponat,
1153 4396 1182 4443 at
1198 4404 1274 4444 meus
1291 4404 1413 4457 sensum,
1442 4402 1539 4442 seusus
1557 4389 1643 4447 habi·

288 4474 354 4525 tum
372 4474 401 4521 et
418 4465 490 4534 qnod
509 4462 548 4519 sio
566 4464 647 4520 auam
666 4464 842 4535 ιιιιιιιιιοι,
860 4473 892 4520 ιι
909 4465 1006 4532 minus,
1024 4480 1078 4518 uon
1095 4474 1181 4534 ponat
1198 4465 1333 4535 diapenta,
1351 4473 1383 4521 ut
1402 4467 1501 4536 mnjus:
1521 4484 1643 4537 genera·

290 4543 422 4599 dammum
439 4541 548 4612 quidem
567 4542 620 4598 hoc
637 4552 679 4600 eat
696 4560 747 4600 uec
764 4544 799 4600 sd
816 4543 891 4600 aliud
908 4542 984 4611 utile,
1002 4557 1082 4609 quam
1101 4549 1132 4598 ut
1147 4544 1227 4612 scias,
1245 4543 1312 4597 nihil
1325 4546 1520 4614 comparationi
1532 4548 1644 4617 opponi

289 4638 372 4694 posse
389 4637 424 4678 ex
442 4620 551 4690 maioris
570 4629 598 4678 ιι
615 4623 725 4679 minoris
743 4623 972 4690 consideratione,
990 4621 1122 4689 siquidem
1140 4622 1324 4678 fundamentis
1341 4622 1402 4678 aliis
1419 4622 1580 4680 melioribus
1600 4628 1643 4682 ni·

289 4710 371 4758 tatur.
407 4700 488 4756 Rufio
505 4701 614 4770 quidem
631 4717 741 4759 sensum
763 4703 792 4757 iu
809 4703 928 4758 humana
945 4708 1025 4780 geute
1042 4703 1119 4771 ponit
1135 4711 1213 4771 ectu,
1238 4701 1369 4772 diapason
1391 4717 1454 4757 uero
1480 4706 1562 4772 ponit
1582 4705 1643 4761 dia·

290 4790 371 4853 pente
388 4780 448 4837 sola
463 4786 608 4851 potestate,
626 4782 761 4851 positione
778 4797 833 4838 uon
850 4781 1019 4851 harmonica,
1037 4782 1087 4838 sed
1104 4782 1232 4852 generali,
1250 4781 1440 4852 quantitative,
1458 4781 1531 4839 ιιιιι
1548 4786 1644 4841 omnis

291 4860 376 4930 maior
393 4858 531 4928 quantitas
546 4858 625 4930 pouit
642 4858 778 4917 minorem.
1186 4858 1191 4867 '
