<?xml version="1.0" encoding="UTF-8"?>
<!DOCTYPE html PUBLIC "-//W3C//DTD XHTML 1.0 Transitional//EN"
    "http://www.w3.org/TR/xhtml1/DTD/xhtml1-transitional.dtd">
<html xmlns="http://www.w3.org/1999/xhtml" xml:lang="en" lang="en">
 <head>
  <title>
</title>
<meta http-equiv="Content-Type" content="text/html;charset=utf-8" />
  <meta name='ocr-system' content='tesseract 3.04.00' />
  <meta name='ocr-capabilities' content='ocr_page ocr_carea ocr_par ocr_line ocrx_word'/>
</head>
<body>
  <div class='ocr_page' id='page_1' title='image "./joanniskepleria24frisgoog_0336.png"; bbox 0 0 3567 5625; ppageno 0'>
   <div class='ocr_carea' id='block_1_1' title="bbox 269 405 1225 474">
    <p class='ocr_par' dir='ltr' id='par_1_1' title="bbox 269 405 1225 474">
     <span class='ocr_line' id='line_1_1' title="bbox 269 405 1225 474; baseline -0.012 0"><span class='ocrx_word' id='word_1_1' title='bbox 269 411 332 474; x_wconf 76' lang='lat'><strong>814</strong></span> <span class='ocrx_word' id='word_1_2' title='bbox 655 411 697 468; x_wconf 87' lang='lat' dir='ltr'><strong>De</strong></span> <span class='ocrx_word' id='word_1_3' title='bbox 714 410 836 468; x_wconf 80' lang='lat' dir='ltr'><strong>Motibus</strong></span> <span class='ocrx_word' id='word_1_4' title='bbox 854 411 1030 466; x_wconf 82' lang='lat' dir='ltr'><strong>Pisuetsrum</strong></span> <span class='ocrx_word' id='word_1_5' title='bbox 1046 405 1225 464; x_wconf 79' lang='lat' dir='ltr'><strong>Hsrnouiois.</strong></span> 
     </span>
    </p>
   </div>
   <div class='ocr_carea' id='block_1_2' title="bbox 226 579 1623 2396">
    <p class='ocr_par' dir='ltr' id='par_1_2' title="bbox 226 579 1622 877">
     <span class='ocr_line' id='line_1_2' title="bbox 268 579 1620 656; baseline 0.001 -19"><span class='ocrx_word' id='word_1_6' title='bbox 268 583 366 652; x_wconf 82' lang='lat' dir='ltr'><strong>iisque</strong></span> <span class='ocrx_word' id='word_1_7' title='bbox 383 583 471 641; x_wconf 80' lang='lat' dir='ltr'><strong>leuior</strong></span> <span class='ocrx_word' id='word_1_8' title='bbox 487 588 552 653; x_wconf 85' lang='lat' dir='ltr'><strong>posi</strong></span> <span class='ocrx_word' id='word_1_9' title='bbox 567 581 679 650; x_wconf 72' lang='lat' dir='ltr'><strong>ihesu,</strong></span> <span class='ocrx_word' id='word_1_10' title='bbox 697 600 768 656; x_wconf 82' lang='lat' dir='ltr'><strong>quse</strong></span> <span class='ocrx_word' id='word_1_11' title='bbox 785 584 885 642; x_wconf 86' lang='lat' dir='ltr'><strong>desinit</strong></span> <span class='ocrx_word' id='word_1_12' title='bbox 901 583 941 641; x_wconf 89' lang='lat' dir='ltr'><strong>sio</strong></span> <span class='ocrx_word' id='word_1_13' title='bbox 959 583 1052 654; x_wconf 59' lang='lat' dir='ltr'><strong>”inor</strong></span> <span class='ocrx_word' id='word_1_14' title='bbox 1069 579 1207 638; x_wconf 82' lang='lat' dir='ltr'><strong>udserlbst</strong></span> <span class='ocrx_word' id='word_1_15' title='bbox 1222 579 1287 637; x_wconf 85' lang='lat' dir='ltr'><strong>ists=</strong></span> <span class='ocrx_word' id='word_1_16' title='bbox 1313 596 1403 650; x_wconf 76' lang='lat' dir='ltr'><strong>equs</strong></span> <span class='ocrx_word' id='word_1_17' title='bbox 1420 581 1444 638; x_wconf 88' lang='lat' dir='ltr'><strong>si</strong></span> <span class='ocrx_word' id='word_1_18' title='bbox 1461 581 1568 638; x_wconf 82' lang='lat' dir='ltr'><strong>tuisrus</strong></span> <span class='ocrx_word' id='word_1_19' title='bbox 1586 582 1620 653; x_wconf 69' lang='lat'><strong>⁴1,</strong></span> 
     </span>
     <span class='ocr_line' id='line_1_3' title="bbox 226 660 1621 732; baseline -0.005 -8"><span class='ocrx_word' id='word_1_20' title='bbox 226 715 235 724; x_wconf 92' lang='lat'><em>.</em></span> <span class='ocrx_word' id='word_1_21' title='bbox 266 675 316 715; x_wconf 63' lang='grc' dir='ltr'><strong>ΜΠ</strong></span> <span class='ocrx_word' id='word_1_22' title='bbox 334 662 408 731; x_wconf 69' lang='lat' dir='ltr'><strong>”im</strong></span> <span class='ocrx_word' id='word_1_23' title='bbox 433 670 520 717; x_wconf 76' lang='lat' dir='ltr'><strong>r0⁸t⁸t</strong></span> <span class='ocrx_word' id='word_1_24' title='bbox 543 662 613 732; x_wconf 63' lang='lat' dir='ltr'><strong>&#39;&#39;iw</strong></span> <span class='ocrx_word' id='word_1_25' title='bbox 643 664 774 720; x_wconf 86' lang='lat' dir='ltr'><strong>diminuis</strong></span> <span class='ocrx_word' id='word_1_26' title='bbox 792 672 870 721; x_wconf 86' lang='lat' dir='ltr'><strong>sextu</strong></span> <span class='ocrx_word' id='word_1_27' title='bbox 887 664 984 729; x_wconf 85' lang='lat' dir='ltr'><strong>mollis,</strong></span> <span class='ocrx_word' id='word_1_28' title='bbox 1003 678 1074 732; x_wconf 81' lang='lat' dir='ltr'><strong>quse</strong></span> <span class='ocrx_word' id='word_1_29' title='bbox 1092 669 1136 717; x_wconf 88' lang='lat' dir='ltr'><strong>est</strong></span> <span class='ocrx_word' id='word_1_30' title='bbox 1153 661 1224 716; x_wconf 87' lang='lat' dir='ltr'><strong>iuter</strong></span> <span class='ocrx_word' id='word_1_31' title='bbox 1240 662 1273 731; x_wconf 73' lang='lat' dir='ltr'><strong>di</strong></span> <span class='ocrx_word' id='word_1_32' title='bbox 1287 662 1330 717; x_wconf 85' lang='lat' dir='ltr'><strong>rei</strong></span> <span class='ocrx_word' id='word_1_33' title='bbox 1347 679 1377 718; x_wconf 84' lang='lat' dir='ltr'><strong>oe</strong></span> <span class='ocrx_word' id='word_1_34' title='bbox 1396 660 1439 714; x_wconf 83' lang='lat' dir='ltr'><strong>rel</strong></span> <span class='ocrx_word' id='word_1_35' title='bbox 1457 677 1491 717; x_wconf 84' lang='lat' dir='ltr'><strong>oo</strong></span> <span class='ocrx_word' id='word_1_36' title='bbox 1508 669 1621 717; x_wconf 66' lang='lat' dir='ltr'><strong>uetera</strong></span> 
     </span>
     <span class='ocr_line' id='line_1_4' title="bbox 267 739 1622 822; baseline 0.001 -28"><span class='ocrx_word' id='word_1_37' title='bbox 267 739 349 795; x_wconf 88' lang='lat' dir='ltr'><strong>etiem</strong></span> <span class='ocrx_word' id='word_1_38' title='bbox 367 740 504 822; x_wconf 83' lang='lat' dir='ltr'><strong>simplicis.</strong></span> <span class='ocrx_word' id='word_1_39' title='bbox 529 743 568 797; x_wconf 84' lang='lat' dir='ltr'><strong>Et</strong></span> <span class='ocrx_word' id='word_1_40' title='bbox 584 742 611 796; x_wconf 90' lang='lat' dir='ltr'><strong>iu</strong></span> <span class='ocrx_word' id='word_1_41' title='bbox 630 743 753 814; x_wconf 74' lang='lat' dir='ltr'><strong>subieots</strong></span> <span class='ocrx_word' id='word_1_42' title='bbox 770 745 872 801; x_wconf 78' lang='lat' dir='ltr'><strong>tubelle</strong></span> <span class='ocrx_word' id='word_1_43' title='bbox 889 745 1003 816; x_wconf 77' lang='lat' dir='ltr'><strong>primam</strong></span> <span class='ocrx_word' id='word_1_44' title='bbox 1020 743 1118 798; x_wconf 79' lang='lat' dir='ltr'><strong>lineum</strong></span> <span class='ocrx_word' id='word_1_45' title='bbox 1136 749 1271 811; x_wconf 74' lang='lat' dir='ltr'><strong>occupent</strong></span> <span class='ocrx_word' id='word_1_46' title='bbox 1287 742 1353 798; x_wconf 80' lang='lat' dir='ltr'><strong>ists:</strong></span> <span class='ocrx_word' id='word_1_47' title='bbox 1377 741 1432 796; x_wconf 88' lang='lat' dir='ltr'><strong>Pro</strong></span> <span class='ocrx_word' id='word_1_48' title='bbox 1450 739 1483 811; x_wconf 66' lang='lat'><strong>⁸1,</strong></span> <span class='ocrx_word' id='word_1_49' title='bbox 1502 747 1545 795; x_wconf 86' lang='lat' dir='ltr'><strong>est</strong></span> <span class='ocrx_word' id='word_1_50' title='bbox 1563 741 1622 810; x_wconf 54' lang='lat'><strong>²7„</strong></span> 
     </span>
     <span class='ocr_line' id='line_1_5' title="bbox 266 818 1605 877; baseline 0.001 -4"><span class='ocrx_word' id='word_1_51' title='bbox 266 818 403 877; x_wconf 78' lang='lat' dir='ltr'><strong>defitiens.</strong></span> <span class='ocrx_word' id='word_1_52' title='bbox 1602 835 1605 840; x_wconf 87' lang='grc'><strong>’</strong></span> 
     </span>
    </p>

    <p class='ocr_par' dir='ltr' id='par_1_3' title="bbox 266 904 1623 2396">
     <span class='ocr_line' id='line_1_6' title="bbox 353 904 1620 981; baseline 0.001 -20"><span class='ocrx_word' id='word_1_53' title='bbox 353 907 396 961; x_wconf 81' lang='lat' dir='ltr'><strong>Ex</strong></span> <span class='ocrx_word' id='word_1_54' title='bbox 416 908 517 977; x_wconf 90' lang='lat' dir='ltr'><strong>quibus</strong></span> <span class='ocrx_word' id='word_1_55' title='bbox 531 917 620 979; x_wconf 80' lang='lat' dir='ltr'><strong>potet,</strong></span> <span class='ocrx_word' id='word_1_56' title='bbox 648 911 675 965; x_wconf 91' lang='lat' dir='ltr'><strong>iu</strong></span> <span class='ocrx_word' id='word_1_57' title='bbox 697 919 845 981; x_wconf 76' lang='lat' dir='ltr'><strong>systemate</strong></span> <span class='ocrx_word' id='word_1_58' title='bbox 863 910 981 968; x_wconf 83' lang='lat' dir='ltr'><strong>nutnrsli</strong></span> <span class='ocrx_word' id='word_1_59' title='bbox 1000 909 1103 965; x_wconf 76' lang='lat' dir='ltr'><strong>olorem</strong></span> <span class='ocrx_word' id='word_1_60' title='bbox 1120 908 1308 978; x_wconf 65' lang='lat' dir='ltr'><strong>speonnam,</strong></span> <span class='ocrx_word' id='word_1_61' title='bbox 1327 911 1359 960; x_wconf 88' lang='lat' dir='ltr'><strong>ut</strong></span> <span class='ocrx_word' id='word_1_62' title='bbox 1375 904 1423 960; x_wconf 77' lang='lat' dir='ltr'><strong>ills</strong></span> <span class='ocrx_word' id='word_1_63' title='bbox 1440 912 1483 962; x_wconf 86' lang='lat' dir='ltr'><strong>est</strong></span> <span class='ocrx_word' id='word_1_64' title='bbox 1500 922 1535 962; x_wconf 82' lang='lat' dir='ltr'><strong>ex</strong></span> <span class='ocrx_word' id='word_1_65' title='bbox 1552 907 1620 962; x_wconf 90' lang='lat' dir='ltr'><strong>meis</strong></span> 
     </span>
     <span class='ocr_line' id='line_1_7' title="bbox 266 983 1621 1057; baseline 0 -16"><span class='ocrx_word' id='word_1_66' title='bbox 266 986 405 1057; x_wconf 73' lang='lat' dir='ltr'><strong>principiis</strong></span> <span class='ocrx_word' id='word_1_67' title='bbox 423 988 555 1050; x_wconf 69' lang='lat' dir='ltr'><strong>ordinatu</strong></span> <span class='ocrx_word' id='word_1_68' title='bbox 574 1006 633 1046; x_wconf 85' lang='lat' dir='ltr'><strong>num</strong></span> <span class='ocrx_word' id='word_1_69' title='bbox 653 989 764 1047; x_wconf 85' lang='lat' dir='ltr'><strong>dolere</strong></span> <span class='ocrx_word' id='word_1_70' title='bbox 783 991 950 1046; x_wconf 81' lang='lat' dir='ltr'><strong>constituere</strong></span> <span class='ocrx_word' id='word_1_71' title='bbox 968 996 1074 1045; x_wconf 82' lang='lat' dir='ltr'><strong>sextum</strong></span> <span class='ocrx_word' id='word_1_72' title='bbox 1091 986 1200 1043; x_wconf 89' lang='lat' dir='ltr'><strong>mollem</strong></span> <span class='ocrx_word' id='word_1_73' title='bbox 1218 983 1389 1040; x_wconf 87' lang='lat' dir='ltr'><strong>deiicientem</strong></span> <span class='ocrx_word' id='word_1_74' title='bbox 1416 999 1465 1039; x_wconf 89' lang='lat' dir='ltr'><strong>seu</strong></span> <span class='ocrx_word' id='word_1_75' title='bbox 1491 985 1621 1041; x_wconf 64' lang='lat' dir='ltr'><strong>adulteri·</strong></span> 
     </span>
     <span class='ocr_line' id='line_1_8' title="bbox 266 1063 1622 1137; baseline 0 -17"><span class='ocrx_word' id='word_1_76' title='bbox 266 1079 336 1120; x_wconf 86' lang='lat' dir='ltr'><strong>num</strong></span> <span class='ocrx_word' id='word_1_77' title='bbox 374 1065 439 1120; x_wconf 88' lang='lat' dir='ltr'><strong>Cum</strong></span> <span class='ocrx_word' id='word_1_78' title='bbox 465 1067 547 1135; x_wconf 77' lang='lat' dir='ltr'><strong>igitur</strong></span> <span class='ocrx_word' id='word_1_79' title='bbox 573 1068 644 1123; x_wconf 88' lang='lat' dir='ltr'><strong>iuter</strong></span> <span class='ocrx_word' id='word_1_80' title='bbox 669 1068 830 1137; x_wconf 86' lang='lat' dir='ltr'><strong>peribelium</strong></span> <span class='ocrx_word' id='word_1_81' title='bbox 848 1069 925 1124; x_wconf 83' lang='lat' dir='ltr'><strong>Joris</strong></span> <span class='ocrx_word' id='word_1_82' title='bbox 952 1069 979 1122; x_wconf 94' lang='lat' dir='ltr'><strong>in</strong></span> <span class='ocrx_word' id='word_1_83' title='bbox 1006 1067 1075 1122; x_wconf 80' lang='lat' dir='ltr'><strong>oleri</strong></span> <span class='ocrx_word' id='word_1_84' title='bbox 1101 1064 1221 1136; x_wconf 74' lang='lat' dir='ltr'><strong>genuine</strong></span> <span class='ocrx_word' id='word_1_85' title='bbox 1247 1065 1266 1119; x_wconf 83' lang='lat' dir='ltr'><strong>d</strong></span> <span class='ocrx_word' id='word_1_86' title='bbox 1291 1063 1469 1118; x_wconf 81' lang='lat' dir='ltr'><strong>constitutum</strong></span> <span class='ocrx_word' id='word_1_87' title='bbox 1496 1072 1524 1118; x_wconf 85' lang='lat' dir='ltr'><strong>et</strong></span> <span class='ocrx_word' id='word_1_88' title='bbox 1549 1066 1622 1120; x_wconf 87' lang='lat' dir='ltr'><strong>inter</strong></span> 
     </span>
     <span class='ocr_line' id='line_1_9' title="bbox 266 1140 1622 1215; baseline 0 -18"><span class='ocrx_word' id='word_1_89' title='bbox 266 1142 403 1212; x_wconf 77' lang='lat' dir='ltr'><strong>ephebum</strong></span> <span class='ocrx_word' id='word_1_90' title='bbox 420 1146 517 1199; x_wconf 69' lang='lat' dir='ltr'><strong>Martis</strong></span> <span class='ocrx_word' id='word_1_91' title='bbox 537 1145 573 1200; x_wconf 90' lang='lat' dir='ltr'><strong>sit</strong></span> <span class='ocrx_word' id='word_1_92' title='bbox 598 1145 721 1214; x_wconf 85' lang='lat' dir='ltr'><strong>perieotu</strong></span> <span class='ocrx_word' id='word_1_93' title='bbox 737 1153 817 1201; x_wconf 79' lang='lat' dir='ltr'><strong>sextu</strong></span> <span class='ocrx_word' id='word_1_94' title='bbox 834 1145 923 1202; x_wconf 86' lang='lat' dir='ltr'><strong>mollis</strong></span> <span class='ocrx_word' id='word_1_95' title='bbox 941 1161 1025 1215; x_wconf 74' lang='lat' dir='ltr'><strong>snpra</strong></span> <span class='ocrx_word' id='word_1_96' title='bbox 1042 1143 1235 1213; x_wconf 79' lang='lat' dir='ltr'><strong>disdiepssou‚</strong></span> <span class='ocrx_word' id='word_1_97' title='bbox 1254 1157 1309 1196; x_wconf 92' lang='lat' dir='ltr'><strong>uon</strong></span> <span class='ocrx_word' id='word_1_98' title='bbox 1327 1155 1391 1197; x_wconf 83' lang='lat' dir='ltr'><strong>uero</strong></span> <span class='ocrx_word' id='word_1_99' title='bbox 1409 1140 1553 1206; x_wconf 75' lang='lat' dir='ltr'><strong>deficiens,</strong></span> <span class='ocrx_word' id='word_1_100' title='bbox 1571 1159 1622 1213; x_wconf 85' lang='lat' dir='ltr'><strong>per</strong></span> 
     </span>
     <span class='ocr_line' id='line_1_10' title="bbox 266 1220 1623 1294; baseline 0.003 -20"><span class='ocrx_word' id='word_1_101' title='bbox 266 1235 343 1291; x_wconf 84' lang='lat' dir='ltr'><strong>prop.</strong></span> <span class='ocrx_word' id='word_1_102' title='bbox 363 1223 405 1290; x_wconf 82' lang='lat'><strong>13,</strong></span> <span class='ocrx_word' id='word_1_103' title='bbox 423 1224 546 1293; x_wconf 83' lang='lat' dir='ltr'><strong>sequitur</strong></span> <span class='ocrx_word' id='word_1_104' title='bbox 563 1225 679 1279; x_wconf 79' lang='lat' dir='ltr'><strong>Martem</strong></span> <span class='ocrx_word' id='word_1_105' title='bbox 707 1223 815 1294; x_wconf 87' lang='lat' dir='ltr'><strong>spbeiio</strong></span> <span class='ocrx_word' id='word_1_106' title='bbox 833 1234 909 1280; x_wconf 88' lang='lat' dir='ltr'><strong>motu</strong></span> <span class='ocrx_word' id='word_1_107' title='bbox 936 1223 1044 1294; x_wconf 73' lang='lat' dir='ltr'><strong>signore</strong></span> <span class='ocrx_word' id='word_1_108' title='bbox 1070 1222 1175 1286; x_wconf 81' lang='lat' dir='ltr'><strong>lorum,</strong></span> <span class='ocrx_word' id='word_1_109' title='bbox 1201 1221 1248 1290; x_wconf 88' lang='lat' dir='ltr'><strong>qui</strong></span> <span class='ocrx_word' id='word_1_110' title='bbox 1265 1220 1301 1276; x_wconf 88' lang='lat' dir='ltr'><strong>sit</strong></span> <span class='ocrx_word' id='word_1_111' title='bbox 1317 1237 1372 1275; x_wconf 89' lang='lat' dir='ltr'><strong>uno</strong></span> <span class='ocrx_word' id='word_1_112' title='bbox 1390 1228 1523 1277; x_wconf 78' lang='lat' dir='ltr'><strong>commuto</strong></span> <span class='ocrx_word' id='word_1_113' title='bbox 1539 1223 1623 1280; x_wconf 78' lang='lat' dir='ltr'><strong>¹ditior</strong></span> 
     </span>
     <span class='ocr_line' id='line_1_11' title="bbox 266 1295 1621 1373; baseline 0.004 -22"><span class='ocrx_word' id='word_1_114' title='bbox 266 1295 342 1352; x_wconf 80' lang='lat' dir='ltr'><strong>olere</strong></span> <span class='ocrx_word' id='word_1_115' title='bbox 358 1301 477 1367; x_wconf 69' lang='lat' dir='ltr'><strong>genuine</strong></span> <span class='ocrx_word' id='word_1_116' title='bbox 492 1302 519 1370; x_wconf 58' lang='grc' dir='ltr'><strong><em>ἡ</em></strong></span> <span class='ocrx_word' id='word_1_117' title='bbox 537 1301 629 1371; x_wconf 78' lang='lat' dir='ltr'><strong>itaque</strong></span> <span class='ocrx_word' id='word_1_118' title='bbox 646 1318 702 1358; x_wconf 88' lang='lat' dir='ltr'><strong>non</strong></span> <span class='ocrx_word' id='word_1_119' title='bbox 721 1303 772 1358; x_wconf 89' lang='lat' dir='ltr'><strong>uisi</strong></span> <span class='ocrx_word' id='word_1_120' title='bbox 788 1302 1001 1373; x_wconf 70' lang='lat' dir='ltr'><strong>fednlterinum</strong></span> <span class='ocrx_word' id='word_1_121' title='bbox 1019 1300 1151 1356; x_wconf 77' lang='lat' dir='ltr'><strong>obtinebit</strong></span> <span class='ocrx_word' id='word_1_122' title='bbox 1169 1315 1257 1367; x_wconf 85' lang='lat' dir='ltr'><strong>eoque</strong></span> <span class='ocrx_word' id='word_1_123' title='bbox 1275 1315 1330 1353; x_wconf 92' lang='lat' dir='ltr'><strong>non</strong></span> <span class='ocrx_word' id='word_1_124' title='bbox 1348 1298 1437 1369; x_wconf 84' lang='lat' dir='ltr'><strong>plens,</strong></span> <span class='ocrx_word' id='word_1_125' title='bbox 1457 1299 1505 1355; x_wconf 93' lang='lat' dir='ltr'><strong>sed</strong></span> <span class='ocrx_word' id='word_1_126' title='bbox 1523 1301 1621 1356; x_wconf 73' lang='lat' dir='ltr'><strong>sutem</strong></span> 
     </span>
     <span class='ocr_line' id='line_1_12' title="bbox 266 1375 1621 1450; baseline 0.004 -20"><span class='ocrx_word' id='word_1_127' title='bbox 266 1375 463 1444; x_wconf 74' lang='lat' dir='ltr'><strong>quadamtenus</strong></span> <span class='ocrx_word' id='word_1_128' title='bbox 486 1378 514 1434; x_wconf 93' lang='lat' dir='ltr'><strong>in</strong></span> <span class='ocrx_word' id='word_1_129' title='bbox 541 1379 612 1434; x_wconf 83' lang='lat' dir='ltr'><strong>hunc</strong></span> <span class='ocrx_word' id='word_1_130' title='bbox 642 1380 743 1436; x_wconf 79' lang='lat' dir='ltr'><strong>serlum</strong></span> <span class='ocrx_word' id='word_1_131' title='bbox 770 1382 913 1437; x_wconf 74' lang='lat' dir='ltr'><strong>consentin</strong></span> <span class='ocrx_word' id='word_1_132' title='bbox 966 1379 1193 1435; x_wconf 80' lang='lat' dir='ltr'><strong>Concordsntism</strong></span> <span class='ocrx_word' id='word_1_133' title='bbox 1230 1393 1294 1433; x_wconf 84' lang='lat' dir='ltr'><strong>vero</strong></span> <span class='ocrx_word' id='word_1_134' title='bbox 1323 1377 1503 1433; x_wconf 82' lang='lat' dir='ltr'><strong>universalem</strong></span> <span class='ocrx_word' id='word_1_135' title='bbox 1530 1395 1621 1450; x_wconf 88' lang='lat' dir='ltr'><strong>neque</strong></span> 
     </span>
     <span class='ocr_line' id='line_1_13' title="bbox 266 1454 1621 1529; baseline 0.001 -19"><span class='ocrx_word' id='word_1_136' title='bbox 266 1470 363 1523; x_wconf 81' lang='lat' dir='ltr'><strong>purum</strong></span> <span class='ocrx_word' id='word_1_137' title='bbox 380 1473 470 1527; x_wconf 83' lang='lat' dir='ltr'><strong>usqne</strong></span> <span class='ocrx_word' id='word_1_138' title='bbox 487 1458 672 1528; x_wconf 74' lang='lat' dir='ltr'><strong>adulterinum¹</strong></span> <span class='ocrx_word' id='word_1_139' title='bbox 685 1461 860 1528; x_wconf 56' lang='lat' dir='ltr'><strong>ingreditus</strong></span> <span class='ocrx_word' id='word_1_140' title='bbox 878 1461 948 1516; x_wconf 81' lang='lat' dir='ltr'><strong>Nem</strong></span> <span class='ocrx_word' id='word_1_141' title='bbox 966 1459 1079 1515; x_wconf 84' lang='lat' dir='ltr'><strong>Veneris</strong></span> <span class='ocrx_word' id='word_1_142' title='bbox 1098 1456 1246 1529; x_wconf 85' lang='lat' dir='ltr'><strong>peribeiius</strong></span> <span class='ocrx_word' id='word_1_143' title='bbox 1264 1454 1369 1511; x_wconf 87' lang='lat' dir='ltr'><strong>obtinet</strong></span> <span class='ocrx_word' id='word_1_144' title='bbox 1379 1455 1470 1511; x_wconf 84' lang='lat' dir='ltr'><strong>locum</strong></span> <span class='ocrx_word' id='word_1_145' title='bbox 1488 1474 1502 1513; x_wconf 84' lang='lat' dir='ltr'><strong>e</strong></span> <span class='ocrx_word' id='word_1_146' title='bbox 1519 1459 1621 1514; x_wconf 61' lang='lat' dir='ltr'><strong>musio·</strong></span> 
     </span>
     <span class='ocr_line' id='line_1_14' title="bbox 266 1533 1622 1608; baseline 0.006 -22"><span class='ocrx_word' id='word_1_147' title='bbox 266 1533 308 1587; x_wconf 88' lang='lat' dir='ltr'><strong>uis</strong></span> <span class='ocrx_word' id='word_1_148' title='bbox 326 1534 416 1604; x_wconf 76' lang='lat' dir='ltr'><strong>hujus,</strong></span> <span class='ocrx_word' id='word_1_149' title='bbox 434 1537 560 1592; x_wconf 78' lang='lat' dir='ltr'><strong>Atiutsr</strong></span> <span class='ocrx_word' id='word_1_150' title='bbox 577 1553 599 1607; x_wconf 86' lang='lat' dir='ltr'><strong>e,</strong></span> <span class='ocrx_word' id='word_1_151' title='bbox 608 1539 627 1607; x_wconf 75' lang='lat' dir='ltr'><em>f</em></span> <span class='ocrx_word' id='word_1_152' title='bbox 639 1546 681 1594; x_wconf 88' lang='lat' dir='ltr'><strong>est</strong></span> <span class='ocrx_word' id='word_1_153' title='bbox 698 1538 875 1608; x_wconf 70' lang='lat' dir='ltr'><strong>dissonantia,</strong></span> <span class='ocrx_word' id='word_1_154' title='bbox 894 1535 930 1592; x_wconf 85' lang='lat' dir='ltr'><strong>ob</strong></span> <span class='ocrx_word' id='word_1_155' title='bbox 948 1537 1121 1593; x_wconf 76' lang='lat' dir='ltr'><strong>rioinitutem.</strong></span> <span class='ocrx_word' id='word_1_156' title='bbox 1148 1537 1279 1591; x_wconf 88' lang='lat' dir='ltr'><strong>Dissoust</strong></span> <span class='ocrx_word' id='word_1_157' title='bbox 1296 1536 1378 1605; x_wconf 71' lang='lat' dir='ltr'><strong>igitur</strong></span> <span class='ocrx_word' id='word_1_158' title='bbox 1395 1537 1471 1592; x_wconf 80' lang='lat' dir='ltr'><strong>Mers</strong></span> <span class='ocrx_word' id='word_1_159' title='bbox 1488 1536 1524 1592; x_wconf 77' lang='lat' dir='ltr'><strong>ub</strong></span> <span class='ocrx_word' id='word_1_160' title='bbox 1541 1539 1622 1594; x_wconf 91' lang='lat' dir='ltr'><strong>unius</strong></span> 
     </span>
     <span class='ocr_line' id='line_1_15' title="bbox 266 1609 1623 1688; baseline 0.007 -25"><span class='ocrx_word' id='word_1_161' title='bbox 266 1609 453 1680; x_wconf 78' lang='lat' dir='ltr'><strong>planetarum.</strong></span> <span class='ocrx_word' id='word_1_162' title='bbox 480 1632 517 1671; x_wconf 87' lang='lat' dir='ltr'><strong>so.</strong></span> <span class='ocrx_word' id='word_1_163' title='bbox 537 1635 555 1673; x_wconf 82' lang='lat' dir='ltr'><strong>e</strong></span> <span class='ocrx_word' id='word_1_164' title='bbox 572 1618 684 1674; x_wconf 88' lang='lat' dir='ltr'><strong>Veneris</strong></span> <span class='ocrx_word' id='word_1_165' title='bbox 701 1617 841 1688; x_wconf 80' lang='lat' dir='ltr'><strong>peribolio</strong></span> <span class='ocrx_word' id='word_1_166' title='bbox 876 1616 930 1674; x_wconf 79' lang='lat' dir='ltr'><strong>Sed</strong></span> <span class='ocrx_word' id='word_1_167' title='bbox 950 1626 978 1673; x_wconf 90' lang='lat' dir='ltr'><strong>et</strong></span> <span class='ocrx_word' id='word_1_168' title='bbox 995 1634 1013 1673; x_wconf 82' lang='lat' dir='ltr'><strong>e</strong></span> <span class='ocrx_word' id='word_1_169' title='bbox 1030 1618 1129 1672; x_wconf 70' lang='lat' dir='ltr'><strong>return</strong></span> <span class='ocrx_word' id='word_1_170' title='bbox 1146 1617 1262 1671; x_wconf 87' lang='lat' dir='ltr'><strong>Veneris</strong></span> <span class='ocrx_word' id='word_1_171' title='bbox 1281 1617 1400 1672; x_wconf 83' lang='lat' dir='ltr'><strong>motibus</strong></span> <span class='ocrx_word' id='word_1_172' title='bbox 1418 1617 1554 1686; x_wconf 62' lang='lat' dir='ltr'><strong>dheora,</strong></span> <span class='ocrx_word' id='word_1_173' title='bbox 1581 1632 1623 1673; x_wconf 86' lang='lat' dir='ltr'><strong>re·</strong></span> 
     </span>
     <span class='ocr_line' id='line_1_16' title="bbox 266 1688 1623 1766; baseline 0.007 -24"><span class='ocrx_word' id='word_1_174' title='bbox 266 1688 411 1747; x_wconf 87' lang='lat' dir='ltr'><strong>mittuntur</strong></span> <span class='ocrx_word' id='word_1_175' title='bbox 428 1709 455 1747; x_wconf 87' lang='lat' dir='ltr'><strong>n.</strong></span> <span class='ocrx_word' id='word_1_176' title='bbox 473 1695 494 1748; x_wconf 94' lang='lat' dir='ltr'><strong>ii</strong></span> <span class='ocrx_word' id='word_1_177' title='bbox 511 1711 566 1749; x_wconf 94' lang='lat' dir='ltr'><strong>uno</strong></span> <span class='ocrx_word' id='word_1_178' title='bbox 584 1703 718 1751; x_wconf 71' lang='lat' dir='ltr'><strong>commite</strong></span> <span class='ocrx_word' id='word_1_179' title='bbox 735 1697 839 1758; x_wconf 84' lang='lat' dir='ltr'><strong>minus.</strong></span> <span class='ocrx_word' id='word_1_180' title='bbox 855 1712 938 1766; x_wconf 80' lang='lat' dir='ltr'><strong>quum</strong></span> <span class='ocrx_word' id='word_1_181' title='bbox 956 1710 1005 1766; x_wconf 81' lang='lat' dir='ltr'><strong>per</strong></span> <span class='ocrx_word' id='word_1_182' title='bbox 1022 1710 1104 1750; x_wconf 87' lang='lat' dir='ltr'><strong>uuum</strong></span> <span class='ocrx_word' id='word_1_183' title='bbox 1120 1695 1220 1750; x_wconf 86' lang='lat' dir='ltr'><strong>diesin:</strong></span> <span class='ocrx_word' id='word_1_184' title='bbox 1247 1709 1331 1762; x_wconf 74' lang='lat' dir='ltr'><strong>quere</strong></span> <span class='ocrx_word' id='word_1_185' title='bbox 1349 1710 1410 1748; x_wconf 86' lang='lat' dir='ltr'><strong>oum</strong></span> <span class='ocrx_word' id='word_1_186' title='bbox 1428 1696 1498 1750; x_wconf 73' lang='lat' dir='ltr'><strong>inter</strong></span> <span class='ocrx_word' id='word_1_187' title='bbox 1515 1697 1623 1764; x_wconf 85' lang='lat' dir='ltr'><strong>peribe-</strong></span> 
     </span>
     <span class='ocr_line' id='line_1_17' title="bbox 266 1765 1623 1845; baseline 0.005 -23"><span class='ocrx_word' id='word_1_188' title='bbox 266 1765 332 1823; x_wconf 92' lang='lat' dir='ltr'><strong>iium</strong></span> <span class='ocrx_word' id='word_1_189' title='bbox 351 1770 464 1828; x_wconf 83' lang='lat' dir='ltr'><strong>Veneris</strong></span> <span class='ocrx_word' id='word_1_190' title='bbox 482 1781 510 1830; x_wconf 88' lang='lat' dir='ltr'><strong>et</strong></span> <span class='ocrx_word' id='word_1_191' title='bbox 526 1775 665 1845; x_wconf 85' lang='lat' dir='ltr'><strong>spbeiium</strong></span> <span class='ocrx_word' id='word_1_192' title='bbox 683 1776 780 1832; x_wconf 82' lang='lat' dir='ltr'><strong>Mentis</strong></span> <span class='ocrx_word' id='word_1_193' title='bbox 798 1776 835 1830; x_wconf 91' lang='lat' dir='ltr'><strong>sit</strong></span> <span class='ocrx_word' id='word_1_194' title='bbox 852 1775 1024 1831; x_wconf 89' lang='lat' dir='ltr'><strong>semitonium</strong></span> <span class='ocrx_word' id='word_1_195' title='bbox 1043 1782 1071 1828; x_wconf 90' lang='lat' dir='ltr'><strong>et</strong></span> <span class='ocrx_word' id='word_1_196' title='bbox 1088 1786 1206 1836; x_wconf 86' lang='lat' dir='ltr'><strong>oomms,</strong></span> <span class='ocrx_word' id='word_1_197' title='bbox 1224 1773 1296 1827; x_wconf 84' lang='lat' dir='ltr'><strong>inter</strong></span> <span class='ocrx_word' id='word_1_198' title='bbox 1312 1773 1397 1842; x_wconf 73' lang='lat' dir='ltr'><strong>igitur</strong></span> <span class='ocrx_word' id='word_1_199' title='bbox 1414 1772 1551 1842; x_wconf 88' lang='lat' dir='ltr'><strong>spbelium</strong></span> <span class='ocrx_word' id='word_1_200' title='bbox 1570 1775 1623 1829; x_wconf 82' lang='lat' dir='ltr'><strong>Ve-</strong></span> 
     </span>
     <span class='ocr_line' id='line_1_18' title="bbox 267 1846 1622 1921; baseline 0.009 -23"><span class='ocrx_word' id='word_1_201' title='bbox 267 1846 340 1901; x_wconf 84' lang='lat' dir='ltr'><strong>neris</strong></span> <span class='ocrx_word' id='word_1_202' title='bbox 359 1856 386 1904; x_wconf 91' lang='lat' dir='ltr'><strong>et</strong></span> <span class='ocrx_word' id='word_1_203' title='bbox 403 1851 540 1921; x_wconf 83' lang='lat' dir='ltr'><strong>uphelinm</strong></span> <span class='ocrx_word' id='word_1_204' title='bbox 553 1854 650 1909; x_wconf 79' lang='lat' dir='ltr'><strong>Marus</strong></span> <span class='ocrx_word' id='word_1_205' title='bbox 668 1854 719 1910; x_wconf 85' lang='lat' dir='ltr'><strong>erit</strong></span> <span class='ocrx_word' id='word_1_206' title='bbox 737 1853 910 1911; x_wconf 87' lang='lat' dir='ltr'><strong>semitonium</strong></span> <span class='ocrx_word' id='word_1_207' title='bbox 927 1860 956 1910; x_wconf 91' lang='lat' dir='ltr'><strong>et</strong></span> <span class='ocrx_word' id='word_1_208' title='bbox 968 1852 1050 1908; x_wconf 89' lang='lat' dir='ltr'><strong>diesis</strong></span> <span class='ocrx_word' id='word_1_209' title='bbox 1062 1851 1252 1920; x_wconf 71' lang='lat' dir='ltr'><strong>(dissimulatis</strong></span> <span class='ocrx_word' id='word_1_210' title='bbox 1264 1847 1389 1920; x_wconf 74' lang='lat' dir='ltr'><strong>orturis),</strong></span> <span class='ocrx_word' id='word_1_211' title='bbox 1408 1852 1462 1908; x_wconf 86' lang='lat' dir='ltr'><strong>boo</strong></span> <span class='ocrx_word' id='word_1_212' title='bbox 1480 1861 1524 1908; x_wconf 90' lang='lat' dir='ltr'><strong>est</strong></span> <span class='ocrx_word' id='word_1_213' title='bbox 1539 1862 1622 1910; x_wconf 76' lang='lat' dir='ltr'><strong>mnus</strong></span> 
     </span>
     <span class='ocr_line' id='line_1_19' title="bbox 266 1926 1621 2000; baseline 0.004 -20"><span class='ocrx_word' id='word_1_214' title='bbox 266 1926 368 1997; x_wconf 88' lang='lat' dir='ltr'><strong>minor,</strong></span> <span class='ocrx_word' id='word_1_215' title='bbox 387 1932 461 1998; x_wconf 87' lang='lat' dir='ltr'><strong>quod</strong></span> <span class='ocrx_word' id='word_1_216' title='bbox 479 1932 569 1988; x_wconf 82' lang='lat' dir='ltr'><strong>udhuc</strong></span> <span class='ocrx_word' id='word_1_217' title='bbox 587 1933 726 1989; x_wconf 88' lang='lat' dir='ltr'><strong>dissonum</strong></span> <span class='ocrx_word' id='word_1_218' title='bbox 744 1931 978 1988; x_wconf 82' lang='lat' dir='ltr'><strong>estiuterrsiInm.</strong></span> <span class='ocrx_word' id='word_1_219' title='bbox 999 1931 1115 1985; x_wconf 76' lang='lat' dir='ltr'><strong>Tantum</strong></span> <span class='ocrx_word' id='word_1_220' title='bbox 1133 1938 1225 1985; x_wconf 84' lang='lat' dir='ltr'><strong>eutem</strong></span> <span class='ocrx_word' id='word_1_221' title='bbox 1242 1931 1271 1986; x_wconf 91' lang='lat' dir='ltr'><strong>in</strong></span> <span class='ocrx_word' id='word_1_222' title='bbox 1286 1930 1376 1986; x_wconf 88' lang='lat' dir='ltr'><strong>mollis</strong></span> <span class='ocrx_word' id='word_1_223' title='bbox 1396 1931 1503 2000; x_wconf 77' lang='lat' dir='ltr'><strong>generis</strong></span> <span class='ocrx_word' id='word_1_224' title='bbox 1521 1932 1621 1986; x_wconf 72' lang='lat' dir='ltr'><strong>sosium</strong></span> 
     </span>
     <span class='ocr_line' id='line_1_20' title="bbox 266 2002 1622 2079; baseline 0.003 -18"><span class='ocrx_word' id='word_1_225' title='bbox 266 2002 505 2073; x_wconf 67' lang='lat' dir='ltr'><strong>subsimilisrtis</strong></span> <span class='ocrx_word' id='word_1_226' title='bbox 523 2011 670 2077; x_wconf 76' lang='lat' dir='ltr'><strong>consentit,</strong></span> <span class='ocrx_word' id='word_1_227' title='bbox 695 2026 750 2065; x_wconf 91' lang='lat' dir='ltr'><strong>nou</strong></span> <span class='ocrx_word' id='word_1_228' title='bbox 767 2011 849 2067; x_wconf 81' lang='lat' dir='ltr'><strong>etium</strong></span> <span class='ocrx_word' id='word_1_229' title='bbox 875 2009 991 2065; x_wconf 90' lang='lat' dir='ltr'><strong>induri.</strong></span> <span class='ocrx_word' id='word_1_230' title='bbox 1028 2009 1098 2063; x_wconf 81' lang='lat' dir='ltr'><strong>Num</strong></span> <span class='ocrx_word' id='word_1_231' title='bbox 1126 2025 1188 2063; x_wconf 86' lang='lat' dir='ltr'><strong>oum</strong></span> <span class='ocrx_word' id='word_1_232' title='bbox 1206 2009 1332 2079; x_wconf 86' lang='lat' dir='ltr'><strong>spbelius</strong></span> <span class='ocrx_word' id='word_1_233' title='bbox 1351 2009 1464 2064; x_wconf 85' lang='lat' dir='ltr'><strong>Veneris</strong></span> <span class='ocrx_word' id='word_1_234' title='bbox 1482 2011 1622 2078; x_wconf 78' lang='lat' dir='ltr'><strong>uouspirst</strong></span> 
     </span>
     <span class='ocr_line' id='line_1_21' title="bbox 267 2080 1621 2157; baseline 0.007 -22"><span class='ocrx_word' id='word_1_235' title='bbox 267 2080 295 2135; x_wconf 91' lang='lat' dir='ltr'><strong>iu</strong></span> <span class='ocrx_word' id='word_1_236' title='bbox 313 2099 327 2138; x_wconf 84' lang='lat' dir='ltr'><strong>e</strong></span> <span class='ocrx_word' id='word_1_237' title='bbox 344 2088 449 2152; x_wconf 76' lang='lat' dir='ltr'><strong>generis</strong></span> <span class='ocrx_word' id='word_1_238' title='bbox 469 2090 537 2154; x_wconf 88' lang='lat' dir='ltr'><strong>duri,</strong></span> <span class='ocrx_word' id='word_1_239' title='bbox 555 2089 651 2145; x_wconf 77' lang='lat' dir='ltr'><strong>Martis</strong></span> <span class='ocrx_word' id='word_1_240' title='bbox 670 2103 734 2143; x_wconf 83' lang='lat' dir='ltr'><strong>vero</strong></span> <span class='ocrx_word' id='word_1_241' title='bbox 752 2088 875 2157; x_wconf 82' lang='lat' dir='ltr'><strong>spbelius</strong></span> <span class='ocrx_word' id='word_1_242' title='bbox 901 2086 1087 2156; x_wconf 80' lang='lat' dir='ltr'><strong>(dissimulatis</strong></span> <span class='ocrx_word' id='word_1_243' title='bbox 1106 2086 1219 2156; x_wconf 77' lang='lat' dir='ltr'><strong>oetavis)</strong></span> <span class='ocrx_word' id='word_1_244' title='bbox 1237 2088 1274 2141; x_wconf 92' lang='lat' dir='ltr'><strong>sit</strong></span> <span class='ocrx_word' id='word_1_245' title='bbox 1292 2087 1383 2142; x_wconf 80' lang='lat' dir='ltr'><strong>iscius</strong></span> <span class='ocrx_word' id='word_1_246' title='bbox 1408 2087 1489 2143; x_wconf 75' lang='lat' dir='ltr'><strong>altior</strong></span> <span class='ocrx_word' id='word_1_247' title='bbox 1507 2104 1588 2157; x_wconf 83' lang='lat' dir='ltr'><strong>quum</strong></span> <span class='ocrx_word' id='word_1_248' title='bbox 1606 2106 1621 2145; x_wconf 87' lang='lat' dir='ltr'><strong>s</strong></span> 
     </span>
     <span class='ocr_line' id='line_1_22' title="bbox 267 2164 1620 2238; baseline 0.006 -25"><span class='ocrx_word' id='word_1_249' title='bbox 267 2165 333 2214; x_wconf 87' lang='lat' dir='ltr'><strong>tono</strong></span> <span class='ocrx_word' id='word_1_250' title='bbox 350 2164 467 2226; x_wconf 84' lang='lat' dir='ltr'><strong>minore,</strong></span> <span class='ocrx_word' id='word_1_251' title='bbox 493 2169 646 2224; x_wconf 81' lang='lat' dir='ltr'><strong>neeessurio</strong></span> <span class='ocrx_word' id='word_1_252' title='bbox 672 2168 754 2238; x_wconf 75' lang='lat' dir='ltr'><strong>igitur</strong></span> <span class='ocrx_word' id='word_1_253' title='bbox 771 2168 896 2238; x_wconf 82' lang='lat' dir='ltr'><strong>ephelius</strong></span> <span class='ocrx_word' id='word_1_254' title='bbox 912 2166 1010 2228; x_wconf 84' lang='lat' dir='ltr'><strong>bisrtis</strong></span> <span class='ocrx_word' id='word_1_255' title='bbox 1036 2167 1065 2220; x_wconf 94' lang='lat' dir='ltr'><strong>in</strong></span> <span class='ocrx_word' id='word_1_256' title='bbox 1083 2166 1136 2221; x_wconf 82' lang='lat' dir='ltr'><strong>buo</strong></span> <span class='ocrx_word' id='word_1_257' title='bbox 1161 2167 1288 2222; x_wconf 85' lang='lat' dir='ltr'><strong>tensione</strong></span> <span class='ocrx_word' id='word_1_258' title='bbox 1304 2165 1411 2222; x_wconf 85' lang='lat' dir='ltr'><strong>medius</strong></span> <span class='ocrx_word' id='word_1_259' title='bbox 1428 2167 1499 2222; x_wconf 84' lang='lat' dir='ltr'><strong>inter</strong></span> <span class='ocrx_word' id='word_1_260' title='bbox 1515 2168 1530 2236; x_wconf 72' lang='lat' dir='ltr'><strong>i</strong></span> <span class='ocrx_word' id='word_1_261' title='bbox 1545 2175 1574 2221; x_wconf 88' lang='lat' dir='ltr'><strong>et</strong></span> <span class='ocrx_word' id='word_1_262' title='bbox 1590 2170 1620 2236; x_wconf 75' lang='lat' dir='ltr'><strong>fp</strong></span> 
     </span>
     <span class='ocr_line' id='line_1_23' title="bbox 268 2236 1621 2320; baseline 0.004 -23"><span class='ocrx_word' id='word_1_263' title='bbox 268 2236 391 2313; x_wconf 60' lang='lat' dir='ltr'><strong>aderet,</strong></span> <span class='ocrx_word' id='word_1_264' title='bbox 420 2243 521 2301; x_wconf 82' lang='lat' dir='ltr'><strong>iseiens</strong></span> <span class='ocrx_word' id='word_1_265' title='bbox 540 2265 602 2304; x_wconf 87' lang='lat' dir='ltr'><strong>oum</strong></span> <span class='ocrx_word' id='word_1_266' title='bbox 617 2266 637 2320; x_wconf 67' lang='grc' dir='ltr'><strong>ρ</strong></span> <span class='ocrx_word' id='word_1_267' title='bbox 654 2249 749 2318; x_wconf 78' lang='lat' dir='ltr'><strong>(quem</strong></span> <span class='ocrx_word' id='word_1_268' title='bbox 766 2248 794 2302; x_wconf 88' lang='lat' dir='ltr'><strong>iu</strong></span> <span class='ocrx_word' id='word_1_269' title='bbox 812 2247 864 2302; x_wconf 83' lang='lat' dir='ltr'><strong>buo</strong></span> <span class='ocrx_word' id='word_1_270' title='bbox 881 2248 1006 2302; x_wconf 82' lang='lat' dir='ltr'><strong>tonsione</strong></span> <span class='ocrx_word' id='word_1_271' title='bbox 1024 2254 1142 2315; x_wconf 83' lang='lat' dir='ltr'><strong>oooupst</strong></span> <span class='ocrx_word' id='word_1_272' title='bbox 1160 2246 1285 2315; x_wconf 79' lang='lat' dir='ltr'><strong>sphetim</strong></span> <span class='ocrx_word' id='word_1_273' title='bbox 1302 2245 1432 2315; x_wconf 76' lang='lat' dir='ltr'><strong>Telluris)</strong></span> <span class='ocrx_word' id='word_1_274' title='bbox 1450 2246 1621 2302; x_wconf 78' lang='lat' dir='ltr'><strong>intervalium</strong></span> 
     </span>
     <span class='ocr_line' id='line_1_24' title="bbox 266 2315 1315 2396; baseline 0 -18"><span class='ocrx_word' id='word_1_275' title='bbox 266 2315 322 2386; x_wconf 65' lang='lat'><strong>²⁸12,</strong></span> <span class='ocrx_word' id='word_1_276' title='bbox 341 2319 422 2391; x_wconf 81' lang='lat' dir='ltr'><strong>piune</strong></span> <span class='ocrx_word' id='word_1_277' title='bbox 439 2325 638 2383; x_wconf 88' lang='lat' dir='ltr'><strong>iuooueinuum.</strong></span> <span class='ocrx_word' id='word_1_278' title='bbox 656 2332 751 2383; x_wconf 90' lang='lat' dir='ltr'><strong>tonum</strong></span> <span class='ocrx_word' id='word_1_279' title='bbox 769 2342 807 2382; x_wconf 86' lang='lat' dir='ltr'><strong>so.</strong></span> <span class='ocrx_word' id='word_1_280' title='bbox 826 2328 963 2396; x_wconf 79' lang='lat' dir='ltr'><strong>mojorem,</strong></span> <span class='ocrx_word' id='word_1_281' title='bbox 982 2326 1026 2382; x_wconf 88' lang='lat' dir='ltr'><strong>oui</strong></span> <span class='ocrx_word' id='word_1_282' title='bbox 1044 2325 1153 2381; x_wconf 73' lang='lat' dir='ltr'><strong>ademta</strong></span> <span class='ocrx_word' id='word_1_283' title='bbox 1170 2325 1206 2381; x_wconf 88' lang='lat' dir='ltr'><strong>sit</strong></span> <span class='ocrx_word' id='word_1_284' title='bbox 1224 2324 1315 2379; x_wconf 88' lang='lat' dir='ltr'><strong>diesis.</strong></span> 
     </span>
    </p>
   </div>
   <div class='ocr_carea' id='block_1_3' title="bbox 266 2415 1622 3502">
    <p class='ocr_par' dir='ltr' id='par_1_4' title="bbox 266 2415 1622 3117">
     <span class='ocr_line' id='line_1_25' title="bbox 355 2415 1620 2494; baseline 0.002 -21"><span class='ocrx_word' id='word_1_285' title='bbox 355 2419 460 2478; x_wconf 81' lang='lat' dir='ltr'><strong>Eodem</strong></span> <span class='ocrx_word' id='word_1_286' title='bbox 477 2424 557 2479; x_wconf 91' lang='lat' dir='ltr'><strong>modo</strong></span> <span class='ocrx_word' id='word_1_287' title='bbox 574 2423 750 2493; x_wconf 88' lang='lat' dir='ltr'><strong>probsbitur‚</strong></span> <span class='ocrx_word' id='word_1_288' title='bbox 777 2423 874 2479; x_wconf 76' lang='lat' dir='ltr'><strong>Martis</strong></span> <span class='ocrx_word' id='word_1_289' title='bbox 902 2415 1039 2494; x_wconf 85' lang='lat' dir='ltr'><strong>sphelium</strong></span> <span class='ocrx_word' id='word_1_290' title='bbox 1064 2421 1147 2477; x_wconf 81' lang='lat' dir='ltr'><strong>etism</strong></span> <span class='ocrx_word' id='word_1_291' title='bbox 1170 2420 1321 2476; x_wconf 87' lang='lat' dir='ltr'><strong>sTelluris</strong></span> <span class='ocrx_word' id='word_1_292' title='bbox 1340 2419 1460 2475; x_wconf 87' lang='lat' dir='ltr'><strong>motibus</strong></span> <span class='ocrx_word' id='word_1_293' title='bbox 1479 2419 1620 2476; x_wconf 85' lang='lat' dir='ltr'><strong>dissidere.</strong></span> 
     </span>
     <span class='ocr_line' id='line_1_26' title="bbox 267 2492 1620 2573; baseline 0.001 -22"><span class='ocrx_word' id='word_1_294' title='bbox 267 2492 337 2551; x_wconf 77' lang='lat' dir='ltr'><strong>Nem</strong></span> <span class='ocrx_word' id='word_1_295' title='bbox 356 2500 419 2568; x_wconf 83' lang='lat' dir='ltr'><strong>quis</strong></span> <span class='ocrx_word' id='word_1_296' title='bbox 436 2518 498 2557; x_wconf 88' lang='lat' dir='ltr'><strong>eum</strong></span> <span class='ocrx_word' id='word_1_297' title='bbox 515 2503 647 2573; x_wconf 88' lang='lat' dir='ltr'><strong>peribelio</strong></span> <span class='ocrx_word' id='word_1_298' title='bbox 665 2502 779 2558; x_wconf 88' lang='lat' dir='ltr'><strong>Veneris</strong></span> <span class='ocrx_word' id='word_1_299' title='bbox 807 2502 978 2557; x_wconf 87' lang='lat' dir='ltr'><strong>semitonium</strong></span> <span class='ocrx_word' id='word_1_300' title='bbox 997 2509 1026 2556; x_wconf 87' lang='lat' dir='ltr'><strong>et</strong></span> <span class='ocrx_word' id='word_1_301' title='bbox 1042 2515 1147 2556; x_wconf 81' lang='lat' dir='ltr'><strong>commu</strong></span> <span class='ocrx_word' id='word_1_302' title='bbox 1163 2500 1242 2568; x_wconf 79' lang='lat' dir='ltr'><strong>iuuit,</strong></span> <span class='ocrx_word' id='word_1_303' title='bbox 1269 2516 1319 2570; x_wconf 88' lang='lat' dir='ltr'><strong>per</strong></span> <span class='ocrx_word' id='word_1_304' title='bbox 1335 2499 1421 2569; x_wconf 75' lang='lat' dir='ltr'><strong>dictu,</strong></span> <span class='ocrx_word' id='word_1_305' title='bbox 1444 2498 1472 2554; x_wconf 87' lang='lat' dir='ltr'><strong>id</strong></span> <span class='ocrx_word' id='word_1_306' title='bbox 1490 2505 1533 2555; x_wconf 88' lang='lat' dir='ltr'><strong>est</strong></span> <span class='ocrx_word' id='word_1_307' title='bbox 1554 2500 1620 2572; x_wconf 52' lang='lat' dir='ltr'><strong>“lm</strong></span> 
     </span>
     <span class='ocr_line' id='line_1_27' title="bbox 266 2577 1620 2650; baseline 0.004 -20"><span class='ocrx_word' id='word_1_308' title='bbox 266 2577 315 2631; x_wconf 91' lang='lat' dir='ltr'><strong>sed</strong></span> <span class='ocrx_word' id='word_1_309' title='bbox 340 2578 465 2647; x_wconf 86' lang='lat' dir='ltr'><strong>peribsiii</strong></span> <span class='ocrx_word' id='word_1_310' title='bbox 489 2579 590 2636; x_wconf 78' lang='lat' dir='ltr'><strong>Terrae</strong></span> <span class='ocrx_word' id='word_1_311' title='bbox 616 2589 644 2636; x_wconf 90' lang='lat' dir='ltr'><strong>et</strong></span> <span class='ocrx_word' id='word_1_312' title='bbox 661 2581 775 2637; x_wconf 83' lang='lat' dir='ltr'><strong>Veneris</strong></span> <span class='ocrx_word' id='word_1_313' title='bbox 803 2580 907 2636; x_wconf 80' lang='lat' dir='ltr'><strong>fuciunt</strong></span> <span class='ocrx_word' id='word_1_314' title='bbox 933 2587 1039 2636; x_wconf 80' lang='lat' dir='ltr'><strong>sextum</strong></span> <span class='ocrx_word' id='word_1_315' title='bbox 1062 2580 1172 2636; x_wconf 84' lang='lat' dir='ltr'><strong>mollem</strong></span> <span class='ocrx_word' id='word_1_316' title='bbox 1197 2580 1231 2644; x_wconf 68' lang='grc' dir='ltr'><strong>Ἰ..</strong></span> <span class='ocrx_word' id='word_1_317' title='bbox 1249 2595 1297 2635; x_wconf 85' lang='lat' dir='ltr'><strong>seu</strong></span> <span class='ocrx_word' id='word_1_318' title='bbox 1320 2580 1375 2648; x_wconf 70' lang='lat' dir='ltr'><strong>¹⁸l2⁴</strong></span> <span class='ocrx_word' id='word_1_319' title='bbox 1398 2595 1449 2649; x_wconf 88' lang='lat' dir='ltr'><strong>per</strong></span> <span class='ocrx_word' id='word_1_320' title='bbox 1475 2595 1554 2650; x_wconf 91' lang='lat' dir='ltr'><strong>prop.</strong></span> <span class='ocrx_word' id='word_1_321' title='bbox 1573 2580 1620 2635; x_wconf 73' lang='lat' dir='ltr'><strong>ii:</strong></span> 
     </span>
     <span class='ocr_line' id='line_1_28' title="bbox 267 2649 1620 2729; baseline 0.003 -21"><span class='ocrx_word' id='word_1_322' title='bbox 267 2654 364 2710; x_wconf 74' lang='lat' dir='ltr'><strong>Martis</strong></span> <span class='ocrx_word' id='word_1_323' title='bbox 381 2657 464 2726; x_wconf 73' lang='lat' dir='ltr'><strong>igitur</strong></span> <span class='ocrx_word' id='word_1_324' title='bbox 482 2659 606 2729; x_wconf 81' lang='lat' dir='ltr'><strong>spbelius</strong></span> <span class='ocrx_word' id='word_1_325' title='bbox 624 2676 686 2714; x_wconf 87' lang='lat' dir='ltr'><strong>oum</strong></span> <span class='ocrx_word' id='word_1_326' title='bbox 702 2658 834 2729; x_wconf 80' lang='lat' dir='ltr'><strong>peribelio</strong></span> <span class='ocrx_word' id='word_1_327' title='bbox 847 2649 965 2714; x_wconf 81' lang='lat' dir='ltr'><strong>Telluris</strong></span> <span class='ocrx_word' id='word_1_328' title='bbox 984 2657 1097 2728; x_wconf 76' lang='lat' dir='ltr'><strong>(additis</strong></span> <span class='ocrx_word' id='word_1_329' title='bbox 1114 2657 1154 2713; x_wconf 91' lang='lat' dir='ltr'><strong>illi</strong></span> <span class='ocrx_word' id='word_1_330' title='bbox 1172 2659 1289 2727; x_wconf 66' lang='lat' dir='ltr'><strong>neuris)</strong></span> <span class='ocrx_word' id='word_1_331' title='bbox 1315 2657 1397 2713; x_wconf 78' lang='lat' dir='ltr'><strong>furiet</strong></span> <span class='ocrx_word' id='word_1_332' title='bbox 1418 2657 1471 2729; x_wconf 76' lang='lat' dir='ltr'><strong>¹⁴i2⁴</strong></span> <span class='ocrx_word' id='word_1_333' title='bbox 1490 2674 1539 2713; x_wconf 88' lang='lat' dir='ltr'><strong>ssu</strong></span> <span class='ocrx_word' id='word_1_334' title='bbox 1562 2658 1620 2726; x_wconf 64' lang='lat' dir='ltr'><strong>’im</strong></span> 
     </span>
     <span class='ocr_line' id='line_1_29' title="bbox 266 2730 1620 2809; baseline 0.004 -23"><span class='ocrx_word' id='word_1_335' title='bbox 266 2730 456 2790; x_wconf 77' lang='lat' dir='ltr'><strong>inconcinnum</strong></span> <span class='ocrx_word' id='word_1_336' title='bbox 474 2737 659 2808; x_wconf 73' lang='lat' dir='ltr'><strong>interuallum,</strong></span> <span class='ocrx_word' id='word_1_337' title='bbox 686 2737 786 2793; x_wconf 89' lang='lat' dir='ltr'><strong>nedum</strong></span> <span class='ocrx_word' id='word_1_338' title='bbox 803 2738 1003 2808; x_wconf 79' lang='lat' dir='ltr'><strong>harmonicum,</strong></span> <span class='ocrx_word' id='word_1_339' title='bbox 1030 2742 1106 2794; x_wconf 77' lang='lat' dir='ltr'><strong>utet</strong></span> <span class='ocrx_word' id='word_1_340' title='bbox 1125 2737 1170 2809; x_wconf 58' lang='lat' dir='ltr'><strong>&#39;io</strong></span> <span class='ocrx_word' id='word_1_341' title='bbox 1205 2737 1259 2794; x_wconf 85' lang='lat' dir='ltr'><strong>Est</strong></span> <span class='ocrx_word' id='word_1_342' title='bbox 1281 2754 1307 2792; x_wconf 91' lang='lat' dir='ltr'><strong>n.</strong></span> <span class='ocrx_word' id='word_1_343' title='bbox 1325 2737 1463 2792; x_wconf 89' lang='lat' dir='ltr'><strong>dissonum</strong></span> <span class='ocrx_word' id='word_1_344' title='bbox 1483 2745 1511 2792; x_wconf 89' lang='lat' dir='ltr'><strong>et</strong></span> <span class='ocrx_word' id='word_1_345' title='bbox 1526 2738 1620 2793; x_wconf 84' lang='lat' dir='ltr'><strong>iunon-</strong></span> 
     </span>
     <span class='ocr_line' id='line_1_30' title="bbox 268 2811 1622 2885; baseline 0.008 -21"><span class='ocrx_word' id='word_1_346' title='bbox 268 2811 375 2867; x_wconf 87' lang='lat' dir='ltr'><strong>cinnum</strong></span> <span class='ocrx_word' id='word_1_347' title='bbox 394 2815 522 2885; x_wconf 86' lang='lat' dir='ltr'><strong>quiequid</strong></span> <span class='ocrx_word' id='word_1_348' title='bbox 540 2823 583 2871; x_wconf 90' lang='lat' dir='ltr'><strong>est</strong></span> <span class='ocrx_word' id='word_1_349' title='bbox 599 2823 670 2872; x_wconf 89' lang='lat' dir='ltr'><strong>rnter</strong></span> <span class='ocrx_word' id='word_1_350' title='bbox 687 2816 720 2885; x_wconf 62' lang='lat' dir='ltr'><strong>ll,</strong></span> <span class='ocrx_word' id='word_1_351' title='bbox 739 2825 766 2872; x_wconf 89' lang='lat' dir='ltr'><strong>et</strong></span> <span class='ocrx_word' id='word_1_352' title='bbox 784 2816 831 2885; x_wconf 53' lang='grc' dir='ltr'><strong>Ἰ..</strong></span> <span class='ocrx_word' id='word_1_353' title='bbox 859 2824 891 2873; x_wconf 88' lang='lat' dir='ltr'><strong>ut</strong></span> <span class='ocrx_word' id='word_1_354' title='bbox 915 2816 960 2872; x_wconf 85' lang='lat' dir='ltr'><strong>hie</strong></span> <span class='ocrx_word' id='word_1_355' title='bbox 977 2819 1018 2885; x_wconf 47' lang='grc' dir='ltr'><strong>Ἰν</strong></span> <span class='ocrx_word' id='word_1_356' title='bbox 1055 2817 1109 2873; x_wconf 81' lang='lat' dir='ltr'><strong>Sed</strong></span> <span class='ocrx_word' id='word_1_357' title='bbox 1134 2834 1186 2873; x_wconf 84' lang='lat' dir='ltr'><strong>nee</strong></span> <span class='ocrx_word' id='word_1_358' title='bbox 1207 2817 1375 2873; x_wconf 86' lang='lat' dir='ltr'><strong>ullusulius</strong></span> <span class='ocrx_word' id='word_1_359' title='bbox 1393 2817 1510 2872; x_wconf 80' lang='lat' dir='ltr'><strong>Telluris</strong></span> <span class='ocrx_word' id='word_1_360' title='bbox 1528 2826 1622 2875; x_wconf 86' lang='lat' dir='ltr'><strong>motus</strong></span> 
     </span>
     <span class='ocr_line' id='line_1_31' title="bbox 268 2892 1622 2968; baseline 0.004 -25"><span class='ocrx_word' id='word_1_361' title='bbox 268 2892 433 2947; x_wconf 81' lang='lat' dir='ltr'><strong>eonoordure</strong></span> <span class='ocrx_word' id='word_1_362' title='bbox 450 2900 542 2964; x_wconf 84' lang='lat' dir='ltr'><strong>potest</strong></span> <span class='ocrx_word' id='word_1_363' title='bbox 561 2910 622 2950; x_wconf 86' lang='lat' dir='ltr'><strong>enm</strong></span> <span class='ocrx_word' id='word_1_364' title='bbox 640 2894 748 2965; x_wconf 86' lang='lat' dir='ltr'><strong>spbelio</strong></span> <span class='ocrx_word' id='word_1_365' title='bbox 765 2896 872 2953; x_wconf 80' lang='lat' dir='ltr'><strong>Mortis.</strong></span> <span class='ocrx_word' id='word_1_366' title='bbox 907 2896 977 2951; x_wconf 80' lang='lat' dir='ltr'><strong>Num</strong></span> <span class='ocrx_word' id='word_1_367' title='bbox 995 2896 1199 2968; x_wconf 79' lang='lat' dir='ltr'><strong>supradictum,</strong></span> <span class='ocrx_word' id='word_1_368' title='bbox 1218 2896 1291 2966; x_wconf 90' lang='lat' dir='ltr'><strong>qnod</strong></span> <span class='ocrx_word' id='word_1_369' title='bbox 1309 2896 1333 2951; x_wconf 92' lang='lat' dir='ltr'><strong>is</strong></span> <span class='ocrx_word' id='word_1_370' title='bbox 1351 2912 1412 2951; x_wconf 88' lang='lat' dir='ltr'><strong>oum</strong></span> <span class='ocrx_word' id='word_1_371' title='bbox 1430 2895 1539 2965; x_wconf 86' lang='lat' dir='ltr'><strong>ephelio</strong></span> <span class='ocrx_word' id='word_1_372' title='bbox 1557 2895 1622 2950; x_wconf 88' lang='lat' dir='ltr'><strong>Tel·</strong></span> 
     </span>
     <span class='ocr_line' id='line_1_32' title="bbox 268 2969 1622 3045; baseline 0.005 -22"><span class='ocrx_word' id='word_1_373' title='bbox 268 2969 335 3024; x_wconf 90' lang='lat' dir='ltr'><strong>luris</strong></span> <span class='ocrx_word' id='word_1_374' title='bbox 353 2969 435 3027; x_wconf 83' lang='lat' dir='ltr'><strong>iseiut</strong></span> <span class='ocrx_word' id='word_1_375' title='bbox 455 2973 509 3042; x_wconf 52' lang='grc' dir='ltr'><strong>’δίῃ</strong></span> <span class='ocrx_word' id='word_1_376' title='bbox 528 2974 717 3030; x_wconf 87' lang='lat' dir='ltr'><strong>ineoueinunm</strong></span> <span class='ocrx_word' id='word_1_377' title='bbox 736 2975 925 3043; x_wconf 60' lang='lat' dir='ltr'><strong>[dissimuletis</strong></span> <span class='ocrx_word' id='word_1_378' title='bbox 953 2976 1083 3044; x_wconf 74' lang='lat' dir='ltr'><strong>ootsrislr</strong></span> <span class='ocrx_word' id='word_1_379' title='bbox 1107 2975 1165 3045; x_wconf 83' lang='lat' dir='ltr'><strong>jsm</strong></span> <span class='ocrx_word' id='word_1_380' title='bbox 1183 2990 1247 3031; x_wconf 86' lang='lat' dir='ltr'><strong>rsro</strong></span> <span class='ocrx_word' id='word_1_381' title='bbox 1265 2991 1283 3030; x_wconf 76' lang='lat' dir='ltr'><strong>s</strong></span> <span class='ocrx_word' id='word_1_382' title='bbox 1299 2977 1331 3042; x_wconf 66' lang='lat'><strong>⁶1,</strong></span> <span class='ocrx_word' id='word_1_383' title='bbox 1350 2974 1392 3030; x_wconf 83' lang='lat' dir='ltr'><strong>rei</strong></span> <span class='ocrx_word' id='word_1_384' title='bbox 1412 2973 1467 3041; x_wconf 57' lang='grc' dir='ltr'><strong>Ὗ,</strong></span> <span class='ocrx_word' id='word_1_385' title='bbox 1485 2975 1622 3043; x_wconf 85' lang='lat' dir='ltr'><strong>usquein</strong></span> 
     </span>
     <span class='ocr_line' id='line_1_33' title="bbox 269 3047 1121 3117; baseline 0.002 -11"><span class='ocrx_word' id='word_1_386' title='bbox 269 3047 325 3117; x_wconf 62' lang='lat' dir='ltr'><strong>”lm</strong></span> <span class='ocrx_word' id='word_1_387' title='bbox 353 3052 443 3106; x_wconf 88' lang='lat' dir='ltr'><strong>omnis</strong></span> <span class='ocrx_word' id='word_1_388' title='bbox 469 3060 533 3109; x_wconf 88' lang='lat' dir='ltr'><strong>suut</strong></span> <span class='ocrx_word' id='word_1_389' title='bbox 550 3054 656 3108; x_wconf 87' lang='lat' dir='ltr'><strong>minors</strong></span> <span class='ocrx_word' id='word_1_390' title='bbox 672 3053 781 3109; x_wconf 91' lang='lat' dir='ltr'><strong>minimo</strong></span> <span class='ocrx_word' id='word_1_391' title='bbox 800 3054 941 3110; x_wconf 78' lang='lat' dir='ltr'><strong>intervallo</strong></span> <span class='ocrx_word' id='word_1_392' title='bbox 958 3053 1121 3109; x_wconf 80' lang='lat' dir='ltr'><strong>bsmonioo.</strong></span> 
     </span>
    </p>

    <p class='ocr_par' dir='ltr' id='par_1_5' title="bbox 269 3156 1622 3502">
     <span class='ocr_line' id='line_1_34' title="bbox 356 3156 1621 3241; baseline 0.002 -21"><span class='ocrx_word' id='word_1_393' title='bbox 356 3158 600 3223; x_wconf 76' lang='lat' dir='ltr'><strong>corollarium</strong></span> <span class='ocrx_word' id='word_1_394' title='bbox 623 3162 735 3223; x_wconf 87' lang='lat' dir='ltr'><strong>XLIV.</strong></span> <span class='ocrx_word' id='word_1_395' title='bbox 781 3162 868 3223; x_wconf 84' lang='lat' dir='ltr'><strong>Petet</strong></span> <span class='ocrx_word' id='word_1_396' title='bbox 890 3164 979 3239; x_wconf 79' lang='lat' dir='ltr'><strong>igitur</strong></span> <span class='ocrx_word' id='word_1_397' title='bbox 1001 3179 1036 3221; x_wconf 80' lang='lat' dir='ltr'><strong>ex</strong></span> <span class='ocrx_word' id='word_1_398' title='bbox 1058 3161 1115 3222; x_wconf 78' lang='lat' dir='ltr'><strong>bae</strong></span> <span class='ocrx_word' id='word_1_399' title='bbox 1137 3178 1220 3240; x_wconf 85' lang='lat' dir='ltr'><strong>prop.</strong></span> <span class='ocrx_word' id='word_1_400' title='bbox 1235 3156 1286 3221; x_wconf 76' lang='grc'><strong>43.</strong></span> <span class='ocrx_word' id='word_1_401' title='bbox 1309 3159 1346 3221; x_wconf 90' lang='lat' dir='ltr'><strong>de</strong></span> <span class='ocrx_word' id='word_1_402' title='bbox 1360 3159 1440 3221; x_wconf 86' lang='lat' dir='ltr'><strong>Jove</strong></span> <span class='ocrx_word' id='word_1_403' title='bbox 1462 3169 1492 3222; x_wconf 89' lang='lat' dir='ltr'><strong>et</strong></span> <span class='ocrx_word' id='word_1_404' title='bbox 1513 3161 1621 3241; x_wconf 79' lang='lat' dir='ltr'><strong>Marte,</strong></span> 
     </span>
     <span class='ocr_line' id='line_1_35' title="bbox 269 3246 1622 3324; baseline 0.003 -18"><span class='ocrx_word' id='word_1_405' title='bbox 269 3254 358 3306; x_wconf 81' lang='lat' dir='ltr'><strong>etex</strong></span> <span class='ocrx_word' id='word_1_406' title='bbox 381 3248 431 3312; x_wconf 74' lang='lat'><strong>39.</strong></span> <span class='ocrx_word' id='word_1_407' title='bbox 453 3248 489 3310; x_wconf 90' lang='lat' dir='ltr'><strong>de</strong></span> <span class='ocrx_word' id='word_1_408' title='bbox 512 3250 638 3310; x_wconf 85' lang='lat' dir='ltr'><strong>Saturno</strong></span> <span class='ocrx_word' id='word_1_409' title='bbox 662 3261 692 3310; x_wconf 88' lang='lat' dir='ltr'><strong>et</strong></span> <span class='ocrx_word' id='word_1_410' title='bbox 712 3248 806 3324; x_wconf 83' lang='lat' dir='ltr'><strong>dore,</strong></span> <span class='ocrx_word' id='word_1_411' title='bbox 837 3257 866 3309; x_wconf 91' lang='lat' dir='ltr'><strong>et</strong></span> <span class='ocrx_word' id='word_1_412' title='bbox 887 3267 924 3309; x_wconf 84' lang='lat' dir='ltr'><strong>er</strong></span> <span class='ocrx_word' id='word_1_413' title='bbox 947 3251 997 3310; x_wconf 85' lang='grc'><strong>36.</strong></span> <span class='ocrx_word' id='word_1_414' title='bbox 1019 3247 1056 3309; x_wconf 88' lang='lat' dir='ltr'><strong>de</strong></span> <span class='ocrx_word' id='word_1_415' title='bbox 1078 3247 1158 3309; x_wconf 86' lang='lat' dir='ltr'><strong>Jove</strong></span> <span class='ocrx_word' id='word_1_416' title='bbox 1180 3257 1210 3309; x_wconf 88' lang='lat' dir='ltr'><strong>et</strong></span> <span class='ocrx_word' id='word_1_417' title='bbox 1231 3246 1367 3322; x_wconf 81' lang='lat' dir='ltr'><strong>Tellure,</strong></span> <span class='ocrx_word' id='word_1_418' title='bbox 1396 3255 1426 3309; x_wconf 89' lang='lat' dir='ltr'><strong>et</strong></span> <span class='ocrx_word' id='word_1_419' title='bbox 1448 3267 1484 3309; x_wconf 83' lang='lat' dir='ltr'><strong>ex</strong></span> <span class='ocrx_word' id='word_1_420' title='bbox 1508 3251 1558 3309; x_wconf 75' lang='lat'><strong>32.</strong></span> <span class='ocrx_word' id='word_1_421' title='bbox 1584 3249 1622 3311; x_wconf 89' lang='lat' dir='ltr'><strong>de</strong></span> 
     </span>
     <span class='ocr_line' id='line_1_36' title="bbox 269 3332 1622 3416; baseline 0.003 -23"><span class='ocrx_word' id='word_1_422' title='bbox 269 3332 413 3407; x_wconf 66' lang='lat' dir='ltr'><strong>Saturno,</strong></span> <span class='ocrx_word' id='word_1_423' title='bbox 437 3353 487 3396; x_wconf 88' lang='lat' dir='ltr'><strong>eur</strong></span> <span class='ocrx_word' id='word_1_424' title='bbox 509 3355 599 3416; x_wconf 75' lang='lat' dir='ltr'><strong>supra</strong></span> <span class='ocrx_word' id='word_1_425' title='bbox 619 3352 684 3415; x_wconf 80' lang='lat' dir='ltr'><strong>etp.</strong></span> <span class='ocrx_word' id='word_1_426' title='bbox 703 3339 931 3415; x_wconf 66' lang='lat' dir='ltr'><strong>opimentum</strong></span> <span class='ocrx_word' id='word_1_427' title='bbox 945 3345 1042 3397; x_wconf 90' lang='lat' dir='ltr'><strong>motus</strong></span> <span class='ocrx_word' id='word_1_428' title='bbox 1057 3344 1202 3398; x_wconf 84' lang='lat' dir='ltr'><strong>extremos</strong></span> <span class='ocrx_word' id='word_1_429' title='bbox 1224 3352 1321 3412; x_wconf 83' lang='lat' dir='ltr'><strong>neque</strong></span> <span class='ocrx_word' id='word_1_430' title='bbox 1342 3352 1445 3396; x_wconf 83' lang='lat' dir='ltr'><strong>ornnes</strong></span> <span class='ocrx_word' id='word_1_431' title='bbox 1467 3335 1506 3395; x_wconf 83' lang='lat' dir='ltr'><strong>sd</strong></span> <span class='ocrx_word' id='word_1_432' title='bbox 1528 3355 1622 3397; x_wconf 91' lang='lat' dir='ltr'><strong>uuum</strong></span> 
     </span>
     <span class='ocr_line' id='line_1_37' title="bbox 270 3422 1620 3502; baseline 0.004 -25"><span class='ocrx_word' id='word_1_433' title='bbox 270 3429 401 3498; x_wconf 77' lang='lat' dir='ltr'><strong>systema</strong></span> <span class='ocrx_word' id='word_1_434' title='bbox 422 3425 555 3486; x_wconf 77' lang='lat' dir='ltr'><strong>naturale</strong></span> <span class='ocrx_word' id='word_1_435' title='bbox 578 3443 630 3486; x_wconf 87' lang='lat' dir='ltr'><strong>seu</strong></span> <span class='ocrx_word' id='word_1_436' title='bbox 653 3425 763 3486; x_wconf 84' lang='lat' dir='ltr'><strong>sosium</strong></span> <span class='ocrx_word' id='word_1_437' title='bbox 778 3427 921 3485; x_wconf 81' lang='lat' dir='ltr'><strong>musicum</strong></span> <span class='ocrx_word' id='word_1_438' title='bbox 942 3425 1151 3501; x_wconf 81' lang='lat' dir='ltr'><strong>perfectissime</strong></span> <span class='ocrx_word' id='word_1_439' title='bbox 1166 3422 1402 3484; x_wconf 77' lang='lat' dir='ltr'><strong>accommodatos</strong></span> <span class='ocrx_word' id='word_1_440' title='bbox 1415 3440 1490 3502; x_wconf 87' lang='lat' dir='ltr'><strong>esse,</strong></span> <span class='ocrx_word' id='word_1_441' title='bbox 1513 3441 1620 3502; x_wconf 84' lang='lat' dir='ltr'><strong>neque,</strong></span> 
     </span>
    </p>
   </div>
   <div class='ocr_carea' id='block_1_4' title="bbox 269 3509 1621 3663">
    <p class='ocr_par' dir='ltr' id='par_1_6' title="bbox 269 3509 1621 3663">
     <span class='ocr_line' id='line_1_38' title="bbox 270 3509 1620 3589; baseline 0.004 -23"><span class='ocrx_word' id='word_1_442' title='bbox 270 3509 320 3584; x_wconf 85' lang='lat' dir='ltr'><strong>qui</strong></span> <span class='ocrx_word' id='word_1_443' title='bbox 344 3509 383 3569; x_wconf 85' lang='lat' dir='ltr'><strong>sd</strong></span> <span class='ocrx_word' id='word_1_444' title='bbox 405 3521 535 3589; x_wconf 75' lang='lat' dir='ltr'><strong>systema</strong></span> <span class='ocrx_word' id='word_1_445' title='bbox 557 3514 698 3574; x_wconf 88' lang='lat' dir='ltr'><strong>tensionis</strong></span> <span class='ocrx_word' id='word_1_446' title='bbox 720 3513 852 3589; x_wconf 88' lang='lat' dir='ltr'><strong>ejusdem</strong></span> <span class='ocrx_word' id='word_1_447' title='bbox 875 3511 1090 3573; x_wconf 78' lang='lat' dir='ltr'><strong>accommodati</strong></span> <span class='ocrx_word' id='word_1_448' title='bbox 1113 3522 1203 3584; x_wconf 76' lang='lat' dir='ltr'><strong>eraut</strong></span> <span class='ocrx_word' id='word_1_449' title='bbox 1239 3527 1340 3570; x_wconf 87' lang='lat' dir='ltr'><strong>omues</strong></span> <span class='ocrx_word' id='word_1_450' title='bbox 1362 3510 1428 3570; x_wconf 82' lang='lat' dir='ltr'><strong>iiius</strong></span> <span class='ocrx_word' id='word_1_451' title='bbox 1451 3510 1517 3571; x_wconf 78' lang='lat' dir='ltr'><strong>locs</strong></span> <span class='ocrx_word' id='word_1_452' title='bbox 1539 3510 1620 3572; x_wconf 87' lang='lat' dir='ltr'><strong>iilius</strong></span> 
     </span>
     <span class='ocr_line' id='line_1_39' title="bbox 269 3597 1621 3663; baseline 0.004 -8"><span class='ocrx_word' id='word_1_453' title='bbox 269 3597 394 3657; x_wconf 84' lang='lat' dir='ltr'><strong>usturnli</strong></span> <span class='ocrx_word' id='word_1_454' title='bbox 418 3601 530 3660; x_wconf 81' lang='lat' dir='ltr'><strong>ratione</strong></span> <span class='ocrx_word' id='word_1_455' title='bbox 560 3599 696 3663; x_wconf 72' lang='lat' dir='ltr'><strong>divisisse</strong></span> <span class='ocrx_word' id='word_1_456' title='bbox 724 3618 777 3660; x_wconf 90' lang='lat' dir='ltr'><strong>seu</strong></span> <span class='ocrx_word' id='word_1_457' title='bbox 805 3603 1021 3661; x_wconf 86' lang='lat' dir='ltr'><strong>suooessiouem</strong></span> <span class='ocrx_word' id='word_1_458' title='bbox 1054 3601 1260 3660; x_wconf 86' lang='lat' dir='ltr'><strong>oonoiuuorum</strong></span> <span class='ocrx_word' id='word_1_459' title='bbox 1289 3597 1509 3658; x_wconf 72' lang='lat' dir='ltr'><strong>intervallorum</strong></span> <span class='ocrx_word' id='word_1_460' title='bbox 1539 3618 1621 3661; x_wconf 85' lang='lat' dir='ltr'><strong>mere</strong></span> 
     </span>
    </p>
   </div>
   <div class='ocr_carea' id='block_1_5' title="bbox 172 3684 1621 3767">
    <p class='ocr_par' dir='ltr' id='par_1_7' title="bbox 172 3684 1621 3767">
     <span class='ocr_line' id='line_1_40' title="bbox 172 3684 1621 3767; baseline 0.003 -26"><span class='ocrx_word' id='word_1_461' title='bbox 172 3752 175 3763; x_wconf 85' lang='lat'><em>.</em></span> <span class='ocrx_word' id='word_1_462' title='bbox 263 3684 434 3746; x_wconf 51' lang='lat' dir='ltr'><strong>¹noturslem</strong></span> <span class='ocrx_word' id='word_1_463' title='bbox 456 3685 586 3749; x_wconf 86' lang='lat' dir='ltr'><strong>eiieoisse</strong></span> <span class='ocrx_word' id='word_1_464' title='bbox 608 3687 819 3767; x_wconf 87' lang='lat' dir='ltr'><strong>deprehensum</strong></span> <span class='ocrx_word' id='word_1_465' title='bbox 842 3690 889 3748; x_wconf 81' lang='lat' dir='ltr'><strong>sit</strong></span> <span class='ocrx_word' id='word_1_466' title='bbox 935 3686 1011 3748; x_wconf 84' lang='lat' dir='ltr'><strong>Nem</strong></span> <span class='ocrx_word' id='word_1_467' title='bbox 1037 3688 1150 3764; x_wconf 84' lang='lat' dir='ltr'><strong>priores</strong></span> <span class='ocrx_word' id='word_1_468' title='bbox 1171 3694 1241 3745; x_wconf 91' lang='lat' dir='ltr'><strong>suut</strong></span> <span class='ocrx_word' id='word_1_469' title='bbox 1269 3703 1391 3760; x_wconf 65' lang='lat' dir='ltr'><strong>musae,</strong></span> <span class='ocrx_word' id='word_1_470' title='bbox 1424 3686 1531 3762; x_wconf 85' lang='lat' dir='ltr'><strong>quibus</strong></span> <span class='ocrx_word' id='word_1_471' title='bbox 1553 3690 1621 3745; x_wconf 89' lang='lat' dir='ltr'><strong>siu·</strong></span> 
     </span>
    </p>
   </div>
   <div class='ocr_carea' id='block_1_6' title="bbox 269 3771 1621 3939">
    <p class='ocr_par' dir='ltr' id='par_1_8' title="bbox 269 3771 1621 3939">
     <span class='ocr_line' id='line_1_41' title="bbox 269 3771 1621 3851; baseline 0.003 -22"><span class='ocrx_word' id='word_1_472' title='bbox 269 3772 332 3848; x_wconf 73' lang='lat' dir='ltr'><strong>guli</strong></span> <span class='ocrx_word' id='word_1_473' title='bbox 354 3771 491 3849; x_wconf 79' lang='lat' dir='ltr'><strong>planetae</strong></span> <span class='ocrx_word' id='word_1_474' title='bbox 514 3776 646 3851; x_wconf 74' lang='lat' dir='ltr'><strong>singnies</strong></span> <span class='ocrx_word' id='word_1_475' title='bbox 669 3784 739 3834; x_wconf 90' lang='lat' dir='ltr'><strong>sunt</strong></span> <span class='ocrx_word' id='word_1_476' title='bbox 759 3778 838 3835; x_wconf 84' lang='lat' dir='ltr'><strong>uasti</strong></span> <span class='ocrx_word' id='word_1_477' title='bbox 860 3775 1043 3849; x_wconf 74' lang='lat' dir='ltr'><strong>harmonius,</strong></span> <span class='ocrx_word' id='word_1_478' title='bbox 1078 3775 1184 3850; x_wconf 88' lang='lat' dir='ltr'><strong>quibus</strong></span> <span class='ocrx_word' id='word_1_479' title='bbox 1205 3782 1235 3833; x_wconf 89' lang='lat' dir='ltr'><strong>et</strong></span> <span class='ocrx_word' id='word_1_480' title='bbox 1257 3790 1358 3834; x_wconf 90' lang='lat' dir='ltr'><strong>omnes</strong></span> <span class='ocrx_word' id='word_1_481' title='bbox 1388 3773 1524 3851; x_wconf 77' lang='lat' dir='ltr'><strong>planetae</strong></span> <span class='ocrx_word' id='word_1_482' title='bbox 1547 3774 1621 3833; x_wconf 81' lang='lat' dir='ltr'><strong>ber·</strong></span> 
     </span>
     <span class='ocr_line' id='line_1_42' title="bbox 269 3858 1621 3939; baseline 0.002 -20"><span class='ocrx_word' id='word_1_483' title='bbox 269 3862 384 3920; x_wconf 84' lang='lat' dir='ltr'><strong>munias</strong></span> <span class='ocrx_word' id='word_1_484' title='bbox 405 3862 596 3934; x_wconf 81' lang='lat' dir='ltr'><strong>universales,</strong></span> <span class='ocrx_word' id='word_1_485' title='bbox 620 3862 726 3939; x_wconf 89' lang='lat' dir='ltr'><strong>quibus</strong></span> <span class='ocrx_word' id='word_1_486' title='bbox 750 3860 877 3939; x_wconf 87' lang='lat' dir='ltr'><strong>denique</strong></span> <span class='ocrx_word' id='word_1_487' title='bbox 897 3872 927 3922; x_wconf 87' lang='lat' dir='ltr'><strong>et</strong></span> <span class='ocrx_word' id='word_1_488' title='bbox 949 3861 1118 3922; x_wconf 80' lang='lat' dir='ltr'><strong>barmoniae</strong></span> <span class='ocrx_word' id='word_1_489' title='bbox 1140 3861 1321 3921; x_wconf 84' lang='lat' dir='ltr'><strong>universales</strong></span> <span class='ocrx_word' id='word_1_490' title='bbox 1344 3858 1402 3919; x_wconf 91' lang='lat' dir='ltr'><strong>duo</strong></span> <span class='ocrx_word' id='word_1_491' title='bbox 1424 3878 1542 3937; x_wconf 76' lang='lat' dir='ltr'><strong>genera,</strong></span> <span class='ocrx_word' id='word_1_492' title='bbox 1566 3862 1621 3922; x_wconf 90' lang='lat' dir='ltr'><strong>du·</strong></span> 
     </span>
    </p>
   </div>
   <div class='ocr_carea' id='block_1_7' title="bbox 151 3946 1622 4028">
    <p class='ocr_par' dir='ltr' id='par_1_9' title="bbox 151 3946 1622 4028">
     <span class='ocr_line' id='line_1_43' title="bbox 151 3946 1622 4028; baseline 0.001 -22"><span class='ocrx_word' id='word_1_493' title='bbox 151 3976 157 3995; x_wconf 74' lang='lat'>=</span> <span class='ocrx_word' id='word_1_494' title='bbox 270 3964 335 4006; x_wconf 87' lang='lat' dir='ltr'><strong>rum</strong></span> <span class='ocrx_word' id='word_1_495' title='bbox 359 3954 389 4007; x_wconf 85' lang='lat' dir='ltr'><strong>et</strong></span> <span class='ocrx_word' id='word_1_496' title='bbox 410 3948 515 4009; x_wconf 81' lang='lat' dir='ltr'><strong>molier</strong></span> <span class='ocrx_word' id='word_1_497' title='bbox 538 3952 645 4026; x_wconf 90' lang='lat' dir='ltr'><strong>qulbus</strong></span> <span class='ocrx_word' id='word_1_498' title='bbox 667 3951 781 4028; x_wconf 88' lang='lat' dir='ltr'><strong>positis,</strong></span> <span class='ocrx_word' id='word_1_499' title='bbox 801 3950 864 4027; x_wconf 81' lang='lat' dir='ltr'><strong>jum</strong></span> <span class='ocrx_word' id='word_1_500' title='bbox 879 3950 1034 4028; x_wconf 85' lang='lat' dir='ltr'><strong>impeditur</strong></span> <span class='ocrx_word' id='word_1_501' title='bbox 1048 3946 1459 4009; x_wconf 83' lang='lat' dir='ltr'><strong>omnimodaeceommodetio</strong></span> <span class='ocrx_word' id='word_1_502' title='bbox 1475 3947 1512 4008; x_wconf 82' lang='lat' dir='ltr'><strong>ed</strong></span> <span class='ocrx_word' id='word_1_503' title='bbox 1528 3966 1622 4009; x_wconf 90' lang='lat' dir='ltr'><strong>uuum</strong></span> 
     </span>
    </p>
   </div>
   <div class='ocr_carea' id='block_1_8' title="bbox 270 4034 1626 4640">
    <p class='ocr_par' dir='ltr' id='par_1_10' title="bbox 270 4034 1626 4640">
     <span class='ocr_line' id='line_1_44' title="bbox 270 4034 1620 4115; baseline 0.004 -23"><span class='ocrx_word' id='word_1_504' title='bbox 270 4035 403 4095; x_wconf 83' lang='lat' dir='ltr'><strong>netureie</strong></span> <span class='ocrx_word' id='word_1_505' title='bbox 426 4044 564 4114; x_wconf 85' lang='lat' dir='ltr'><strong>systema.</strong></span> <span class='ocrx_word' id='word_1_506' title='bbox 610 4035 722 4113; x_wconf 84' lang='lat' dir='ltr'><strong>Quodsi</strong></span> <span class='ocrx_word' id='word_1_507' title='bbox 745 4037 813 4098; x_wconf 83' lang='lat' dir='ltr'><strong>illue</strong></span> <span class='ocrx_word' id='word_1_508' title='bbox 837 4055 944 4098; x_wconf 83' lang='lat' dir='ltr'><strong>censes</strong></span> <span class='ocrx_word' id='word_1_509' title='bbox 960 4054 1019 4097; x_wconf 88' lang='lat' dir='ltr'><strong>uon</strong></span> <span class='ocrx_word' id='word_1_510' title='bbox 1034 4038 1261 4115; x_wconf 72' lang='lat' dir='ltr'><strong>praeeessissent</strong></span> <span class='ocrx_word' id='word_1_511' title='bbox 1282 4038 1463 4108; x_wconf 78' lang='lat' dir='ltr'><strong>necessario,</strong></span> <span class='ocrx_word' id='word_1_512' title='bbox 1495 4034 1620 4097; x_wconf 90' lang='lat' dir='ltr'><strong>dubium</strong></span> 
     </span>
     <span class='ocr_line' id='line_1_45' title="bbox 273 4108 1623 4204; baseline 0.004 -24"><span class='ocrx_word' id='word_1_513' title='bbox 273 4121 384 4181; x_wconf 91' lang='lat' dir='ltr'><strong>nullum</strong></span> <span class='ocrx_word' id='word_1_514' title='bbox 402 4108 468 4196; x_wconf 68' lang='lat' dir='ltr'><strong>est,</strong></span> <span class='ocrx_word' id='word_1_515' title='bbox 501 4126 571 4200; x_wconf 82' lang='lat' dir='ltr'><strong>quin</strong></span> <span class='ocrx_word' id='word_1_516' title='bbox 594 4123 642 4183; x_wconf 84' lang='lat' dir='ltr'><strong>rel</strong></span> <span class='ocrx_word' id='word_1_517' title='bbox 665 4142 755 4185; x_wconf 90' lang='lat' dir='ltr'><strong>uuum</strong></span> <span class='ocrx_word' id='word_1_518' title='bbox 777 4133 908 4204; x_wconf 85' lang='lat' dir='ltr'><strong>systema</strong></span> <span class='ocrx_word' id='word_1_519' title='bbox 931 4142 1051 4202; x_wconf 86' lang='lat' dir='ltr'><strong>uuuque</strong></span> <span class='ocrx_word' id='word_1_520' title='bbox 1080 4124 1144 4200; x_wconf 86' lang='lat' dir='ltr'><strong>ejus</strong></span> <span class='ocrx_word' id='word_1_521' title='bbox 1166 4125 1261 4182; x_wconf 85' lang='lat' dir='ltr'><strong>tensio</strong></span> <span class='ocrx_word' id='word_1_522' title='bbox 1284 4121 1466 4201; x_wconf 83' lang='lat' dir='ltr'><strong>planetarum</strong></span> <span class='ocrx_word' id='word_1_523' title='bbox 1489 4126 1623 4185; x_wconf 90' lang='lat' dir='ltr'><strong>omnium</strong></span> 
     </span>
     <span class='ocr_line' id='line_1_46' title="bbox 271 4211 1623 4290; baseline 0.002 -21"><span class='ocrx_word' id='word_1_524' title='bbox 271 4216 367 4269; x_wconf 88' lang='lat' dir='ltr'><strong>motus</strong></span> <span class='ocrx_word' id='word_1_525' title='bbox 390 4218 534 4272; x_wconf 83' lang='lat' dir='ltr'><strong>extremos</strong></span> <span class='ocrx_word' id='word_1_526' title='bbox 556 4214 740 4290; x_wconf 80' lang='lat' dir='ltr'><strong>complexum</strong></span> <span class='ocrx_word' id='word_1_527' title='bbox 763 4222 855 4290; x_wconf 83' lang='lat' dir='ltr'><strong>esset3</strong></span> <span class='ocrx_word' id='word_1_528' title='bbox 889 4212 936 4274; x_wconf 86' lang='lat' dir='ltr'><strong>vel</strong></span> <span class='ocrx_word' id='word_1_529' title='bbox 960 4216 984 4272; x_wconf 93' lang='lat' dir='ltr'><strong>si</strong></span> <span class='ocrx_word' id='word_1_530' title='bbox 1014 4212 1129 4272; x_wconf 88' lang='lat' dir='ltr'><strong>duobus</strong></span> <span class='ocrx_word' id='word_1_531' title='bbox 1160 4211 1369 4289; x_wconf 82' lang='lat' dir='ltr'><strong>systematibus</strong></span> <span class='ocrx_word' id='word_1_532' title='bbox 1392 4227 1466 4288; x_wconf 87' lang='lat' dir='ltr'><strong>opus</strong></span> <span class='ocrx_word' id='word_1_533' title='bbox 1488 4211 1544 4270; x_wconf 89' lang='lat' dir='ltr'><strong>iuit</strong></span> <span class='ocrx_word' id='word_1_534' title='bbox 1566 4231 1623 4290; x_wconf 92' lang='lat' dir='ltr'><strong>pro</strong></span> 
     </span>
     <span class='ocr_line' id='line_1_47' title="bbox 271 4296 1623 4377; baseline 0.001 -20"><span class='ocrx_word' id='word_1_535' title='bbox 271 4296 386 4357; x_wconf 91' lang='lat' dir='ltr'><strong>duobus</strong></span> <span class='ocrx_word' id='word_1_536' title='bbox 410 4305 512 4359; x_wconf 85' lang='lat' dir='ltr'><strong>eentus</strong></span> <span class='ocrx_word' id='word_1_537' title='bbox 535 4301 709 4377; x_wconf 81' lang='lat' dir='ltr'><strong>generibus,</strong></span> <span class='ocrx_word' id='word_1_538' title='bbox 745 4298 817 4360; x_wconf 90' lang='lat' dir='ltr'><strong>duro</strong></span> <span class='ocrx_word' id='word_1_539' title='bbox 840 4308 869 4361; x_wconf 87' lang='lat' dir='ltr'><strong>st</strong></span> <span class='ocrx_word' id='word_1_540' title='bbox 891 4300 989 4374; x_wconf 87' lang='lat' dir='ltr'><strong>molli,</strong></span> <span class='ocrx_word' id='word_1_541' title='bbox 1024 4316 1082 4359; x_wconf 90' lang='lat' dir='ltr'><strong>uon</strong></span> <span class='ocrx_word' id='word_1_542' title='bbox 1104 4301 1134 4356; x_wconf 93' lang='lat' dir='ltr'><strong>in</strong></span> <span class='ocrx_word' id='word_1_543' title='bbox 1157 4297 1250 4358; x_wconf 83' lang='lat' dir='ltr'><strong>ultera</strong></span> <span class='ocrx_word' id='word_1_544' title='bbox 1272 4304 1385 4357; x_wconf 85' lang='lat' dir='ltr'><strong>tentum</strong></span> <span class='ocrx_word' id='word_1_545' title='bbox 1406 4301 1522 4375; x_wconf 82' lang='lat' dir='ltr'><strong>generis</strong></span> <span class='ocrx_word' id='word_1_546' title='bbox 1545 4297 1623 4375; x_wconf 88' lang='lat' dir='ltr'><strong>duri,</strong></span> 
     </span>
     <span class='ocr_line' id='line_1_48' title="bbox 271 4384 1626 4464; baseline 0.001 -19"><span class='ocrx_word' id='word_1_547' title='bbox 271 4387 323 4447; x_wconf 89' lang='lat' dir='ltr'><strong>sed</strong></span> <span class='ocrx_word' id='word_1_548' title='bbox 347 4389 435 4447; x_wconf 82' lang='lat' dir='ltr'><strong>etiam</strong></span> <span class='ocrx_word' id='word_1_549' title='bbox 458 4389 487 4444; x_wconf 90' lang='lat' dir='ltr'><strong>in</strong></span> <span class='ocrx_word' id='word_1_550' title='bbox 509 4388 623 4464; x_wconf 86' lang='lat' dir='ltr'><strong>relique</strong></span> <span class='ocrx_word' id='word_1_551' title='bbox 653 4388 767 4464; x_wconf 80' lang='lat' dir='ltr'><strong>generis</strong></span> <span class='ocrx_word' id='word_1_552' title='bbox 796 4388 892 4447; x_wconf 75' lang='lat' dir='ltr'><strong>rr‘roliis</strong></span> <span class='ocrx_word' id='word_1_553' title='bbox 922 4390 1084 4464; x_wconf 88' lang='lat' dir='ltr'><strong>ipsissimus</strong></span> <span class='ocrx_word' id='word_1_554' title='bbox 1112 4385 1183 4446; x_wconf 92' lang='lat' dir='ltr'><strong>ordo</strong></span> <span class='ocrx_word' id='word_1_555' title='bbox 1212 4385 1309 4446; x_wconf 83' lang='lat' dir='ltr'><strong>scuiee</strong></span> <span class='ocrx_word' id='word_1_556' title='bbox 1342 4384 1484 4444; x_wconf 80' lang='lat' dir='ltr'><strong>naturalis</strong></span> <span class='ocrx_word' id='word_1_557' title='bbox 1517 4387 1626 4447; x_wconf 87' lang='lat' dir='ltr'><strong>inisset</strong></span> 
     </span>
     <span class='ocr_line' id='line_1_49' title="bbox 272 4471 1626 4554; baseline -0.001 -19"><span class='ocrx_word' id='word_1_558' title='bbox 272 4491 432 4553; x_wconf 82' lang='lat' dir='ltr'><strong>expressus</strong></span> <span class='ocrx_word' id='word_1_559' title='bbox 478 4474 580 4535; x_wconf 86' lang='lat' dir='ltr'><strong>Habes</strong></span> <span class='ocrx_word' id='word_1_560' title='bbox 607 4477 696 4552; x_wconf 79' lang='lat' dir='ltr'><strong>igitur</strong></span> <span class='ocrx_word' id='word_1_561' title='bbox 723 4474 772 4535; x_wconf 89' lang='lat' dir='ltr'><strong>bie</strong></span> <span class='ocrx_word' id='word_1_562' title='bbox 802 4475 879 4535; x_wconf 88' lang='lat' dir='ltr'><strong>dioto</strong></span> <span class='ocrx_word' id='word_1_563' title='bbox 903 4491 966 4552; x_wconf 85' lang='lat' dir='ltr'><strong>esp.</strong></span> <span class='ocrx_word' id='word_1_564' title='bbox 991 4475 1020 4533; x_wconf 80' lang='lat'><strong>5.</strong></span> <span class='ocrx_word' id='word_1_565' title='bbox 1043 4476 1201 4554; x_wconf 77' lang='lat' dir='ltr'><strong>promissus</strong></span> <span class='ocrx_word' id='word_1_566' title='bbox 1232 4490 1335 4533; x_wconf 80' lang='lat' dir='ltr'><strong>census</strong></span> <span class='ocrx_word' id='word_1_567' title='bbox 1360 4471 1547 4533; x_wconf 87' lang='lat' dir='ltr'><strong>dissidiorum</strong></span> <span class='ocrx_word' id='word_1_568' title='bbox 1570 4492 1626 4553; x_wconf 88' lang='lat' dir='ltr'><strong>per</strong></span> 
     </span>
     <span class='ocr_line' id='line_1_50' title="bbox 272 4561 1067 4640; baseline -0.003 -18"><span class='ocrx_word' id='word_1_569' title='bbox 272 4563 401 4636; x_wconf 84' lang='lat' dir='ltr'><strong>minime,</strong></span> <span class='ocrx_word' id='word_1_570' title='bbox 424 4569 454 4622; x_wconf 89' lang='lat' dir='ltr'><strong>et</strong></span> <span class='ocrx_word' id='word_1_571' title='bbox 476 4564 610 4622; x_wconf 90' lang='lat' dir='ltr'><strong>omuibus</strong></span> <span class='ocrx_word' id='word_1_572' title='bbox 633 4561 752 4640; x_wconf 85' lang='lat' dir='ltr'><strong>quidem</strong></span> <span class='ocrx_word' id='word_1_573' title='bbox 774 4564 923 4622; x_wconf 75' lang='lat' dir='ltr'><strong>concionis</strong></span> <span class='ocrx_word' id='word_1_574' title='bbox 945 4563 1067 4620; x_wconf 72' lang='lat' dir='ltr'><strong>minus</strong></span> 
     </span>
    </p>
   </div>
   <div class='ocr_carea' id='block_1_9' title="bbox 276 4681 1626 4938">
    <p class='ocr_par' dir='ltr' id='par_1_11' title="bbox 276 4681 1626 4938">
     <span class='ocr_line' id='line_1_51' title="bbox 359 4681 1626 4764; baseline 0 -20"><span class='ocrx_word' id='word_1_575' title='bbox 359 4685 574 4764; x_wconf 89' lang='lat' dir='ltr'><strong>Propositio</strong></span> <span class='ocrx_word' id='word_1_576' title='bbox 597 4685 694 4747; x_wconf 85' lang='lat' dir='ltr'>XLV.</span> <span class='ocrx_word' id='word_1_577' title='bbox 740 4685 788 4745; x_wconf 79' lang='lat' dir='ltr'><strong>Ad</strong></span> <span class='ocrx_word' id='word_1_578' title='bbox 817 4701 998 4744; x_wconf 80' lang='lat' dir='ltr'><strong>communem</strong></span> <span class='ocrx_word' id='word_1_579' title='bbox 1030 4684 1170 4761; x_wconf 79' lang='lat' dir='ltr'><strong>meJorem</strong></span> <span class='ocrx_word' id='word_1_580' title='bbox 1193 4683 1315 4744; x_wconf 85' lang='lat' dir='ltr'><strong>Veneris</strong></span> <span class='ocrx_word' id='word_1_581' title='bbox 1341 4689 1371 4742; x_wconf 89' lang='lat' dir='ltr'><strong>et</strong></span> <span class='ocrx_word' id='word_1_582' title='bbox 1392 4681 1532 4743; x_wconf 81' lang='lat' dir='ltr'><strong>Mercurii</strong></span> <span class='ocrx_word' id='word_1_583' title='bbox 1559 4683 1626 4744; x_wconf 85' lang='lat' dir='ltr'><strong>dis-</strong></span> 
     </span>
     <span class='ocr_line' id='line_1_52' title="bbox 277 4770 1626 4850; baseline 0.001 -19"><span class='ocrx_word' id='word_1_584' title='bbox 277 4770 434 4848; x_wconf 82' lang='lat' dir='ltr'><strong>dispssou,</strong></span> <span class='ocrx_word' id='word_1_585' title='bbox 462 4790 516 4834; x_wconf 86' lang='lat' dir='ltr'><strong>neo</strong></span> <span class='ocrx_word' id='word_1_586' title='bbox 545 4792 605 4834; x_wconf 88' lang='lat' dir='ltr'><strong>non</strong></span> <span class='ocrx_word' id='word_1_587' title='bbox 635 4775 672 4835; x_wconf 88' lang='lat' dir='ltr'><strong>ed</strong></span> <span class='ocrx_word' id='word_1_588' title='bbox 696 4773 832 4837; x_wconf 88' lang='lat' dir='ltr'><strong>ideronrii</strong></span> <span class='ocrx_word' id='word_1_589' title='bbox 864 4773 953 4833; x_wconf 81' lang='lat' dir='ltr'><strong>etiem</strong></span> <span class='ocrx_word' id='word_1_590' title='bbox 981 4775 1143 4850; x_wconf 81' lang='lat' dir='ltr'><strong>proprism,</strong></span> <span class='ocrx_word' id='word_1_591' title='bbox 1173 4787 1263 4848; x_wconf 79' lang='lat' dir='ltr'><strong>supra</strong></span> <span class='ocrx_word' id='word_1_592' title='bbox 1290 4770 1434 4847; x_wconf 87' lang='lat' dir='ltr'><strong>prioribus</strong></span> <span class='ocrx_word' id='word_1_593' title='bbox 1457 4771 1626 4833; x_wconf 78' lang='lat' dir='ltr'><strong>rationibus</strong></span> 
     </span>
     <span class='ocr_line' id='line_1_53' title="bbox 276 4856 1625 4938; baseline 0.001 -18"><span class='ocrx_word' id='word_1_594' title='bbox 276 4874 359 4938; x_wconf 84' lang='lat' dir='ltr'><strong>prop.</strong></span> <span class='ocrx_word' id='word_1_595' title='bbox 385 4863 423 4920; x_wconf 76' lang='lat' dir='ltr'><strong>ri</strong></span> <span class='ocrx_word' id='word_1_596' title='bbox 448 4868 477 4923; x_wconf 86' lang='lat' dir='ltr'><strong>st</strong></span> <span class='ocrx_word' id='word_1_597' title='bbox 501 4861 736 4937; x_wconf 65' lang='lat' dir='ltr'><strong>restibulus,</strong></span> <span class='ocrx_word' id='word_1_598' title='bbox 766 4858 906 4921; x_wconf 75' lang='lat' dir='ltr'><strong>resedere</strong></span> <span class='ocrx_word' id='word_1_599' title='bbox 937 4861 1069 4936; x_wconf 86' lang='lat' dir='ltr'><strong>oportuit</strong></span> <span class='ocrx_word' id='word_1_600' title='bbox 1098 4857 1286 4921; x_wconf 81' lang='lat' dir='ltr'><strong>iuterrsiium</strong></span> <span class='ocrx_word' id='word_1_601' title='bbox 1312 4856 1436 4936; x_wconf 72' lang='lat' dir='ltr'><strong>ssquuio</strong></span> <span class='ocrx_word' id='word_1_602' title='bbox 1465 4857 1625 4921; x_wconf 57' lang='lat' dir='ltr'><strong>mansio</strong></span> 
     </span>
    </p>
   </div>
   <div class='ocr_carea' id='block_1_10' title="bbox 0 0 1790 5625">
    <p class='ocr_par' dir='ltr' id='par_1_12' title="bbox 0 0 1790 5625">
     <span class='ocr_line' id='line_1_54' title="bbox 0 0 1790 5625; baseline 0 0"><span class='ocrx_word' id='word_1_603' title='bbox 0 0 1790 5625; x_wconf 95' lang='lat' dir='ltr'><strong> </strong></span> 
     </span>
    </p>
   </div>
  </div>
 </body>
</html>
