3567 5625
59 2958 63 2967 '
156 2968 184 3023 in
206 2967 381 3043 suppositis,
412 2981 481 3042 ergo
513 2970 542 3023 et
572 2965 691 3039 junotae
717 2963 763 3023 ΗΙ
784 2963 822 3024 ad
846 2962 904 3024 GK
926 2973 956 3025 et
980 2965 1030 3024 FL
1052 2964 1090 3026 ad

671 415 754 473 liner
771 417 803 471 V.
833 416 922 487 Caput
938 416 989 471 111.
1202 407 1208 412 ’
1441 420 1501 481 281

240 595 462 657 Doeimotertio.
509 598 552 656 llx
575 598 744 675 praemissis
766 595 983 658 demonstratur
1003 594 1078 656 hese
1099 597 1277 674 propositio,
1310 597 1396 658 nobis
1417 595 1506 657 valde
1540 642 1542 646 .

154 686 319 745 necessaria
340 685 452 758 futura,
489 685 570 762 qnod
592 684 839 762 quemadmodum
865 685 1015 763 proportio
1037 683 1199 743 mediorum
1221 692 1353 744 motuum
1374 687 1405 744 iu
1427 686 1505 745 binis

153 771 280 851 planetis
310 781 356 832 est
385 773 579 849 sesquialtera
610 790 713 833 eversa
740 774 938 851 proportionis
967 772 1096 846 orbium,
1131 774 1173 831 sio
1202 774 1352 850 proportio
1382 772 1506 833 duorum
1634 767 1649 778 ⁴

153 862 359 938 apparentium
392 867 628 935 oonvergentium
661 867 855 921 extremorum
876 866 1017 926 motuum
1045 877 1161 936 semper
1190 858 1307 920 definiet
1338 877 1357 920 a
1388 861 1505 938 sesqui·

153 948 246 1008 altera
277 949 473 1025 proportionis
505 947 745 1024 intervallorum,
775 948 834 1007 illis
865 950 1000 1008 extremis
1030 947 1159 1007 motibus
1191 947 1443 1026 respondentium
1476 955 1506 1010 et

154 1037 325 1112 quantisper
347 1034 466 1113 quidem
498 1034 574 1096 duae
595 1037 799 1115 proportiones
822 1035 945 1097 dnomm
967 1034 1185 1096 intervallorum
1207 1036 1445 1113 respondentium
1467 1036 1506 1097 ad

155 1122 312 1183 intervalia
339 1121 397 1183 duo
428 1123 527 1183 media
548 1141 601 1184 sen
624 1123 662 1183 ad
690 1125 921 1185 semidiametros
954 1122 1077 1185 duorum
1107 1124 1220 1184 orbium
1249 1125 1372 1201 junctae
1394 1125 1506 1186 iaciunt

155 1214 250 1286 minus
267 1228 357 1287 quom
379 1209 528 1271 dimidiam
542 1213 736 1290 proportionis
759 1212 882 1288 orbium,
905 1214 1048 1292 tantisper
1063 1214 1210 1291 proportio
1226 1221 1358 1272 motuum
1381 1211 1505 1273 duomm

156 1306 351 1359 extremorum
373 1301 610 1372 consurgentium
633 1307 679 1360 est
699 1300 793 1376 maior
807 1301 996 1379 proportione
1017 1299 1256 1377 respondentium
1270 1300 1505 1375 intervallorum

155 1388 273 1447 sivero
303 1386 357 1446 illo
383 1405 495 1447 summa
526 1395 676 1463 superaret
706 1387 854 1448 dimidiam
887 1390 1084 1465 proportionis
1114 1388 1243 1463 orbium,
1276 1396 1346 1447 tuno
1374 1396 1505 1450 motuum

157 1476 397 1551 oouvergentinm
419 1477 568 1553 proportio
591 1474 674 1535 tieret
695 1478 790 1535 minor
811 1478 998 1554 proportione
1020 1492 1138 1535 snorum
1162 1476 1391 1537 intervaliomm.

240 1560 294 1621 Sit*
302 1563 416 1622 orbium
437 1565 587 1640 proportio
601 1562 670 1637 ΒΗ,
694 1562 758 1642 ΑΒ,
780 1572 913 1623 motuum
927 1563 1091 1624 mediorum
1485 1577 1490 1596 ¹

161 1652 311 1727 proportio
333 1648 395 1720 HI,
422 1649 504 1720 Fid,
537 1652 641 1726 prioris
671 1650 865 1727 sesquialtera
887 1667 1000 1711 eversa
1045 1650 1090 1711 Sit
1337 1633 1355 1687 4
1381 1632 1397 1688 ⁵
1424 1631 1483 1688 ⁸9

158 1738 345 1797 intervallum
367 1737 428 1798 illie
449 1739 599 1797 minimum
613 1740 659 1797 sni
673 1739 761 1812 orbis,
784 1755 825 1802 so.
838 1736 901 1811 OG,
924 1739 972 1797 hio
993 1740 1089 1798 maxi·
1325 1736 1357 1792 A.
1372 1738 1402 1791 Β,
1419 1739 1448 1793 c.
1461 1738 1493 1791 D.

155 1842 233 1885 mum
257 1827 315 1904 sui,
337 1842 379 1887 so.
397 1824 456 1899 BF,
480 1835 511 1885 et
528 1827 648 1904 junctae
669 1827 873 1904 proportiones
896 1825 955 1884 ΒΗ
976 1825 1015 1885 ad
1038 1821 1092 1886 OG

156 1920 185 1973 et
215 1913 268 1972 BF
300 1912 339 1971 ad
372 1913 425 1972 AB
457 1915 515 1971 sint
530 1911 532 1922 '
549 1915 643 1989 primo
675 1916 802 1974 minores
843 1913 964 1974 dimidia
998 1915 1091 1991 ipsius

155 1999 213 2060 BH
236 1999 275 2059 ad
300 2000 360 2058 AB.
406 1999 510 2076 Sitque
540 2007 637 2060 motus
666 2002 824 2080 superioris
853 2000 1012 2079 perihelius
1036 2020 1091 2081 ap·

154 2106 259 2167 parens
283 2086 356 2162 GK,
392 2089 534 2148 interioris
566 2087 701 2165 ephelius
724 2088 791 2164 FL,
824 2095 858 2148 ut
889 2091 948 2149 siut
969 2092 1091 2149 extremi

155 2183 375 2253 conserpentes.
427 2176 504 2235 Dioo
537 2178 753 2254 proportionem
785 2175 843 2237 GK
871 2176 910 2237 ad
942 2176 993 2236 FL
1024 2195 1090 2238 esse

154 2264 295 2340 maJorem
329 2265 516 2341 proportione
550 2262 603 2323 ΟΒ
618 2301 623 2310 =
638 2262 677 2322 ad
707 2263 758 2322 BF
790 2281 910 2338 eversa,
948 2267 1089 2324 minorem

155 2360 254 2411 tamen
282 2352 346 2426 ejus
373 2350 575 2427 sesquialtera
619 2351 695 2411 Nam
724 2354 874 2430 proportio
902 2350 949 2410 HI
971 2351 1009 2411 nd
1032 2351 1089 2411 GK

156 2447 199 2498 est
222 2437 313 2514 dupla
342 2441 537 2515 proportionis
560 2436 614 2498 ΟΒ
642 2438 680 2498 ad
703 2437 775 2512 ΒΗ,
806 2447 837 2499 et
866 2441 1015 2517 proportio
1039 2440 1089 2499 FL
1104 2454 1239 2507 iel-

157 2525 195 2586 nd
216 2525 276 2585 EM
299 2523 389 2604 dupla
411 2527 607 2605 proportionis
630 2526 683 2585 AB
705 2525 743 2586 ad
765 2527 832 2602 ΒΗ,
859 2527 979 2603 iunctae
1002 2528 1090 2602 igitur
1188 2509 1374 2632 hQ-

157 2614 232 2674 dnae
253 2615 471 2691 proportiones,
495 2613 547 2684 ΗΙ,
562 2612 600 2672 ad
623 2613 680 2673 GK
704 2620 734 2674 et
754 2613 806 2674 FL
827 2613 865 2674 ad
888 2614 946 2673 ΕΜ
969 2613 1090 2693 duplum
1266 2632 1335 2687 3456
1370 2630 1393 2684 p

157 2702 286 2761 efficiunt
312 2702 480 2776 innotarum
513 2699 567 2761 OG
597 2701 635 2760 ad
658 2700 717 2761 ΒΗ
738 2708 768 2761 et
790 2701 843 2760 AB
865 2700 903 2761 ad
925 2701 986 2760 BF.
1030 2700 1090 2763 Sed
1151 2747 1157 2754 .

156 2789 276 2864 junctas
300 2786 353 2849 OG
382 2787 420 2849 ed
444 2788 501 2848 ΒΗ
531 2795 559 2849 et
583 2789 634 2847 ΑΕ
663 2787 700 2848 nd
724 2789 774 2848 BF
801 2794 869 2847 sunt
896 2790 1020 2849 minores
1044 2790 1091 2848 di·
1255 2754 1281 2808 K
1352 2710 1478 2903 2025&

160 2876 250 2937 midio
272 2879 468 2956 proportionis
490 2876 543 2935 AB
566 2877 604 2936 ad
627 2877 702 2950 ΒΗ,
729 2876 844 2937 deieotn
867 2879 967 2952 serto,
994 2888 1026 2937 ut
1047 2886 1093 2938 est
1328 2876 1481 2983 1-1-6··OOH
1609 2914 1611 2919 ⁴

158 3052 213 3112 llll
235 3060 305 3112 sunt
326 3054 451 3112 minores
475 3051 565 3129 duplo
589 3050 712 3130 dimidii,
733 3051 763 3110 id
786 3058 832 3111 ost
852 3055 983 3114 minores
1005 3059 1068 3113 tota
1089 3052 1277 3129 proportione
1300 3048 1353 3107 AB
1375 3046 1413 3106 sd
1435 3045 1504 3117 ΒΗ,

158 3139 273 3200 deieetn
303 3142 407 3218 prioris
439 3139 537 3217 duplo.
583 3139 643 3200 Sed
664 3138 710 3197 HI
730 3137 769 3199 ad
791 3138 849 3197 ΕΜ
871 3148 917 3198 est
948 3139 1142 3216 sesquialtera
1172 3138 1370 3215 proportionis
1394 3134 1446 3194 AB
1468 3132 1507 3193 ad

157 3227 225 3308 BH,
247 3245 301 3304 per
324 3229 352 3286 8.
375 3230 576 3305 praemissum.
620 3226 698 3301 Ergo
720 3227 817 3284 minus
848 3233 911 3285 toto
936 3226 1051 3287 deieotu
1075 3225 1225 3304 duplicato
1248 3224 1380 3285 ablatum
1402 3241 1422 3282 s
1442 3239 1507 3281 ses·
1622 3227 1624 3235 ’

157 3315 315 3391 quidesse,
349 3313 461 3374 seilicet
487 3316 689 3390 proportiones
720 3313 765 3372 ΗΙ
786 3311 826 3372 ed
849 3312 906 3371 GK
938 3322 967 3375 et
990 3314 1040 3374 FL
1063 3312 1100 3375 ad
1125 3313 1224 3372 unia
1251 3314 1438 3392 proportione
1461 3309 1508 3367 HI

23 3428 27 3437 ⁴
158 3402 195 3462 nd
218 3402 278 3462 ΕΜ
300 3401 468 3478 relinquunt
489 3401 556 3478 pius
578 3418 667 3477 onum
690 3403 778 3460 semis
799 3404 996 3477 proportionis
1018 3402 1071 3461 AB
1094 3400 1133 3460 ad
1154 3399 1231 3477 ΒΗ,
1263 3416 1385 3460 eroessn
1408 3395 1507 3473 dupli·

156 3498 239 3566 ento,
273 3489 442 3566 relinquunt
471 3506 541 3550 vero
568 3489 785 3567 proportionem
809 3487 866 3546 GK
889 3488 927 3546 ed
950 3489 1015 3563 FL,
1049 3506 1118 3565 ergo
1141 3489 1290 3564 proportio
1313 3486 1370 3547 GK
1393 3485 1432 3544 ed
1454 3482 1505 3543 FL

156 3586 201 3638 est
220 3578 290 3655 plns
313 3594 401 3654 quam
424 3575 544 3637 dimidia
565 3578 761 3653 proportionis
784 3575 836 3635 AB
858 3575 897 3635 ad
921 3576 993 3650 ΒΗ,
1027 3593 1147 3638 exeossu
1171 3573 1329 3652 duplicato.
1376 3573 1416 3632 At
1436 3590 1507 3649 pro-

153 3670 250 3743 portio
274 3665 328 3724 AB
350 3664 387 3725 ad
411 3664 469 3723 ΒΗ
492 3674 536 3725 est
558 3665 722 3740 composita
744 3681 780 3723 ex
802 3665 911 3723 tribus:
935 3682 971 3723 er
996 3664 1047 3724 AB
1069 3665 1106 3725 ad
1129 3663 1190 3736 BF,
1214 3680 1251 3723 ex
1274 3662 1324 3720 BF
1348 3657 1508 3720 arceat

154 3771 194 3813 ex
215 3753 268 3813 GG
291 3750 330 3811 ad
352 3751 420 3811 ΒΗ.
465 3752 503 3810 Et
525 3749 578 3811 CG
600 3750 637 3810 ad
661 3751 720 3809 ΒΗ
751 3768 818 3810 enm
841 3751 894 3810 ΑΕ
917 3751 955 3810 ad
977 3752 1028 3810 BF
1058 3760 1103 3813 est
1132 3752 1229 3809 minus
1262 3748 1382 3808 dimidio
1413 3747 1508 3823 ipsius

154 3841 209 3900 AB
230 3841 270 3901 ad
293 3838 361 3911 ΒΗ,
385 3838 500 3899 desentn
523 3839 646 3921 simplo,
671 3855 741 3916 ergo
764 3839 815 3897 BF
838 3837 876 3897 ad
900 3838 953 3899 ΟΒ
975 3847 1021 3899 est
1041 3839 1108 3917 plns
1131 3836 1251 3898 dimidio
1274 3838 1367 3915 ipsius
1393 3834 1444 3893 ΑΕ
1467 3832 1506 3893 ad

154 3928 223 4004 ΒΗ,
246 3944 371 3989 excessu
392 3927 507 4003 simplo.
552 3925 610 3987 Sed
633 3928 782 4004 proportio
805 3923 863 3985 GK
884 3926 923 3985 ad
946 3926 996 3986 FL
1020 3934 1082 3988 erat
1104 3929 1193 3987 etiem
1214 3923 1283 4001 plus
1306 3934 1396 4001 qnam
1419 3920 1508 3981 dimi·

154 4016 206 4076 diu
228 4015 363 4094 ejusdem
387 4014 439 4073 AB
461 4013 499 4074 ad
521 4013 590 4090 ΒΗ,
614 4031 717 4073 verum
739 4030 861 4074 monem
884 4013 1049 4091 duplioat03
1084 4013 1252 4092 duplicatus
1276 4029 1346 4073 vero
1369 4026 1508 4071 excessus

153 4111 203 4164 est
222 4104 319 4180 maj0r
341 4101 464 4180 simplo,
499 4119 569 4178 ergo
591 4102 740 4178 proportio
768 4109 903 4161 motuum
924 4100 981 4162 GK
1004 4101 1041 4161 ad
1064 4102 1115 4161 FL
1138 4107 1184 4163 est
1205 4102 1299 4178 major
1319 4098 1509 4178 proportione

152 4191 378 4253 intervallorum
400 4190 637 4267 respondentium
659 4188 710 4248 BF
733 4188 773 4248 nd
794 4187 856 4248 OG.

240 4277 354 4341 Eodem
386 4277 473 4355 plane
504 4276 593 4337 modo
616 4276 939 4337 demonstreturetiam
962 4278 1163 4349 econtrario,
1194 4273 1377 4353 siplanetae
1399 4288 1509 4350 appro-

150 4371 300 4445 pinquent
321 4367 448 4426 invitem
469 4366 499 4423 in
523 4363 567 4440 G,
590 4365 614 4424 F
636 4363 714 4425 ultre
736 4363 890 4424 distantias
913 4362 1026 4425 medias
1048 4367 1078 4423 in
1100 4364 1149 4440 H,
1171 4364 1214 4436 E,
1238 4364 1282 4423 sio
1304 4372 1337 4421 nt
1357 4362 1508 4439 proportio

151 4454 319 4516 mediarum
351 4452 553 4512 distantiarum
575 4451 635 4511 ΒΗ
657 4452 694 4512 ad
718 4451 770 4512 AB
792 4454 908 4512 aniittat
936 4451 1001 4528 plus
1025 4451 1161 4523 dimidio,
1195 4457 1266 4509 tuno
1294 4454 1427 4508 motuum
1450 4446 1508 4508 GK
1564 4518 1566 4537 Ι

149 4542 192 4603 ad
218 4542 267 4601 FL
291 4542 508 4618 proportionem
529 4540 592 4600 lieri
622 4541 762 4600 minorem
794 4542 980 4616 proportione
1010 4556 1129 4599 snorum
1151 4537 1373 4597 intervallorum
1395 4535 1446 4595 BF
1470 4534 1509 4595 ad

149 4628 218 4691 CG.
262 4627 344 4689 Nihil
366 4629 443 4687 enim
465 4626 544 4687 nitra
565 4620 747 4699 laoieudirm,
777 4644 865 4703 qnam
894 4634 927 4686 ut
949 4633 1044 4687 mutes
1073 4643 1178 4701 voees,
1207 4626 1310 4699 major
1336 4626 1365 4682 in
1394 4625 1508 4698 minos,

147 4720 227 4795 plus
249 4717 279 4774 in
299 4717 414 4787 minus,
436 4731 569 4775 essemus
590 4717 620 4771 in
642 4714 771 4790 Moesus
793 4721 823 4774 et
844 4715 984 4776 vicissim.

242 4802 281 4862 lu
298 4803 442 4881 appositis
463 4803 599 4874 numeris,
623 4803 693 4878 qnia
715 4800 836 4861 dimidia
856 4799 894 4861 de
918 4797 957 4883 ⁴),
978 4808 1024 4861 est
1045 4795 1095 4882 il„
1117 4807 1148 4862 et
1170 4796 1208 4880 5,,
1230 4804 1276 4859 est
1297 4796 1394 4857 adhue
1414 4797 1510 4873 maJ‘or

147 4909 248 4973 qnsrn
268 4886 307 4973 ²1,
331 4891 494 4968 quantitate
517 4905 654 4951 exeussus
681 4882 760 4970 ΗΜ,
793 4896 823 4953 et
849 4905 921 4949 vero
952 4889 1150 4968 proportionis
1173 4888 1192 4947 8
1214 4884 1253 4946 ad
1276 4888 1294 4947 9
1318 4883 1509 4964 dupla-isola
