3567 5625
755 409 897 480 Apologia
984 373 989 382 ’
1434 410 1498 469 tos

150 597 178 651 et
203 593 394 668 patientium,
424 605 512 668 quam
542 575 772 667 hyperphysicas
803 592 867 669 typi
896 599 926 650 et
956 588 1117 665 archetypi.
1170 588 1234 647 Non
1266 587 1368 680 culpo,
1398 586 1500 658 habes,
1588 651 1594 666 ⁸

144 679 250 751 fateor,
275 681 372 738 socios
396 681 423 736 in
447 679 509 738 hoc
525 695 581 738 usu
606 679 701 749 nocis,
725 677 917 755 philosophos
940 680 1077 747 eximios,
1106 675 1176 735 dum
1198 674 1303 734 ludunt
1325 677 1354 732 in
1377 678 1501 751 pobma-
1583 721 1585 726 ,

149 766 240 844 tibus,
264 781 340 842 quos
364 768 438 826 inter
460 773 489 825 et
505 765 636 834 Procius,
661 766 745 839 cujus
768 765 815 825 bic
836 776 890 854 cst⁸
905 765 941 824 de
956 761 1079 823 Phoebo
1097 762 1256 822 versiculus
1272 761 1323 821 fol.
1339 778 1404 821 meo
1421 761 1499 820 325:

608 854 728 932 Κιθαρῃ
751 848 808 913 duo
831 856 962 914 drosela
982 854 1102 925 μελπων

446 935 571 1009 Edrias-r
592 963 663 1017 ,nepa
686 963 760 1013 aspa
783 941 1012 1018 βαρυφληισβοιο
1036 940 1182 1018 γενεθλης,

152 1029 360 1086 suavissimam
382 1028 506 1086 innuens
530 1026 712 1086 harmoniam
743 1028 816 1086 inter
838 1045 947 1087 marem
971 1035 1001 1086 et
1023 1026 1160 1086 feminam
1191 1028 1219 1082 in
1242 1031 1310 1083 actu
1333 1024 1501 1099 generatio-

153 1118 213 1188 nis3
238 1124 268 1174 et
291 1115 339 1174 hic
362 1114 399 1174 de
421 1114 555 1173 Paeane:

445 1202 569 1277 ΙΙλησας
590 1195 725 1276 &oportue
746 1222 950 1277 nurnnrprnsog
972 1197 1061 1280 οὔρεα
1083 1220 1202 1271 sooner,

151 1287 231 1363 quod
254 1287 388 1378 intelligo
411 1287 447 1347 de
470 1283 630 1346 omnifariis
653 1287 829 1346 naturalium
851 1290 1013 1347 motionum
1035 1287 1230 1348 successibus.

236 1373 347 1448 Patior,
370 1378 497 1451 inquam,
522 1383 549 1434 te
573 1375 695 1434 uocibus
720 1377 761 1434 uti
784 1376 926 1434 arbitratu
949 1385 1008 1448 tno,
1032 1374 1104 1434 illud
1129 1382 1226 1433 tamen
1249 1376 1412 1433 necessario
1435 1389 1502 1432 mo-

34 1449 36 1460 ⁴
156 1478 222 1532 neo,
245 1469 276 1522 te
299 1464 354 1522 sub
377 1463 433 1522 hac
455 1464 647 1538 ambiguitate
670 1461 834 1521 latitantem
856 1462 998 1540 plurimas
1021 1465 1129 1541 passim
1152 1462 1251 1520 turbas
1266 1464 1402 1534 excitare,
1425 1478 1502 1536 quae

153 1549 271 1608 detecta
302 1553 546 1625 aequivocatione
580 1548 717 1608 facillime
748 1553 911 1626 sopiuntur.
967 1552 1027 1608 Aut
1055 1551 1094 1608 si*
1110 1550 1206 1624 detegi
1240 1565 1297 1607 non
1329 1555 1426 1625 potest
1455 1553 1503 1622 (ut

152 1636 271 1712 quidem
303 1635 360 1695 hoe
388 1641 452 1713 ipso
482 1638 547 1695 loco
570 1636 670 1712 plures
698 1639 727 1693 in
756 1646 808 1696 tuo
830 1637 1012 1695 harmonica
1032 1638 1140 1697 nucleo
1167 1651 1219 1695 seu
1241 1636 1377 1695 medulla
1399 1652 1503 1693 sensus
1572 1631 1575 1640 '

152 1724 261 1795 latent,
286 1741 374 1800 quam
397 1741 480 1784 meus
502 1731 604 1801 stupor
627 1740 731 1800 capere
754 1727 879 1802 possit),
911 1737 980 1782 tunc
1003 1726 1090 1782 irritis
1113 1726 1268 1783 conatibus
1290 1722 1502 1798 congredimur,

153 1814 269 1888 quaerit
293 1811 455 1870 involutum
480 1821 646 1886 tectumque
677 1811 767 1870 lorica
790 1811 987 1887 inexplicabili
1012 1811 1162 1871 homulum
1191 1810 1332 1871 anhelans
1364 1812 1426 1869 fers
1447 1811 1502 1869 dc·
1554 1877 1558 1893 .

152 1902 282 1975 seritque
314 1915 372 1958 non
403 1901 572 1971 inventnm3
603 1901 756 1956 frustratur
785 1915 839 1956 sua
869 1898 1020 1974 voluptate
1050 1907 1213 1977 spectator3
1244 1898 1355 1958 nullam
1383 1901 1503 1975 inquam

154 1986 249 2046 lector
272 1986 427 2046 utilitatem
451 1989 530 2064 capit
553 2003 588 2043 ex
613 1989 829 2045 concertatione
852 1985 1036 2045 tenebrarum
1061 1981 1211 2067 plena.⁸¹)

242 2073 295 2131 Ad
319 2073 507 2151 Analysin
530 2072 572 2133 X.
618 2072 790 2149 Propterea,
809 2076 937 2147 inquam,
965 2073 1043 2149 quod
1067 2073 1116 2132 illc
1140 2077 1221 2150 praxi
1246 2074 1340 2148 magis
1363 2071 1504 2147 indulget,

152 2177 206 2236 ego
231 2160 379 2232 theoriae,
414 2163 468 2237 ipsi
499 2160 617 2236 quidem
640 2163 770 2236 picturae
794 2169 862 2218 sunt
885 2159 1072 2230 commodae,
1103 2161 1174 2218 mihi
1198 2160 1388 2220 theoremata.
1433 2159 1500 2218 Non

153 2250 291 2324 injuriam
313 2250 367 2308 tibi
390 2247 462 2321 feci,
496 2248 640 2321 liobcrte;
670 2247 782 2305 nullnm
812 2249 839 2303 in
870 2264 958 2323 opere
981 2257 1032 2305 tno
1056 2248 1102 2304 liri
1134 2251 1245 2323 stigma
1271 2245 1422 2319 invidiae,
1453 2245 1505 2304 sed

152 2354 227 2412 opus
249 2336 351 2394 lectori
368 2353 387 2395 a
401 2353 454 2396 sua
469 2339 586 2413 propria
603 2345 674 2393 nota
686 2335 838 2409 descripsi,
855 2343 888 2394 ut
904 2335 1001 2410 sciret,
1017 2337 1068 2409 qui
1082 2334 1211 2393 noudum
1224 2336 1303 2408 emit,
1319 2336 1505 2393 inventurum

152 2442 183 2482 se
207 2424 289 2499 quod
320 2423 461 2495 delectet,
493 2429 580 2498 prout
611 2423 758 2497 ingenium
781 2423 868 2481 luerit
890 2421 1025 2480 hominis.
1069 2420 1146 2480 Nam
1176 2433 1206 2480 et
1227 2422 1349 2498 picturis
1379 2437 1414 2479 ex
1437 2438 1505 2479 aere

155 2510 290 2570 abundat
313 2528 439 2569 excusus
462 2509 544 2582 liber,
568 2518 597 2567 et
620 2517 681 2567 tute
704 2510 767 2585 ipse
790 2507 905 2586 analysi
922 2509 978 2569 lll.
1000 2507 1088 2568 modo
1102 2510 1283 2584 recensuisti,
1306 2508 1413 2584 quibus
1437 2517 1505 2566 uta·

153 2601 192 2657 ris
216 2600 340 2675 picturis
364 2601 392 2655 in
410 2600 504 2655 ricem
519 2598 669 2667 sermonis,
693 2594 812 2672 templo,
836 2595 988 2668 columnis,
1012 2595 1247 2673 hieroglyphicis,
1271 2595 1400 2674 speculo,
1425 2598 1505 2669 turri,

151 2685 365 2762 triangulorum
389 2684 505 2760 figuris3
535 2682 572 2743 ad
596 2700 670 2758 quas
693 2691 724 2742 tu
747 2685 787 2742 ibi
810 2683 867 2742 loci
899 2700 957 2741 non
981 2684 1067 2741 aliter
1088 2699 1247 2759 provocas,
1277 2700 1366 2758 quam
1389 2682 1505 2742 mathc-

154 2777 281 2833 ruaticus
304 2771 412 2849 aliquis
434 2771 472 2832 ad
495 2787 565 2830 snas
587 2773 801 2849 propositiones
825 2779 854 2830 et
876 2770 1071 2843 theoremata,
1096 2786 1228 2848 quasque
1251 2773 1340 2830 etiam
1363 2770 1419 2831 hac
1440 2772 1506 2847 ipsa
1610 2767 1613 2786 '

153 2862 233 2922 anal.
250 2860 294 2919 X.
318 2877 370 2939 pro
394 2859 655 2935 diagrammatibus
679 2861 736 2917 tuis
760 2858 861 2918 haberi
886 2861 941 2918 vis.
987 2858 1063 2933 Quin
1087 2863 1176 2919 etiam
1201 2860 1301 2918 fateris
1325 2861 1444 2929 iterato,
1477 2868 1505 2916 te

151 2952 285 3027 picturas
318 2946 513 3006 introduxisse
547 2946 695 3024 plurimas.
741 2946 800 3004 Cur
835 2949 924 3021 igitur
946 2946 1125 3006 succenses?
1172 2949 1217 3005 An
1241 2947 1416 3023 exprobrari
1449 2947 1505 3004 tihi

151 3037 265 3113 figuras
289 3043 322 3094 ut
344 3034 480 3106 insulsas,
505 3043 536 3092 ut
559 3031 708 3092 dedecus?
753 3033 812 3092 Cur
835 3035 922 3108 igitur
944 3037 1029 3110 quasi
1051 3043 1184 3093 mutuum
1204 3050 1359 3113 reponeres
1381 3043 1410 3092 et
1425 3046 1506 3092 meas

150 3126 215 3201 ipse
239 3123 350 3199 figuras
379 3138 528 3195 recenses,
559 3138 635 3197 quae
662 3128 759 3179 tamen
790 3137 848 3178 non
879 3130 948 3180 sunt
969 3120 1049 3180 aliud
1076 3139 1164 3197 quam
1187 3119 1423 3197 diagrammata?
1470 3121 1507 3179 lit

151 3226 241 3288 quem
275 3212 304 3266 in
333 3217 362 3268 te
384 3210 501 3284 genium
524 3223 697 3282 agnoscam,
730 3208 779 3283 qui
804 3209 895 3266 verba
922 3207 1129 3280 indifferentia,
1152 3226 1217 3268 cum
1241 3208 1378 3268 facillime
1402 3226 1506 3284 possea

154 3302 183 3357 in
207 3300 319 3357 honam
342 3296 474 3373 accipere
497 3304 623 3372 partem,
653 3297 747 3353 maris
777 3297 806 3351 tn
831 3294 958 3353 malam?
1002 3295 1075 3353 ‘l'uis
1096 3297 1218 3372 picturis
1249 3313 1315 3354 mea
1338 3299 1506 3373 comparavi

153 3386 379 3462 diagrammata,
402 3384 497 3442 fassus
521 3382 625 3447 librum
647 3376 743 3440 meum
766 3398 824 3440 non
848 3399 941 3456 aeque
965 3391 1053 3457 atque
1078 3392 1159 3440 tuum
1183 3392 1317 3441 ornatum
1340 3400 1420 3454 esse,
1451 3400 1506 3441 nec

151 3473 282 3531 futurum
305 3470 342 3530 ad
366 3480 483 3544 gustum
505 3470 622 3527 lectoris
645 3467 819 3544 cujuslibet;
843 3472 982 3527 excusavi
1007 3468 1083 3527 hunc
1107 3468 1250 3529 delectum
1274 3489 1292 3529 a
1314 3470 1504 3545 professione,

151 3577 218 3619 cum
249 3575 306 3633 ego
333 3558 571 3616 mathematicum
603 3573 698 3631 agam.
745 3557 785 3613 At
815 3566 846 3613 tu
876 3554 944 3613 hinc
976 3557 1156 3625 iactantiam
1187 3559 1285 3615 nescio
1309 3574 1397 3633 quarn
1421 3555 1503 3616 dicis.

62 3676 66 3681 ·
151 3647 335 3708 Jactautiam
364 3643 413 3704 odi
436 3654 465 3703 et
488 3642 608 3715 damno,
641 3642 691 3701 sed
715 3644 744 3700 in
767 3641 881 3719 pulpito
905 3656 986 3700 stans
1009 3643 1174 3702 discrimina
1203 3660 1297 3702 rernm
1321 3643 1503 3704 dissimulare

152 3752 211 3795 non
235 3751 371 3811 possum3
394 3731 566 3790 invitandus
588 3737 632 3789 est
655 3729 723 3788 mihi
747 3728 908 3806 discipulus
931 3729 969 3788 ad
991 3729 1260 3788 mathematicorum
1285 3731 1503 3808 disciplinarum

151 3821 299 3891 studium,
330 3818 575 3897 suppeditandum
598 3819 694 3875 animo
717 3817 830 3875 sincero
853 3816 1025 3895 consilium,
1054 3835 1112 3893 qno
1136 3834 1279 3892 quemque
1311 3818 1385 3877 libro
1404 3820 1503 3894 juvari

152 3903 382 3981 existimem.⁴'¹)
426 3905 529 3965 Liceat
552 3907 622 3963 mibi
645 3908 803 3964 etiamnum
826 3904 953 3979 proferre
977 3922 1079 3963 rocem
1103 3907 1196 3981 magis
1217 3903 1342 3964 claram:
1366 3910 1417 3983 qui
1439 3925 1504 3965 ma·

152 3998 377 4056 thematicarum
406 3991 623 4070 disciplinarum
655 3989 856 4051 certitudinem
888 4002 983 4063 amat,
1014 3992 1079 4067 plus
1109 3991 1158 4051 ille
1188 3994 1283 4067 capiet
1312 3994 1445 4053 utilitatis
1474 3996 1504 4050 in

153 4095 237 4162 parte
260 4082 483 4142 mathematicas
506 4078 674 4138 harmonica
696 4076 888 4154 perdiscenda
911 4096 947 4139 ex
963 4096 1050 4157 opere
1067 4095 1132 4138 mco
1150 4078 1391 4152 harmonicorum,
1416 4099 1505 4157 quam

153 4191 190 4231 ex
213 4172 337 4231 Roberti
361 4169 397 4228 ds
419 4167 580 4227 Fluctibus.
628 4164 685 4241 Qui
708 4183 778 4224 vero
802 4166 952 4243 ingenium
974 4166 1161 4245 philosophia
1184 4169 1307 4243 mystica
1331 4162 1423 4248 (quas
1456 4186 1505 4244 per

151 4263 326 4335 aenigmata
354 4254 427 4314 tradi
455 4250 564 4334 solet),
587 4254 688 4313 oculos
717 4256 838 4329 picturis
860 4270 981 4331 pascere
1003 4257 1098 4332 cupit,
1131 4252 1210 4329 qnod
1233 4256 1362 4330 quaerit,
1388 4258 1416 4314 in
1440 4271 1504 4314 meo

153 4348 231 4407 libro
254 4361 313 4403 uon
338 4337 526 4420 inveniet.⁴³)

246 4431 303 4492 Ad
327 4430 509 4506 Analysin
532 4426 592 4486 Xl.
635 4428 693 4486 llic
714 4444 817 4487 ansam
840 4429 971 4504 aliquam
993 4427 1146 4499 invenisti,
1169 4426 1311 4499 Robcrtc,
1342 4428 1413 4486 mihi
1437 4445 1505 4487 suc·

153 4519 304 4592 censendi,
327 4526 409 4578 tenes
433 4519 510 4577 enim
533 4533 580 4574 me
602 4515 699 4575 verbis
722 4519 811 4589 meis,
842 4515 962 4593 perinde
985 4532 1019 4573 ac
1041 4516 1065 4573 si
1089 4531 1144 4590 ego
1168 4529 1233 4573 mea
1255 4515 1313 4573 luci
1337 4532 1506 4592 comparas·

154 4624 236 4682 sem,
268 4614 321 4665 tua
354 4606 452 4665 omnia
480 4604 616 4664 tenebris.
661 4601 769 4661 Verum
803 4606 827 4662 si
859 4601 978 4680 paulum
1007 4609 1036 4660 te
1059 4603 1207 4660 continere
1237 4602 1275 4660 ab
1304 4602 1505 4679 indignatione

155 4694 286 4773 poteris,
315 4692 440 4753 siliciam
471 4687 645 4750 declarando
673 4706 740 4746 msa
771 4691 876 4764 rerba,
901 4698 934 4749 ut
963 4704 1021 4746 non
1045 4695 1158 4747 tantum
1189 4690 1217 4746 in
1247 4698 1275 4748 te
1308 4689 1391 4748 dolor
1417 4692 1506 4748 animi

153 4789 333 4860 conceptus,
364 4796 451 4857 quem
474 4780 572 4839 verbis
595 4775 708 4835 acerbis
731 4779 863 4853 testaris,
892 4778 1054 4856 mitigetur,
1082 4774 1134 4835 sed
1158 4777 1245 4835 etiam
1269 4775 1374 4853 lector,
1405 4779 1428 4836 si
1453 4778 1504 4855 qui
