3567 5625
261 425 324 487 390
622 409 628 416 ’
775 417 925 475 Ptolemaei
942 418 1099 475 Eumenia.

260 600 491 672 remittunturve,
515 597 692 676 seligemus3
716 615 840 675 cumque
862 598 983 675 planeta
1003 607 1033 659 et
1054 601 1179 675 primum
1201 602 1301 661 orbem
1322 602 1432 662 habeat
1455 609 1485 662 et
1506 601 1611 662 subor-

261 688 393 760 dinatos,
422 695 552 764 systema
574 704 643 746 nero
667 695 697 746 et
718 687 839 760 stabiles
863 687 957 746 dictos
990 703 1078 745 sonos
1100 697 1130 745 et
1152 688 1293 748 mobiles:
1323 690 1444 750 stabiles
1475 689 1611 765 equidem

262 775 495 853 comparabimus
517 776 617 853 primis
640 775 776 853 orbibus,
810 773 934 833 mobiles
961 775 1076 833 circulis
1098 775 1314 852 subordinatis3
1348 779 1525 836 sicutenim
1547 795 1612 848 mo·

261 862 336 922 biles
359 864 422 921 soni
445 870 514 921 suut
535 870 653 940 propter
675 880 783 938 genera
805 871 925 933 cautus,
958 864 1000 920 sic
1024 863 1061 920 ob
1084 861 1113 919 id
1137 864 1241 939 ipsum,
1265 872 1298 921 ut
1319 863 1457 941 planetae
1480 864 1553 922 fiant
1575 883 1610 924 ex

262 949 411 1009 altissimis
434 948 601 1024 humillimi,
625 951 744 1008 orbibus
768 949 833 1008 aliis
857 966 931 1025 opus
953 957 998 1007 est
1020 957 1050 1007 et
1071 957 1152 1008 motu
1174 969 1226 1027 per
1249 969 1299 1010 eos
1323 955 1410 1027 inque
1433 961 1531 1030 partes
1555 955 1611 1009 cir·

262 1038 393 1097 culorum
416 1039 575 1113 oppositas.
608 1037 645 1095 Et
668 1036 776 1097 dictum
801 1046 845 1096 est
867 1054 964 1112 supra,
988 1038 1043 1096 tria
1065 1055 1173 1112 genera
1196 1047 1298 1098 cantus
1322 1039 1497 1116 respondere
1520 1041 1612 1098 tribus

261 1123 480 1185 intervallorum
502 1133 694 1201 motuumque
716 1125 872 1199 generibus
885 1121 962 1200 Vffl).

347 1212 385 1271 Et
407 1216 518 1288 primae
541 1211 657 1287 quidem
681 1212 737 1271 hoe
759 1220 846 1288 pacto
870 1212 980 1272 electae
994 1210 1138 1288 sphaerae
1160 1221 1238 1274 suut.
1247 1214 1340 1273 istae:
1364 1214 1491 1288 Saturni,
1515 1212 1611 1286 Jovis,

262 1299 381 1373 Martis,
404 1298 499 1371 Solis,
523 1298 663 1373 Veneris,
687 1298 838 1373 Mercurii,
868 1298 979 1358 Lunae.
1024 1298 1155 1358 Primum
1177 1303 1254 1360 euiru
1276 1302 1385 1361 mobile
1407 1318 1465 1361 uon
1488 1302 1614 1379 sphaera

261 1391 290 1446 in
312 1386 440 1459 mundo,
471 1385 523 1444 sed
546 1386 672 1445 mundus
694 1387 757 1464 ipse
780 1397 824 1448 est
845 1396 1002 1462 motusque
1024 1388 1089 1462 ejus
1112 1389 1215 1447 ceteris
1238 1390 1374 1450 omnibus
1396 1383 1559 1450 communis
1583 1396 1613 1449 et

261 1479 291 1534 iu
315 1473 433 1551 plagam
446 1477 630 1533 ‘contrariam
651 1475 709 1547 eis,
733 1492 808 1550 quos
827 1473 891 1549 jam
914 1472 1149 1548 consideramus,
1180 1493 1235 1536 uec
1255 1475 1432 1552 peculiarem
1454 1477 1612 1553 planetam,

262 1562 314 1622 sed
337 1560 476 1620 mundum
499 1562 593 1638 ipsum
609 1560 699 1633 vehit,
723 1579 777 1622 nec
799 1563 895 1637 magis
917 1565 1113 1620 innumerum
1136 1565 1293 1639 primarum
1308 1564 1497 1639 sphaerarum
1514 1567 1613 1623 venire

263 1649 358 1722 debet,
382 1637 470 1724 'quam
492 1656 585 1706 totum
608 1657 740 1726 systema
762 1651 791 1705 in
813 1666 965 1707 numerum
982 1666 1100 1708 suarum
1123 1649 1294 1709 chordarum
1303 1648 1357 1730 n⁴),
1382 1652 1519 1711 Fixarum
1543 1668 1614 1709 vero

262 1738 388 1813 sphaera
414 1738 469 1795 etsi
499 1744 528 1794 et
558 1738 622 1812 ipsa
648 1743 784 1795 movetur
813 1738 842 1793 in
871 1735 994 1796 eandem
1025 1735 1143 1812 plagam
1172 1738 1318 1797 cumillis
1342 1748 1452 1814 septem
1476 1748 1615 1814 etsuper

262 1824 366 1883 iisdem
388 1822 519 1898 signiferi
541 1823 632 1900 polis,
663 1832 760 1884 motus
782 1831 881 1882 tumen
913 1825 1122 1888 inobscurabili
1150 1824 1321 1886 lentitudine
1344 1838 1544 1901 astrorumque
1567 1829 1614 1882 in-

264 1910 437 1970 numerabili
459 1909 644 1988 multitudine
667 1910 824 1988 plurimum
847 1910 942 1970 differt
964 1929 983 1970 a
1006 1914 1110 1971 ceteris
1138 1920 1240 1989 estque
1263 1913 1360 1973 alieua
1383 1915 1420 1973 ah
1443 1914 1500 1973 hoc
1522 1930 1616 1988 nego-

264 2001 315 2071 tio,
339 2005 374 2057 ut
394 1999 540 2058 nemiuem
562 1998 690 2056 futurum
713 1999 885 2072 existimem,
910 1999 960 2074 qui
976 1998 1058 2057 ilium
1073 2000 1211 2059 extimum
1227 1999 1264 2059 ad
1283 2004 1376 2060 visum
1399 2003 1489 2061 totius
1512 1999 1612 2058 muudi

237 2087 404 2163 parietem
436 2085 465 2142 in
496 2084 572 2144 hauc
602 2085 864 2145 considerationem
894 2094 971 2145 recte
995 2088 1081 2145 inseri
1112 2086 1285 2147 contendere
1316 2088 1388 2152 velit
1402 2086 1442 2168 x).
1493 2086 1613 2146 Habeat

263 2174 353 2249 igitur
375 2190 441 2232 sese
462 2173 550 2231 etiam
573 2172 647 2232 haec
669 2172 792 2232 fixarum
813 2173 939 2250 sphaera
954 2175 985 2231 in
1005 2173 1105 2232 ordine
1127 2173 1166 2234 ad
1181 2183 1302 2248 ceteras,
1327 2186 1358 2234 ut
1381 2195 1412 2235 se
1434 2175 1525 2235 habet
1545 2193 1614 2250 pcr-

263 2262 370 2319 tectum
392 2266 523 2336 systema
544 2259 582 2318 ad
605 2278 693 2319 sonos
716 2277 805 2319 suos:
833 2269 865 2319 ut
887 2262 963 2319 sicut
986 2261 1042 2320 hoc
1065 2273 1109 2320 est
1132 2261 1277 2336 quaedam
1307 2265 1397 2323 veluti
1422 2265 1615 2323 consonantia

264 2348 520 2408 consonantiarum
543 2358 573 2406 et
594 2364 684 2406 sonus
699 2364 846 2419 sonorum,
870 2349 913 2406 sic
927 2350 1015 2406 etiarn
1030 2348 1151 2408 fixarum
1173 2349 1297 2425 sphaera
1319 2354 1356 2409 sit
1378 2350 1469 2410 veluti
1490 2351 1616 2427 sphaera

263 2429 469 2512 sphaerarum,
500 2438 670 2512 praesertim
701 2451 768 2495 curu
796 2452 931 2512 apogaea
961 2436 1127 2512 limitesque
1156 2446 1315 2496 ceteranrm
1345 2455 1446 2499 secum
1474 2447 1615 2514 perpetuo

263 2521 460 2582 circumducat
476 2519 529 2600 ¹¹).

351 2609 514 2667 Primarum
536 2610 626 2684 igitur
648 2609 838 2686 sphaerarum
861 2613 891 2667 in
914 2610 1022 2669 mundo
1050 2619 1162 2687 septem
1185 2621 1271 2676 suut,
1302 2612 1451 2671 stabilium
1480 2629 1616 2671 sonorum

207 2713 212 2728 ‘
265 2698 294 2753 iu
316 2697 444 2772 perlecto
468 2704 627 2773 systemate
649 2696 751 2755 itidem
773 2706 884 2772 septem
905 2714 994 2772 supra
1008 2707 1076 2756 snut
1089 2699 1214 2757 inventi:
1243 2701 1274 2773 i)
1296 2700 1615 2775 proslambanomenos,

265 2780 296 2864 2)
312 2784 422 2861 hypate
444 2782 584 2862 hypaton,
609 2780 640 2861 3)
655 2783 763 2861 hypate
786 2801 897 2857 meson,
921 2786 956 2856 4)
978 2801 1066 2856 mese,
1092 2783 1122 2864 5)
1144 2803 1305 2863 paramese,
1331 2787 1453 2864 diocte
1476 2786 1615 2863 diezeug-

265 2865 387 2945 menon,
422 2868 453 2950 i)
481 2882 548 2931 nete
576 2871 807 2949 hyperbolaeon.
860 2872 903 2929 Ex
934 2874 971 2929 iis
1000 2889 1070 2932 vero
1100 2873 1217 2932 Saturni
1243 2874 1369 2951 sphaera
1398 2876 1616 2951 comparabitur

172 3010 180 3027 ,
265 2958 568 3036 proslambanomene.
615 2960 690 3018 Nam
721 2967 750 3019 et
776 2958 826 3019 iile
855 2958 1039 3034 planetarum
1068 2961 1230 3023 altissimus
1260 2971 1304 3021 est
1326 2973 1356 3021 et
1377 2963 1451 3022 haec
1472 2962 1617 3021 altissima

267 3036 483 3123 quodammodo
506 3046 619 3119 dicitur,
643 3049 759 3123 quippe,
784 3053 817 3104 ut
831 3046 941 3106 indicat
955 3064 1071 3120 nomen,
1094 3048 1181 3107 altior
1196 3058 1326 3108 assumta
1349 3068 1438 3128 supra
1451 3067 1617 3125 supremam

266 3150 467 3210 supremarum
483 3129 552 3215 ¹¹¹).
598 3134 712 3193 Deinde
736 3133 854 3193 Saturni
876 3134 1003 3211 sphaera
1025 3135 1063 3193 ob
1085 3136 1116 3193 id
1146 3141 1257 3213 ipsum,
1289 3139 1358 3212 quia
1381 3137 1542 3210 altissima,
1572 3145 1616 3196 est

266 3224 354 3280 ctiam
378 3222 506 3280 omnium
529 3223 656 3280 marinna
678 3238 730 3281 seu
754 3221 942 3298 amplissima,
966 3221 1139 3282 diametrum
1163 3225 1274 3284 hahens
1298 3225 1507 3299 longissimam,
1531 3241 1617 3300 pros-

265 3308 506 3368 lambanomenes
529 3324 608 3380 vero,
633 3311 702 3384 quia
724 3311 930 3385 gravissimum
952 3309 1013 3368 edit
1034 3311 1170 3384 sonitum,
1195 3311 1366 3388 longissima
1388 3311 1521 3371 similiter
1545 3329 1617 3370 con·

267 3399 397 3456 stituitnr
418 3413 471 3473 per
493 3394 668 3455 divisionem
690 3396 890 3457 monochordi.
936 3395 1128 3457 Econtrario
1153 3400 1253 3458 Lunae
1285 3399 1411 3477 sphaera
1433 3407 1618 3475 comparatur

271 3502 337 3545 cum
358 3491 425 3543 nete
448 3482 685 3562 hyperbolaeon:
708 3501 775 3542 uam
799 3492 828 3543 et
851 3483 936 3543 launa
959 3487 1086 3544 omnium
1109 3485 1292 3562 planetarum
1315 3485 1478 3546 humillima
1501 3489 1617 3546 inteni-

267 3582 314 3632 tur
337 3581 365 3631 et
387 3571 501 3644 ultima,
525 3574 634 3647 quippe
654 3589 720 3631 cum
742 3579 840 3647 tegere
862 3570 956 3631 soleat
979 3588 1080 3632 omnes
1101 3573 1244 3651 planetas,
1269 3582 1298 3633 st
1321 3577 1416 3651 ipsum
1439 3574 1617 3633 vocabulum

181 3692 187 3717 r
267 3667 334 3719 nete
356 3658 490 3719 ultimum
517 3667 604 3717 sonat
632 3659 778 3734 talemque
801 3660 830 3715 in
859 3660 1059 3734 instrumento,
1083 3660 1120 3719 ad
1143 3660 1327 3737 psallendum
1350 3661 1507 3737 applicato,
1530 3663 1617 3720 eituru

267 3747 366 3806 habet.
383 3746 564 3823 insuperque
580 3745 705 3822 sphaera
721 3746 829 3818 Lunae,
844 3748 914 3821 quia
930 3746 1093 3806 humillima
1108 3758 1194 3808 estet
1209 3749 1426 3824 angustissima,
1442 3748 1614 3808 diametrum

268 3834 380 3893 habeus
402 3834 616 3905 brevissimam,
639 3840 705 3891 nete
728 3850 809 3906 vero,
833 3850 899 3891 cum
922 3851 1026 3893 sonum
1049 3833 1118 3893 edat
1141 3837 1349 3909 acutissimum,
1374 3837 1577 3895 brevissimam
1599 3854 1616 3895 a

269 3921 414 3979 divisione
437 3919 626 3980 monochordi
650 3922 825 3979 nanciscitur
839 3920 1062 3998 longitudinem.
1097 3922 1241 3982 Extremis
1263 3928 1402 3983 connexis
1425 3926 1500 3982 iuter
1513 3942 1545 3983 se
1568 3942 1617 4000 per

269 4006 508 4067 assimilationem
523 4010 662 4082 sequitur,
681 4006 916 4067 intermediorum
930 4009 1112 4087 planetarum
1133 4011 1273 4086 sphaeras
1289 4011 1327 4070 ad
1343 4010 1530 4071 intermedias
1547 4029 1618 4069 con-

269 4111 372 4172 gruere
388 4094 526 4153 chordas:
550 4093 647 4166 Jovis,
671 4094 797 4154 Saturno
812 4094 1043 4176 prosimilquod
1067 4096 1187 4157 tarditas
1210 4098 1320 4157 reditus
1342 4102 1475 4175 proxima
1491 4098 1615 4157 Saturno

269 4178 400 4260 iudicat),
424 4181 461 4240 sd
477 4181 608 4259 hypaten
624 4181 764 4260 hypaton,
788 4181 900 4257 Martis,
924 4185 973 4259 qui
990 4183 1211 4262 Joremtegere
1228 4196 1257 4246 et
1272 4190 1314 4245 sic
1337 4203 1371 4246 eo
1395 4182 1532 4245 humilior
1555 4204 1618 4245 osse

271 4268 503 4346 deprehenditur,
528 4268 566 4328 ad
591 4268 721 4346 hypaten
744 4287 854 4343 meson,
877 4270 955 4330 Solis
978 4270 1015 4329 ad
1038 4289 1145 4343 mesen,
1169 4273 1302 4346 Veneris,
1327 4291 1403 4350 quae
1425 4274 1526 4333 Solem
1549 4291 1618 4349 pro·

269 4360 347 4417 sime
361 4359 500 4431 sequitur,
517 4355 629 4416 indicio
646 4356 721 4416 tardi
736 4359 782 4417 sui
798 4357 907 4416 reditus
921 4361 950 4415 in
966 4358 1108 4434 epicyclo,
1123 4359 1161 4418 ad
1175 4378 1355 4436 paramesen,
1371 4360 1517 4435 Mercurii,
1536 4362 1618 4437 cujus

269 4444 379 4505 reditus
401 4446 430 4502 in
454 4444 585 4521 epicyclo
611 4444 741 4505 velocior
763 4460 859 4520 eoque
888 4444 1014 4521 sphaera
1039 4445 1176 4507 humilior
1206 4457 1236 4507 et
1263 4448 1439 4523 penultima,
1471 4448 1510 4508 ad
1532 4460 1617 4510 neten

270 4531 508 4608 diezeugmenon.

357 4619 551 4679 confirmatur
579 4619 653 4679 haec
680 4620 859 4678 consociatio
893 4619 980 4677 etiarn
1003 4638 1055 4695 per
1077 4623 1147 4696 ista,
1180 4621 1260 4698 quod
1282 4623 1320 4701 ‘iu
1348 4620 1474 4698 planetis
1501 4623 1616 4698 quidem

271 4706 339 4780 Sol,
362 4710 392 4764 iu
415 4706 530 4767 chordis
553 4723 622 4767 vero
646 4720 722 4782 quae
745 4723 824 4766 mese
847 4705 965 4779 dicitur,
996 4707 1069 4766 duas
1093 4717 1214 4787 uterque
1238 4710 1346 4769 classes
1376 4708 1559 4784 distinguunt
1580 4709 1617 4767 ab

271 4795 406 4865 invicem,
431 4796 479 4853 ille
502 4797 684 4871 superiorum
704 4794 856 4867 dictorum,
879 4802 952 4870 puta
967 4794 1094 4869 Saturni,
1118 4796 1214 4870 Jovis,
1236 4797 1349 4871 Martis,
1373 4797 1410 4856 ab
1433 4797 1617 4856 interioribus

272 4881 403 4957 Venere,
426 4881 587 4956 Mercurio,
611 4880 712 4959 Luna3
735 4883 791 4941 ista
814 4880 956 4941 dictarum
977 4881 1118 4962 hypaton,
1142 4885 1222 4960 quod
1244 4893 1331 4946 sonat
1352 4901 1564 4961 supremarum,
1587 4892 1619 4943 et
