3567 5625
236 447 297 509 lea
766 453 808 508 De
824 448 1051 522 Propertiouibus

235 641 305 683 ram
327 632 535 686 coacervantur
556 629 731 706 principales
753 632 880 693 chordae
903 629 1012 702 decern,
1035 644 1087 705 per
1112 644 1175 705 esp.
1194 629 1222 700 i,
1246 621 1416 683 omnifariae
1435 630 1504 674 vere
1527 619 1586 672 tre-

237 710 347 786 decim,
376 730 427 787 per
450 730 514 791 cap.
540 716 576 789 8,
604 716 636 775 iit
658 725 691 777 ut
714 718 771 780 duo
793 724 876 793 soni,
906 717 980 777 diesi
1004 714 1051 775 vel
1079 714 1215 774 lemmate
1245 712 1400 778 distantes,
1432 705 1588 782 pingantur

238 797 342 860 eodem
363 798 582 877 diagrammatib
603 804 686 881 loco,
717 824 770 867 een
793 810 818 867 is
841 808 920 867 linea
942 807 981 864 sit
1002 821 1055 863 seu
1077 802 1260 862 interlineare
1289 792 1488 864 intervallum,
1519 788 1597 865 quia·

239 886 337 949 dieses
359 894 390 947 et
410 888 550 950 lemmata
572 907 630 950 non
646 903 789 954 canuntur
810 896 959 972 deinceps,
982 898 1016 951 ut
1037 892 1101 950 toni
1123 897 1152 950 et
1166 888 1335 961 semitonia3
1359 899 1419 961 que
1441 879 1477 938 de
1493 891 1589 936 'eausa

193 1036 205 1056 „
240 975 328 1033 etiam
349 974 431 1034 nolui
454 976 520 1036 illas
543 995 608 1036 cnm
631 980 780 1058 aliquibus
802 986 958 1043 semitonia
977 981 1091 1039 minora
1115 976 1219 1037 dicere.
1265 973 1331 1033 Hae
1344 973 1431 1048 igitur
1450 965 1486 1024 do
1502 979 1590 1023 causa

240 1060 446 1138 praefigendas
467 1065 548 1124 inere
570 1065 655 1127 lineis
678 1077 708 1129 et
730 1071 900 1145 intervallis,
924 1068 1096 1130 eiiurdarum
1111 1064 1297 1140 imaginibus,
1322 1066 1419 1119 certas
1434 1062 1531 1126 notae,
1555 1067 1591 1108 ex

241 1148 346 1225 quibus
370 1158 472 1211 cantus
496 1153 584 1213 durus
607 1173 626 1215 a
647 1156 729 1216 molli
752 1161 994 1220 internosceretur
1016 1161 1219 1229 constaretque
1240 1151 1323 1210 loeus
1345 1143 1504 1213 semitonii,
1529 1139 1591 1196 sive

242 1235 388 1311 ordinarii,
413 1255 466 1298 seu
489 1244 576 1301 etiam
601 1250 780 1315 ceterorum,
812 1265 848 1308 er
871 1250 947 1306 tonis
970 1243 1130 1319 majoribus
1158 1239 1362 1299 abscissurum.
1407 1231 1460 1288 Est
1482 1233 1511 1287 et
1533 1223 1615 1306 elias

241 1326 402 1384 necessitas
425 1327 581 1402 occultior,
612 1349 670 1391 nun
694 1349 730 1392 ex
753 1333 922 1395 diversitate
945 1349 1100 1409 generum,
1131 1327 1184 1388 sed
1213 1329 1243 1385 in
1267 1322 1525 1401 qualibusnam,
1558 1329 1593 1370 ex

243 1411 453 1488 inaequalitate
482 1423 617 1476 tonorum
645 1422 765 1496 majoris
794 1430 823 1481 et
844 1424 977 1491 minoris,
1009 1427 1041 1478 nt
1063 1421 1083 1477 ii
1108 1409 1419 1490 ln'diagrammatibus
1442 1407 1501 1463 sint
1522 1416 1594 1460 eon·
1659 1411 1664 1426 ⁸

243 1506 291 1562 us
310 1516 343 1558 se
366 1498 504 1561 distincti.
548 1501 624 1565 Nam
646 1508 777 1585 syllabas
805 1508 851 1584 Ut,
875 1509 929 1585 Bc,
953 1506 999 1567 Mi
1020 1522 1139 1566 neeesse
1162 1507 1292 1564 estesse
1314 1494 1466 1575 generales
1488 1497 1518 1550 et
1539 1505 1594 1563 sp-

244 1586 397 1663 plicabiles
424 1596 484 1648 mm
506 1593 620 1668 ‘maJori
651 1613 739 1671 quam
768 1599 870 1656 minori
902 1605 988 1669 tono,
1028 1610 1118 1670 quare
1148 1599 1296 1665 utcunque
1326 1583 1507 1644 satisfacient
1538 1576 1595 1633 hue

245 1674 496 1737 denominationes
519 1695 622 1741 canere
645 1682 824 1744 discentibus
847 1691 877 1744 et
900 1683 1045 1758 organicis
1067 1681 1212 1758 practicis,
1236 1685 1268 1736 at
1288 1672 1456 1733 theoreticis
1478 1666 1596 1724 minime

244 1763 444 1827 satisfaciunt„
479 1764 523 1824 Ex
547 1766 604 1827 hoc
626 1772 714 1847 igitur
736 1771 831 1832 oiiieio
855 1772 912 1836 hae
934 1772 1054 1843 literae,
1089 1765 1206 1843 quando
1229 1761 1426 1842 praefiguntur
1448 1754 1597 1830 diagram-

245 1851 339 1923 matis,
363 1849 463 1910 claves
486 1854 627 1931 appellari
649 1858 760 1933 solent,
795 1859 874 1937 quod
898 1861 960 1919 sine
983 1860 1020 1915 iis
1043 1857 1153 1915 cantori
1183 1870 1240 1912 non
1264 1855 1366 1927 pateat
1395 1847 1543 1921 ingressus
1567 1839 1596 1894 iu

246 1936 434 2011 diagramma.
480 1939 608 2001 Eaedem
639 1963 709 2006 sero
737 1946 839 2007 literae
871 1950 960 2008 etiam
989 1943 1163 2004 adhibentur
1193 1944 1221 1999 in
1246 1939 1362 2013 organis
1385 1932 1517 2002 musicis,
1551 1929 1597 1983 in·

247 2025 412 2083 scribuntur
434 2028 510 2085 euim
533 2032 693 2092 manubriis
714 2033 889 2111 plectrcrum
913 2038 943 2093 in
966 2033 1072 2106 tensis,
1102 2038 1153 2089 aut
1181 2027 1399 2107 epistomicrnm
1416 2023 1459 2076 in
1482 2015 1598 2085 infletis,

247 2127 348 2187 aqua
369 2114 557 2190 inscriptione
584 2122 737 2181 manubria
760 2122 811 2181 illa
840 2126 958 2200 privato
978 2122 1044 2196 jure
1074 2116 1172 2178 claves
1198 2114 1346 2186 dicuntur,
1381 2116 1410 2168 et
1432 2104 1503 2166 ordo
1526 2105 1598 2178 ipse,

247 2214 301 2257 seu
322 2207 453 2276 systema
480 2220 516 2261 ex
547 2209 707 2267 manubriis
730 2211 866 2270 omnibus
890 2201 1086 2277 ‘elusionum
1116 2205 1172 2266 bed
1197 2197 1329 2280 (tinniet,
1361 2207 1389 2256 et
1417 2189 1600 2252 instrumenti

249 2301 342 2361 genus
365 2287 611 2370 clavicbordium,
635 2296 713 2372 quod
737 2297 863 2358 chordae
887 2297 1037 2368 clavibus,
1061 2294 1117 2352 boe
1140 2298 1185 2352 est
1207 2288 1365 2348 manubriis
1387 2284 1456 2343 soris
1480 2279 1601 2355 depres-

250 2375 290 2432 sis
312 2372 490 2451 piscinisque
513 2380 590 2441 intus
614 2382 831 2459 exsilientibus,
854 2385 1016 2464 pulsentur.

337 2458 414 2535 Quin
437 2465 525 2524 etiam
547 2479 615 2527 sunt
638 2470 859 2548 diagrammata,
881 2491 935 2550 pro
958 2470 1113 2548 organistis
1135 2466 1222 2525 scribi
1244 2461 1342 2532 solita,
1367 2460 1397 2516 ln
1419 2455 1525 2533 quibus
1547 2467 1601 2526 pro

251 2546 336 2606 lineis
358 2551 450 2625 nigris
472 2562 539 2612 sunt
554 2559 644 2616 series
666 2559 824 2633 literarum,
848 2561 1048 2626 indicantium,
1073 2570 1218 2631 quaenam
1241 2550 1339 2610 claves
1361 2547 1443 2621 tangi
1466 2541 1602 2608 debeant,

252 2634 305 2693 nbi
325 2634 430 2696 literae
452 2647 520 2698 sunt
543 2660 595 2717 pro
618 2649 712 2724 notis,
744 2665 818 2723 quas
841 2648 1022 2708 adhibebant
1044 2643 1256 2718 diagrammata
1284 2635 1424 2704 cantoria,
1456 2632 1486 2687 in
1509 2625 1603 2684 lineae

253 2727 306 2779 ant
337 2723 493 2784 intervalla
521 2733 644 2805 positas.
699 2734 784 2795 Circa
810 2735 912 2796 literas
940 2734 995 2792 bas
1023 2731 1124 2806 aliqua
1153 2727 1238 2787 nobis
1269 2726 1392 2782 veniunt
1422 2711 1606 2778 observanda

252 2808 391 2885 jucunde.
437 2812 565 2875 Primum
588 2836 645 2877 non
671 2839 771 2882 omnes
794 2827 896 2885 literae
919 2826 981 2883 suis
1003 2822 1190 2896 imponuntur
1206 2814 1292 2873 lineis
1315 2820 1344 2871 et
1361 2802 1533 2877 interuallis,
1556 2797 1608 2859 sed

257 2894 353 2956 ⁸⁰¹i¹m
376 2899 460 2970 iiiii,
487 2898 524 2977 F,
552 2902 587 2973 G,
615 2905 786 2986 aquosas
810 2912 893 2972 locus
916 2913 967 2971 uni
990 2925 1089 2968 earum
1110 2912 1154 2964 eet
1169 2920 1256 2979 super
1270 2900 1358 2971 linea,
1380 2895 1411 2955 B
1426 2909 1496 2954 vero
1520 2891 1609 2948 etiarn

256 2991 338 3058 tunc,
363 3001 428 3044 cnm
458 2986 667 3054 incumbebat
695 2999 724 3054 in
748 2998 912 3059 intervallo.
958 2994 1072 3056 Deinde
1102 2992 1186 3051 litera
1213 2988 1238 3050 Ο
1262 2988 1352 3047 babet
1374 2986 1491 3058 signum
1522 2977 1610 3051 longe

256 3070 421 3147 diversum,
446 3075 532 3150 quale
553 3094 594 3138 sc.
617 3081 665 3142 hie
684 3085 725 3144 ed
756 3084 832 3146 leurs
854 3089 980 3164 pictum3
1013 3064 1084 3160 putd
1113 3082 1227 3156 siguum
1258 3076 1315 3134 hoc
1343 3078 1444 3131 uatum
1472 3085 1507 3127 ex

258 3156 423 3220 detorsione
446 3165 605 3240 scripturae
628 3173 734 3232 veteris
756 3171 858 3235 literae
884 3175 914 3235 0.
961 3173 1036 3231 Nam
1060 3170 1130 3246 quia
1150 3161 1419 3225 latiscalamorum
1440 3173 1508 3215 mu·
1542 3140 1578 3232 Ξ

259 3245 396 3306 monibus
426 3250 584 3311 utebantur
613 3261 782 3335 scriptores,
817 3240 907 3323 notae
937 3259 1095 3337 pleraeque
1127 3250 1335 3330 compendiosa
1366 3247 1509 3321 scriptura
1542 3248 1578 3315 Ε

259 3332 368 3391 fiebant
391 3336 570 3414 quadratae,
592 3361 646 3404 nec
669 3355 784 3420 poterat
806 3352 842 3409 iis
864 3350 985 3410 calamis
1008 3343 1163 3404 rotundum
1187 3339 1329 3417 epingi3
1359 3338 1457 3409 itaque
1484 3328 1510 3389 0

259 3420 390 3479 lecerunt
412 3439 448 3482 ex
470 3426 560 3487 tribus
583 3428 716 3507 lineolis,
747 3451 805 3495 uns
829 3441 918 3510 tenui,
944 3439 1007 3495 vice
1030 3432 1180 3503 caritatis,
1210 3437 1239 3487 et
1261 3424 1375 3483 duabus
1399 3420 1518 3488 crassis,
1548 3419 1612 3477 sice

209 3532 211 3541 ν
260 3522 414 3581 comeum
447 3509 535 3572 ducto
558 3518 586 3573 in
610 3519 793 3582 latitudinem
832 3520 946 3586 eblamo
975 3524 1018 3582 sie
1040 3539 1089 3594 :-
1134 3514 1204 3576 Jam
1235 3511 1344 3573 lineola
1365 3509 1473 3579 tenuis,
1504 3522 1613 3584 prope-

261 3601 345 3654 rante
368 3595 490 3673 calamo,
515 3604 725 3680 utplurimum
747 3611 824 3671 lacta
846 3612 901 3673 luit
921 3612 1037 3688 longior
1061 3614 1090 3668 et
1112 3612 1229 3665 exstans
1244 3602 1381 3674 utrinque
1403 3594 1480 3655 nitra
1495 3610 1613 3666 eumue,

262 3683 306 3740 sic
331 3698 377 3761 ς.
422 3681 463 3744 Ut
484 3696 583 3749 autem
611 3711 719 3757 cernua
741 3702 976 3773 terminarentur,
1002 3694 1126 3756 lineolae
1148 3694 1259 3768 primae
1281 3684 1438 3765 parallelas
1460 3681 1614 3753 duxerunt,

265 3771 308 3828 sie
335 3784 386 3848 ῃ,
416 3781 446 3830 et
476 3777 519 3834 sic
546 3780 664 3841 tandem
694 3802 731 3843 ex
763 3785 877 3848 duabus
902 3787 1012 3847 talibus
1034 3781 1149 3843 lineolis
1171 3796 1231 3837 una
1253 3777 1332 3835 iacta
1354 3779 1412 3846 est,
1441 3770 1551 3847 primae
1572 3769 1616 3826 si-

265 3854 343 3936 milis
366 3863 396 3917 et
417 3860 567 3935 parallela,
592 3875 744 3947 totumque
767 3874 883 3950 signum
906 3876 967 3935 tale
995 3876 1048 3945 Ξ,
1079 3866 1175 3945 quod,
1199 3873 1231 3924 ut
1253 3870 1341 3922 notae
1363 3861 1445 3939 ipsae
1468 3860 1497 3914 iu
1520 3856 1614 3928 lineis,

265 3944 348 4002 hiatu
371 3944 476 4005 calami
499 3948 532 4008 fit
555 3969 675 4031 casnm,
699 3961 741 4019 sic
762 3969 807 4044 ξ.

353 4028 485 4092 Occurrit
507 4044 604 4099 tamen
627 4052 657 4103 et
678 4044 748 4120 hoc,
772 4065 810 4107 an
833 4067 891 4110 non
915 4052 1032 4125 signum
1053 4045 1110 4103 hoc
1133 4060 1167 4101 ex
1190 4058 1245 4098 usu
1269 4039 1364 4107 vocis,
1395 4032 1474 4092 scula
1496 4032 1617 4103 musica,

267 4118 351 4177 fuerit
372 4127 487 4197 natum,
512 4142 578 4185 cnm
600 4129 721 4207 figuram
744 4152 813 4210 prae
835 4155 868 4196 se
891 4133 1099 4211 scrutamine,
1130 4130 1213 4205 qnasi
1233 4124 1409 4203 principium
1431 4119 1530 4178 scalae
1552 4135 1617 4175 mu·

269 4206 349 4264 sicae
371 4213 533 4286 notaverit,
557 4215 607 4274 ubi
630 4222 819 4295 ponebatur.'
848 4226 894 4282 An
918 4223 1028 4295 verius,
1055 4222 1135 4295 prius
1159 4234 1194 4275 ex
1217 4214 1303 4272 litera
1329 4207 1470 4269 Oscalae
1488 4205 1617 4281 effigiem

268 4293 385 4367 iactam,
407 4304 511 4371 postea
533 4318 569 4359 er
591 4303 679 4382 louus
702 4308 807 4386 effigiei
831 4311 932 4371 crebro
953 4328 1008 4369 usu
1030 4306 1140 4366 scalam
1164 4301 1220 4361 dici
1236 4307 1379 4378 coeptum,
1403 4294 1482 4372 quod
1502 4294 1618 4371 proprie

270 4379 449 4457 diagramma
472 4388 555 4446 eret?
599 4391 672 4452 Cum
695 4413 765 4455 sero
795 4397 877 4457 locus
908 4416 965 4457 non
989 4402 1033 4456 est
1055 4395 1156 4451 literae
1183 4389 1208 4449 0
1234 4390 1262 4446 in
1291 4389 1369 4447 linea
1390 4382 1471 4460 (quia
1494 4380 1564 4440 olim
1589 4387 1620 4436 nt

269 4467 424 4544 plurimum
448 4471 542 4534 lineae
565 4488 646 4540 erant
669 4482 782 4543 tantum
805 4484 954 4565 quatuor),
985 4493 1055 4543 tune
1077 4481 1160 4541 loeus
1183 4483 1228 4537 est
1248 4474 1350 4535 literae
1375 4470 1407 4531 F
1426 4473 1455 4528 in
1478 4468 1619 4527 lineamnr

271 4572 345 4628 uua,
375 4575 451 4634 quae
474 4565 609 4623 scribitur
631 4571 660 4627 in
683 4573 785 4631 ceteris
809 4576 930 4633 vocibus
953 4571 1105 4632 altioribus
1135 4567 1263 4644 genuina
1285 4580 1340 4622 sua
1365 4568 1451 4631 note,
1481 4560 1510 4616 in
1532 4556 1619 4615 basso

272 4645 452 4705 semicirculo
475 4666 596 4712 recurvo
619 4672 685 4715 curu
708 4658 820 4719 duobus
839 4660 927 4737 juxta
948 4660 1078 4738 punctis,
1102 4653 1181 4733 quud
1203 4654 1317 4729 signum
1335 4656 1407 4726 puto
1431 4649 1505 4705 inter
1527 4645 1619 4715 initia,

273 4732 442 4807 priusquam
467 4735 701 4817 detorqueretur,
725 4746 815 4807 luisse
837 4765 973 4825 graecum
997 4772 1010 4826 y
1033 4741 1181 4828 (gamma)
1203 4735 1411 4807 minusculum,
1443 4736 1485 4793 sic
1508 4741 1541 4790 ut
1563 4731 1621 4789 duo

275 4826 384 4891 puncta
406 4820 508 4882 addita
530 4828 695 4904 significent
718 4833 873 4911 digamma,
898 4839 968 4912 quia
989 4842 1120 4893 nostrum
1144 4827 1177 4890 F
1196 4834 1240 4887 est
1263 4823 1441 4884 Graecorum
1465 4820 1573 4897 duplex
1591 4820 1622 4879 Γ.

276 4901 351 4969 uam
374 4922 392 4967 θ
415 4906 535 4979 (initii
558 4916 713 4985 detonsae
736 4922 812 4988 bane
833 4927 975 4991 rationem
996 4919 1132 5009 signandi
1153 4933 1242 4980 sonos
1262 4913 1429 4997 systematis
1451 4928 1503 4989 per
1525 4909 1624 4969 literas
