3567 5625
673 425 758 481 Liber
774 422 822 481 IV.
841 425 931 496 caput
947 424 1009 485 VII.
1158 426 1168 437 '
1392 434 1397 448 ¹
1425 423 1486 482 267

156 606 294 664 renititur
316 603 448 667 docuina
470 606 599 680 muium,
623 602 659 664 de
682 622 741 682 qua
762 605 835 664 satis
857 612 995 665 accurate
1018 606 1065 682 egi
1096 605 1125 662 in
1148 602 1257 662 Tertio.
1273 599 1489 660 interveniente

156 710 220 752 num.
246 693 295 750 ⁷0.
321 702 351 752 et
373 694 571 770 sequentibus.
1224 762 1234 773 ,

226 777 305 838 Satis
326 782 357 838 ln
379 778 676 858 praesentia'dictum
704 785 767 839 esto
791 780 827 841 de
848 778 995 840 humanae
1025 780 1113 840 etiam
1136 779 1251 838 animae
1279 774 1419 835 facultate
1442 774 1488 831 in-

157 867 244 927 feriore
267 866 361 943 deque
385 871 522 928 universa
544 866 600 927 hac
622 869 756 928 materia.
1199 928 1202 943 ,

228 953 318 1013 Porro
341 955 414 1015 haee
437 972 491 1031 ego
515 953 551 1014 de
573 957 672 1013 anima
693 953 842 1032 disputavi
864 955 1017 1029 hactenus,
1040 970 1098 1013 nou
1124 951 1259 1029 equidem
1280 949 1338 1009 boe
1356 946 1488 1018 consilio,

156 1049 179 1101 ut
194 1040 399 1119 philosophiae
422 1037 710 1102 divinae'studioscs
732 1045 851 1119 penitus
879 1059 1003 1103 evocem
1032 1039 1199 1101 electione
1223 1037 1490 1113 metaphysicorum

156 1137 301 1203 suetorum,
326 1139 396 1190 utve
420 1139 463 1189 tot
484 1129 618 1203 Plptonls
650 1136 679 1190 et
700 1130 868 1191 Aristotelis
897 1130 1102 1206 interpretibus
1130 1125 1373 1205 profundissimae
1404 1120 1489 1181 inda·

155 1218 226 1293 ginis,
251 1215 387 1290 Graecis,
412 1218 569 1292 Arabibus,
592 1216 722 1290 Latinis,
747 1217 883 1291 Plotino,
907 1216 1088 1290 Themistio,
1118 1212 1284 1290 Simplicio,
1316 1209 1489 1288 Porphyrio,
1600 1228 1602 1241 ·

157 1303 319 1378 Alexandro,
344 1304 467 1365 Averroi
490 1312 520 1365 et
543 1321 616 1380 quos
640 1304 688 1365 ille
711 1305 822 1381 allegat
843 1322 916 1365 suae
939 1306 1035 1382 gentis
1058 1319 1116 1361 non
1131 1318 1251 1379 paucos,
1274 1300 1438 1374 Boetioque
1462 1305 1492 1356 et

155 1393 339 1451 recentissimo
370 1393 620 1469 subtilissimoque
648 1391 678 1452 J.
704 1392 736 1452 C.
766 1392 935 1469 Scaligero,
967 1391 1003 1451 de
1034 1393 1134 1451 anima
1164 1389 1258 1465 deque
1288 1385 1491 1460 intelligentiis

154 1478 369 1556 disputantibus,
394 1479 495 1539 oculos
511 1479 699 1556 conligerem
723 1480 776 1540 scd
799 1488 831 1539 ut
852 1480 926 1539 haec
942 1497 978 1538 ex
991 1497 1058 1538 mea
1072 1478 1249 1556 professione
1273 1492 1367 1550 exque
1389 1474 1491 1531 intimo

154 1567 230 1642 hujus
255 1568 351 1643 operis
374 1565 544 1626 Harmonici
568 1583 645 1643 penu
669 1567 822 1644 depromta
843 1567 969 1627 necdum
985 1568 1066 1626 tacta
1082 1566 1120 1624 ab
1135 1567 1178 1637 iis,
1202 1561 1282 1639 quod
1297 1565 1397 1635 sciam,
1421 1578 1493 1621 con·

151 1653 363 1713 siderationibus
394 1653 509 1714 illorum
540 1653 630 1714 veluti
658 1655 853 1734 supplementi
884 1655 950 1715 loco
975 1653 1145 1732 adjicerem,
1177 1651 1255 1711 unde
1291 1651 1328 1710 ab
1351 1651 1406 1723 iis,
1441 1649 1491 1726 qui

151 1749 206 1819 post
227 1759 274 1800 me
297 1759 362 1802 sese
384 1741 453 1801 bule
478 1742 718 1819 contemplationi
740 1743 962 1821 metaphysicae
989 1741 1128 1814 dedituri,
1158 1749 1292 1800 auctores
1315 1736 1409 1796 dictos
1430 1735 1492 1796 lec·

151 1831 205 1902 turi,
229 1837 331 1889 nostra
354 1828 427 1888 haec
450 1830 544 1890 veluti
566 1831 765 1907 experimenta
787 1848 854 1891 cum
876 1830 994 1889 illorum
1010 1828 1283 1888 ratiocinationibus
1306 1824 1440 1884 collaturi
1463 1830 1492 1887 et

151 1926 295 1994 utrumque
328 1917 366 1976 ad
388 1918 509 1976 alterius
538 1915 638 1976 limam
660 1916 820 1995 ‚liberrima
851 1919 973 1977 rationis
1002 1933 1125 1977 censura
1148 1915 1277 1976 exacturi
1307 1920 1376 1971 sunt
1398 1909 1493 1988 (quod

150 2004 234 2064 latter
256 2022 275 2064 a
299 2022 345 2064 me
368 2003 424 2067 hac
446 2007 511 2065 viee
534 2004 643 2064 laetum
667 2010 733 2065 esse
757 2001 903 2087 minime),
927 2005 1001 2066 baec
1022 2003 1243 2082 metaphysicae
1262 2002 1404 2061 scientiae
1427 2016 1494 2076 pars

151 2090 268 2168 denique
291 2092 430 2152 illustrior
453 2100 482 2151 et
505 2092 680 2170 locupletior
704 2095 899 2170 omnibusque
922 2095 1049 2153 numeris
1072 2090 1236 2150 absolutior
1261 2084 1399 2149 constitui
1423 2103 1494 2164 pos·
1582 2082 1585 2093 ’

151 2180 193 2251 sit,
215 2178 294 2254 qnod
319 2188 351 2237 ut
372 2181 410 2239 ad
432 2179 555 2256 gloriam
578 2180 713 2240 Nominis
737 2178 1001 2261 superbenedieti,
1019 2179 1076 2238 Dei
1100 2177 1247 2238 Creatoris
1281 2175 1441 2234 visibilium
1464 2170 1494 2233 et

154 2267 351 2341 invisibilium,
386 2270 475 2344 inque
498 2276 688 2345 angmentum
709 2262 926 2330 'sanctimoniae
950 2275 979 2327 et
1001 2266 1185 2326 innocentiae
1209 2265 1286 2323 ritae
1311 2260 1494 2339 contempla·

155 2358 250 2428 torum,
275 2355 401 2430 donique
423 2357 454 2414 in
475 2354 601 2417 salutern
624 2363 774 2416 aeternam
791 2356 979 2435 plurimarum
996 2357 1157 2414 animarum
1174 2352 1268 2419 cedat,
1292 2350 1375 2409 illum
1397 2351 1506 2427 ipsum³

158 2436 245 2499 Deum
267 2442 409 2502 Triunum
430 2442 554 2521 supplex
576 2460 688 2520 precor.

662 2739 772 2799 Finis
799 2738 890 2799 libri
920 2739 973 2799 1v.
