3567 5625
685 409 769 468 hrber
785 412 818 467 V.
837 411 927 482 Caput
943 410 990 468 nt
1280 419 1283 426 “
1444 420 1506 482 321

244 583 509 663 Epiphonerna
531 585 582 648 IL.
627 586 744 648 Bonum
759 597 829 664 erat,
846 589 957 654 solidas
978 589 1089 667 figuras
1111 594 1141 650 in
1163 581 1265 668 genesi
1287 591 1510 654 intervallorum
1531 637 1533 646 ι

160 669 260 731 cedere
281 673 443 733 rationibus
466 674 641 735 harmonicis
663 674 888 754 harmoniaeque
904 678 1039 738 hinomm
1059 678 1186 755 maiores
1207 679 1366 741 harmoniis
1389 683 1509 744 univer·

159 758 270 819 salibus
294 762 432 836 omnium,
456 771 598 839 quantum
620 762 709 839 hans
731 773 793 824 erat
814 781 943 826 necesse.

243 846 371 908 Pulchro
395 866 465 908 caen
488 850 527 911 ad
548 852 703 929 septenarii
727 851 901 928 quadratum
923 855 964 913 te
990 851 1176 928 devenimus,
1197 861 1231 912 nt
1251 853 1310 915 hoo
1324 854 1414 916 veluti
1436 857 1522 922 eab-.

158 935 259 994 batum
283 935 431 1012 quoddam
453 936 601 1012 succedat,
623 940 791 1014 praemissis
812 958 864 999 sex
886 939 990 1000 solidis
1006 943 1163 1000 octonariis
1186 940 1337 1002 effatorum
1361 943 1397 1003 de
1420 960 1509 1020 opere

158 1022 315 1082 coelorum.
358 1023 465 1085 Merito
489 1029 577 1085 etiam
600 1026 794 1104 epiphonema
816 1029 886 1102 ieci,
917 1027 996 1105 quod
1020 1031 1093 1087 inter
1115 1030 1264 1090 axiomata
1284 1031 1431 1109 praemitti
1451 1048 1508 1107 po·

158 1114 229 1170 tuit:
253 1115 324 1188 quia
346 1115 436 1172 etiam
460 1114 541 1173 Deus
559 1114 623 1189 jam
647 1114 799 1176 defunctus
823 1132 913 1192 opera
942 1118 1098 1176 creationis
1125 1116 1202 1176 uidit
1222 1120 1338 1193 omniq
1362 1136 1441 1195 quoe
1461 1120 1505 1197 fe·

158 1205 250 1273 κιαι,
272 1206 301 1257 ct
322 1218 385 1259 ecce
406 1209 496 1260 aaut
517 1200 606 1260 valde
627 1202 717 1262 bonu.
1144 1251 1147 1258 -

244 1285 315 1348 Duo
336 1294 406 1348 suut
428 1288 663 1366 epiphonematis
686 1289 830 1349 membra:
854 1291 980 1368 primum
995 1288 1031 1350 de
1046 1289 1205 1351 harmoniis
1219 1291 1250 1349 in
1264 1309 1371 1369 genere
1385 1293 1429 1352 sie
1451 1291 1505 1354 de·

159 1379 346 1436 monstratur.
375 1374 453 1434 Nam
475 1376 526 1436 ubi
549 1374 678 1436 delectus
701 1386 746 1437 est
767 1379 841 1438 inter
865 1376 981 1438 diversa
1003 1395 1035 1438 se
1058 1387 1160 1439 mutuo
1181 1394 1240 1437 nou
1263 1396 1300 1439 ex
1321 1398 1388 1440 asse
1410 1380 1507 1441 imen-

159 1462 207 1532 tis,
232 1462 274 1521 ibi
297 1463 488 1539 praeferenda
509 1480 574 1525 esse
596 1467 809 1542 praestantiora
824 1464 1082 1542 derogandumque
1105 1466 1268 1540 vilioribus,
1289 1475 1431 1544 qnantum
1453 1487 1508 1530 ue·

158 1564 238 1607 cesse
272 1559 334 1624 eet,
366 1552 432 1627 ipsa
462 1568 520 1611 vox
541 1574 595 1612 roe
617 1574 739 1626 κοομον,
772 1569 848 1628 quaa
879 1562 1013 1612 ornatum
1041 1554 1203 1630 siguificat,
1233 1571 1355 1629 arguere
1382 1552 1507 1615 videtur.

160 1634 250 1711 Atqui
273 1646 384 1712 quanto
407 1639 469 1697 vita
490 1656 626 1717 corpore,
650 1640 742 1700 lorms
764 1642 900 1713 materia,
923 1647 1006 1700 nuto
1027 1648 1159 1718 praestat
1180 1647 1300 1702 ornatus
1322 1641 1508 1705 harmonicus

158 1726 336 1799 geometrico
359 1726 493 1803 simplici.
1496 1789 1500 1800 ,

242 1808 322 1871 Nam
345 1820 378 1870 ut
399 1816 579 1873 animantum
608 1828 731 1892 corpora
758 1812 871 1892 perficit
898 1816 975 1886 vita,
1009 1815 1079 1891 quia
1106 1812 1145 1874 ad
1174 1814 1251 1876 hauc
1272 1813 1418 1891 agendam
1438 1824 1508 1878 suut

159 1906 247 1959 ustae
272 1905 346 1972 (vids
371 1903 654 1974 lrn.1v.tol.256.],
674 1900 754 1978 qu'od
775 1919 812 1962 ex
834 1901 994 1978 archetypo
1017 1901 1128 1976 mundi,
1152 1904 1203 1979 qui
1225 1910 1271 1962 eet
1291 1905 1357 1982 ipsa
1380 1906 1508 1965 essentia

160 1983 269 2060 divina,
292 1988 441 2062 sequitur,
474 1990 517 2047 sic
538 1990 673 2066 regiones
695 1989 821 2065 planetis
844 1990 1000 2049 attributas
1022 1998 1128 2064 motus,
1151 1990 1258 2050 sideris
1283 2007 1430 2067 quamque
1452 1992 1509 2065 sul,

162 2080 304 2148 metatur,
337 2076 408 2150 quia
438 2082 471 2133 ut
492 2074 573 2134 sidus
604 2077 717 2136 moveri
739 2084 851 2154 posset,
885 2079 967 2153 regio
990 2076 1034 2136 illi
1060 2094 1115 2137 sua
1136 2076 1191 2136 luit
1213 2079 1373 2154 assignata.
1418 2077 1511 2155 Atqui

161 2159 272 2236 figurae
296 2162 426 2238 quinque
447 2161 558 2221 solidae
587 2164 617 2220 vi
640 2166 723 2223 vocis
755 2164 850 2241 ipsius
871 2162 910 2224 ad
940 2165 1037 2242 spatia
1064 2166 1216 2241 regionum
1245 2167 1390 2241 pertinent
1422 2173 1453 2227 et
1472 2164 1511 2227 ad

161 2247 277 2308 illarum
300 2264 512 2326 corporumque
536 2266 703 2327 numerump
731 2250 902 2312 barmoniae
934 2268 1005 2311 vero
1027 2251 1066 2310 ad
1088 2259 1194 2311 motus.
1238 2251 1366 2312 Rursum
1389 2259 1423 2313 ut
1444 2269 1510 2312 ma·

162 2338 235 2396 teria
258 2335 365 2396 diffusa
388 2345 432 2396 est
455 2347 484 2397 et
506 2335 658 2398 indefinita
681 2356 717 2398 es
739 2356 771 2399 se
800 2342 880 2416 ipsa,
911 2339 1004 2397 lorma
1026 2337 1160 2413 delinita,
1192 2341 1277 2398 unita
1299 2347 1329 2400 et
1352 2342 1511 2404 terminans

162 2424 227 2501 ipsa
250 2425 418 2483 materiam:
449 2427 492 2484 sic
515 2428 604 2485 etiam
620 2426 846 2503 proportionum
867 2426 1111 2502 geometricorum
1132 2425 1264 2486 infinitae
1286 2435 1368 2496 sunt,
1391 2427 1511 2492 nmmo·

161 2512 228 2570 niae
251 2527 375 2588 paucae.
406 2511 467 2570 Etsi
491 2515 566 2571 enirn
590 2514 666 2571 inter
680 2515 872 2590 geometricas
887 2515 976 2572 etiam
999 2515 1068 2572 certi
1091 2520 1160 2577 sunt
1180 2511 1288 2589 gradus
1311 2513 1511 2574 definitionum

161 2597 428 2674 lormationumqne
451 2607 481 2658 et
501 2602 732 2676 restrictionem,
766 2617 820 2660 nee
848 2600 949 2677 plnres
977 2601 1069 2659 tribus
1100 2604 1224 2661 existere
1253 2609 1376 2680 possunt
1398 2618 1435 2661 ex
1455 2600 1511 2661 ad·

162 2688 322 2764 scriptione
345 2686 459 2745 orbium
481 2685 519 2747 ad
542 2687 649 2764 figuras
670 2687 835 2766 regularem
858 2695 990 2748 attamen
1012 2687 1065 2747 has
1087 2690 1176 2748 etiarn
1199 2705 1352 2750 commune
1374 2705 1441 2749 cum
1462 2706 1511 2750 re·

161 2771 251 2850 liquis
285 2775 419 2834 omnibus
449 2774 584 2837 accidens
616 2778 762 2852 sequitur,
793 2773 873 2853 quod
897 2777 1141 2854 praesupponitur
1169 2773 1283 2836 infinita
1315 2778 1511 2854 quantitatum

162 2864 255 2920 sectio
278 2861 444 2940 possibilis,
466 2881 557 2940 quam
579 2866 668 2925 etiarn
690 2872 758 2924 actu
782 2861 999 2940 quodammodo
1022 2863 1178 2924 involvunt
1200 2863 1282 2937 illae,
1306 2881 1429 2942 quarum
1451 2874 1513 2927 ter-

162 2950 232 3007 mini
257 2963 326 3009 suut
347 2953 421 3010 inter
443 2968 475 3010 sc
497 2951 813 3014 incommensurabiles.
836 2951 1075 3011 enharmonicas
1097 2953 1300 3029 proportiones
1322 2968 1423 3013 ornnes
1444 2960 1514 3014 sunt

163 3036 307 3111 estabiles,
332 3040 460 3096 emnium
483 3042 595 3098 termini
618 3038 902 3115 commensurabiles,
926 3041 1004 3116 iique
1027 3038 1152 3100 desumti
1167 3056 1204 3098 ex
1224 3037 1383 3116 figmerum
1406 3039 1512 3118 plana·

161 3142 226 3183 rum
251 3132 330 3184 certa
353 3139 383 3184 et
404 3125 486 3185 linita
507 3129 613 3206 speeie.
657 3126 791 3187 Infinitas
814 3143 884 3188 vero
907 3129 1045 3187 sectionis
1067 3128 1236 3202 materiam,
1269 3129 1512 3189 commensuratio

164 3229 235 3272 vero
259 3230 311 3272 seu
335 3211 492 3272 affabilitas
523 3216 710 3277 terminorum
731 3214 853 3274 lormam
882 3222 1090 3291 repraesentat
1135 3210 1176 3274 Ut
1197 3215 1285 3291 igitur
1306 3217 1429 3275 materia
1450 3217 1512 3276 lor·

163 3317 254 3372 nram,
277 3308 311 3360 ut
332 3299 404 3377 rude
427 3317 547 3376 saxum,
567 3301 667 3377 justae
690 3301 808 3378 quidem
830 3303 1019 3385 quantitatis,
1044 3299 1139 3361 ideam
1162 3301 1282 3361 humani
1307 3303 1513 3380 corporique

162 3389 361 3465 geometricae
383 3386 519 3463 figurales
542 3391 743 3468 proportiones
766 3389 933 3449 harmoniae
947 3396 1106 3466 appetun13
1129 3405 1188 3448 non
1202 3396 1243 3448 ut
1264 3388 1377 3464 lingant
1399 3399 1429 3451 et
1450 3390 1513 3451 lor·

162 3485 246 3535 ment
268 3475 351 3549 illas,
383 3473 435 3549 sed
458 3478 527 3552 qnia
548 3477 622 3537 hace
644 3479 766 3539 materia
788 3475 825 3535 ad
847 3476 924 3536 hauc
950 3475 1089 3549 sormam,
1120 3475 1194 3536 haec
1216 3478 1281 3535 saxi
1303 3478 1451 3551 quantitas
1475 3476 1514 3538 ad

162 3562 241 3622 hauc
264 3563 397 3639 elligiem,
420 3563 493 3623 haec
515 3567 603 3625 etiam
625 3563 755 3640 figuralis
778 3566 925 3642 proportio
948 3561 987 3622 ad
1010 3563 1086 3624 hunc
1107 3562 1288 3623 harmoniam
1311 3561 1436 3640 quadrat
1457 3581 1514 3643 ap·

162 3653 238 3723 tius,
270 3661 303 3710 ut
325 3652 412 3727 igitur
434 3650 579 3728 fingantur
601 3653 817 3728 lormenturque
840 3650 982 3730 amplius,
1011 3652 1133 3711 materia
1156 3649 1273 3727 quidem
1296 3668 1315 3710 a
1336 3667 1391 3710 sua
1413 3650 1514 3727 lorma,

159 3755 269 3797 saxum
293 3730 311 3797 a
333 3737 447 3816 colapte
470 3741 499 3797 iu
529 3742 656 3818 speciem
678 3741 851 3812 animentls;
880 3739 1030 3817 proportio
1054 3755 1123 3799 vero
1153 3738 1268 3798 orbium
1297 3736 1465 3815 figuralium
1495 3756 1515 3798 a

158 3843 228 3898 suu,
252 3824 282 3883 id
305 3834 350 3885 cst
371 3828 535 3904 propinqua
557 3837 587 3888 et
609 3836 679 3906 apte
701 3826 862 3886 harmonia

252 3910 335 3987 Quae
356 3912 415 3972 huc
437 3932 528 3991 usque
550 3923 619 3993 suut
641 3913 735 3987 dicta,
769 3913 892 3974 clariora
914 3911 985 3972 liant
1007 3930 1043 3972 ex
1065 3911 1189 3973 historia
1203 3930 1342 3981 ‚mearum
1364 3914 1536 3974 inventio-1

158 4017 242 4059 num.
288 4000 363 4060 Cum
384 4008 452 4060 anta
475 4004 516 4059 24
538 4020 631 4062 anuos
654 4004 683 4060 in
706 4002 781 4062 hanc
804 3999 1079 4078 contemplationem
1105 3999 1288 4075 incidissem,
1319 4002 1443 4079 primum
1466 4003 1513 4061 in·

159 4088 292 4164 quisivi,
324 4105 392 4147 num
421 4089 596 4165 aequalibus
629 4088 860 4150 irrtervalnsun
889 4089 1016 4147 invicem
1046 4086 1187 4148 distarent
1214 4088 1300 4151 orbes
1328 4087 1513 4166 planetarum

156 4175 271 4251 singuli
294 4172 458 4255 (distentu.
475 4178 559 4237 orbes
582 4180 611 4236 in
635 4178 804 4254 Gopernice,
828 4193 883 4235 uec
906 4193 970 4236 sese
992 4183 1093 4236 mutuo
1110 4174 1282 4257 attingenti:
1305 4175 1378 4236 nihil
1401 4176 1512 4237 scilieet

157 4262 313 4342 pulchrius
343 4264 540 4339 mnoseebam
568 4265 757 4343 aequalitatis
786 4265 909 4324 ratione.
955 4262 1004 4322 Illi
1027 4280 1096 4325 vero
1125 4271 1214 4341 caput
1243 4271 1275 4323 et
1295 4264 1392 4324 canda
1413 4262 1512 4324 deest:

158 4349 278 4410 nullum
301 4352 378 4410 enim
400 4367 551 4411 numerum
573 4361 682 4414 certum
705 4369 859 4431 corporum
881 4350 1050 4425 mobilium,
1084 4349 1194 4410 nullam
1218 4358 1326 4412 certam
1348 4350 1511 4413 intervallis

158 4441 358 4515 quantitatem
388 4440 547 4516 praebebat
579 4440 652 4501 haec
678 4438 838 4504 materialis
871 4437 1046 4515 aequalitas.
1092 4437 1229 4514 Cogitavi
1251 4439 1339 4514 igitur
1361 4437 1398 4499 da
1419 4439 1512 4498 inter·

158 4523 310 4586 vallorum
331 4525 519 4586 similitudine
542 4526 581 4587 ad
603 4528 697 4603 orbes,
719 4525 749 4586 id
772 4535 816 4587 est
839 4525 875 4587 de
898 4526 1093 4604 proportione.
1130 4524 1369 4602 assequebatur
1391 4522 1512 4603 querela

157 4612 285 4689 aadcrn;
309 4631 377 4675 uam
400 4616 455 4674 etsi
476 4616 689 4693 proveniebant
711 4613 828 4691 quidem
851 4611 1007 4673 intervalla
1033 4615 1108 4673 inter
1130 4613 1216 4672 orbes
1239 4612 1407 4688 inaequalia
1427 4628 1511 4693 sane,

157 4712 193 4761 at
217 4717 273 4761 nec
295 4701 489 4778 inaequaliter
510 4701 688 4780 inaequalia,
711 4710 744 4762 ut
767 4701 830 4761 vult
844 4701 1035 4779 Gopenrieus,
1056 4716 1111 4760 nec
1132 4701 1282 4777 quantitas
1303 4701 1511 4780 proportionis,

156 4804 218 4849 nec
239 4805 376 4849 numerus
400 4790 513 4851 orbium
535 4791 722 4853 efficiebatur.
766 4788 903 4850 Transivi
934 4786 972 4847 ad
993 4785 1103 4864 figuras
1125 4786 1228 4866 planas
1250 4787 1415 4865 regularem
1447 4786 1509 4847 lor·

214 4898 440 4953 aermnae-v.
921 4946 924 4957 ,
1309 4892 1350 4953 21
