3567 5625
255 391 317 454 160
785 387 829 442 i>s
845 380 1070 456 Propertionibaa

362 564 446 626 Haec
467 569 535 624 sunt
555 562 609 624 illa
629 562 719 641 vulgo
742 564 890 625 celebrata
912 562 970 623 duo
993 572 1097 623 cantrn
1118 580 1239 639 genera,
1262 575 1292 626 et
1313 569 1392 644 prior
1414 565 1533 644 quidem
1555 566 1604 627 dl·

254 657 328 713 citur
350 659 484 713 cantus
505 650 653 723 mollis,
677 656 748 727 qnia
763 654 950 712 inveniuntur
965 654 994 710 iu
1009 667 1045 711 eo
1060 650 1195 711 ordinata
1216 653 1254 712 ab
1276 656 1337 714 ima
1354 671 1426 714 soce
1449 654 1605 715 intervalla

254 743 341 802 tertia
363 749 506 813 etsexta,
528 736 646 813 molles;
668 741 811 815 posterior
835 758 904 798 vero
928 749 1062 798 cantus
1086 737 1217 818 durus,
1246 740 1286 799 ab
1316 741 1448 817 ejusdem
1472 742 1604 801 denomi-

253 831 381 888 nationis
403 825 577 898 iutersallis,
600 824 704 886 eedem
727 825 792 886 loco
815 828 983 904 systematis
998 835 1122 886 octavae
1138 826 1287 900 ordinatis,
1311 846 1434 904 quorum
1455 832 1604 889 nominum

195 937 198 948 ·
255 920 329 976 ratio
352 914 430 974 dicta
452 923 497 974 est
519 916 614 990 eapite
638 915 666 972 5.
690 913 894 990 praecedente.
940 911 1194 988 Quemadmodum
1216 918 1293 974 enim
1315 916 1375 974 illio
1398 912 1439 999 ³7,
1463 917 1528 975 loeo
1545 920 1603 974 imo

254 1002 404 1063 eontulit
428 1000 486 1083 ij„
515 1002 558 1059 sie
577 1001 639 1075 jam
661 1002 710 1061 hie
733 998 773 1082 416
795 1017 853 1061 nun
875 1001 930 1061 lert
952 998 1010 1081 is„
1039 1004 1108 1076 qnia
1141 1009 1246 1062 natura
1269 1011 1371 1062 cantus
1394 1006 1527 1062 concinni
1560 1022 1606 1063 re-

256 1092 345 1167 quirit
368 1090 433 1163 lsoe,
456 1097 489 1147 ut
512 1089 598 1147 tertia
620 1105 686 1146 eum
709 1097 792 1148 sexta
814 1089 903 1148 iaciat
925 1090 1083 1164 perlectam
1105 1098 1239 1164 quartam
1262 1107 1314 1150 aen
1338 1091 1534 1150 diatessaron:

341 1176 419 1238 Hine
440 1179 529 1252 igitur
551 1185 673 1252 apparet
694 1177 837 1235 naturalis
858 1193 944 1254 sepes
967 1177 1117 1251 utriusque
1131 1179 1255 1252 generis.
1299 1177 1375 1237 Nam
1394 1195 1460 1238 cum
1474 1182 1503 1236 in
1519 1185 1607 1238 cantu

165 1258 167 1260 ¹
256 1264 339 1327 molli
359 1266 399 1324 sit
421 1266 480 1323 imo
502 1261 568 1323 loco
591 1257 641 1348 7„
665 1266 694 1321 in
717 1263 789 1322 duro
812 1261 851 1344 ⁴1,
875 1273 905 1324 et
927 1261 1089 1323 differentia
1109 1266 1269 1341 utriusque,
1292 1265 1404 1325 scilieet
1424 1266 1512 1325 diesis
1535 1262 1607 1348 ²7„

257 1371 317 1412 nou
340 1355 380 1412 sit
402 1369 439 1410 ex
461 1351 610 1411 concinnis
634 1350 802 1423 ordinariis,
831 1368 882 1428 per
904 1359 993 1427 caput
1015 1353 1049 1421 4,
1081 1368 1150 1426 ergo
1174 1367 1233 1410 non
1254 1360 1391 1428 poterunt
1412 1353 1516 1414 eadem
1537 1370 1608 1411 can-

255 1449 304 1500 tus
327 1438 468 1499 naturalis
490 1440 565 1498 serie
588 1437 676 1496 simul
697 1445 776 1498 stare
798 1440 857 1497 imo
880 1438 946 1497 loeo
970 1435 1012 1519 415
1036 1446 1066 1496 et
1081 1433 1131 1519 ι116,
1155 1437 1208 1497 sed
1230 1449 1362 1499 assumta
1377 1436 1419 1522 ⁴l,
1441 1425 1528 1500 tertia'
1543 1457 1609 1498 ma-

255 1529 330 1605 jore,
354 1526 443 1586 debet
463 1524 516 1585 illa
536 1528 602 1583 vice
624 1524 743 1585 exulare
766 1526 804 1583 ab
826 1528 886 1584 imo
908 1525 975 1584 loco
998 1524 1046 1605 li„
1071 1535 1122 1583 ant
1143 1525 1200 1585 hue
1221 1535 1338 1603 recepta
1353 1527 1514 1587 extruditur
1536 1526 1606 1601 illa,

185 1643 189 1652 a
257 1617 309 1675 ubi
332 1611 373 1696 415
403 1613 493 1673 trahit
513 1629 613 1672 seeum
637 1608 692 1694 ⁸l„
723 1621 753 1672 et
773 1607 813 1694 ὃ1Β
843 1611 933 1672 trahit
959 1629 1059 1671 seeum
1081 1608 1121 1691 ⁵l,
1149 1623 1261 1672 sentam
1287 1617 1437 1675 minorem.
1481 1614 1607 1674 Rursum

256 1712 356 1764 autem
380 1700 438 1760 hoc
459 1700 613 1760 discrimen
635 1703 787 1776 utriusque
809 1702 924 1776 generis
945 1699 1114 1760 humouiae
1136 1700 1219 1761 Deus
1242 1704 1305 1778 ipse
1334 1705 1364 1760 iu
1391 1703 1520 1763 motibus
1540 1703 1609 1780 pia·

257 1799 390 1851 netarum
412 1790 570 1866 expressit,
595 1793 628 1846 ut
649 1785 723 1846 libro
749 1787 784 1846 V.
807 1786 970 1847 audiemus.
1382 1811 1387 1822 1

343 1876 390 1935 De
420 1887 551 1935 veterum
580 1874 675 1933 tribus
705 1873 763 1933 illis
793 1875 964 1950 generibus,
998 1890 1130 1955 quornm*
1150 1872 1224 1935 haec
1251 1877 1383 1936 nomina:
1416 1875 1606 1947 diatonicum,

257 1964 483 2036 chromaticum,
513 1961 745 2032 enharmonium,
778 1962 825 2020 hie
857 1962 990 2022 consulto
1020 1961 1195 2037 supersedeo
1224 1962 1335 2034 dicere,
1365 1981 1403 2022 ne
1431 1962 1608 2022 confundam

258 2052 405 2112 lectorem.
450 2048 553 2108 Possis
575 2057 672 2108 tamen
697 2048 875 2109 diatonicum
898 2051 1082 2125 interpretari
1108 2060 1225 2109 cantum
1256 2050 1374 2123 durum,
1402 2050 1610 2110 chromaticum

261 2147 379 2200 cantum
401 2136 535 2209 mollem,
565 2145 617 2195 ant
646 2135 810 2196 diatonicos
832 2136 951 2213 quidem
978 2135 1124 2211 singulos,
1158 2136 1366 2196 elnomatienm
1389 2154 1458 2197 vero
1488 2141 1607 2196 mistum

181 2293 188 2306 ,
259 2244 296 2289 ex
318 2227 389 2285 duro
413 2234 443 2284 et
465 2224 555 2283 molli.
599 2222 827 2284 Errlrarmonium
852 2241 921 2284 vero
944 2222 1017 2282 nihil
1041 2223 1129 2282 lrabet
1151 2224 1329 2301 respondens
1359 2229 1386 2281 in
1410 2233 1497 2283 cantu
1520 2234 1609 2283 natu·
1697 2286 1700 2291 ,

258 2314 326 2389 rali3
349 2316 379 2371 in
402 2311 499 2371 usuali
522 2327 591 2371 uero
614 2313 726 2371 musica
747 2312 932 2388 respondent.
946 2310 988 2368 illi
1012 2309 1225 2387 quadamtenus
1252 2313 1433 2374 vibrationes
1448 2314 1530 2372 vocis
1553 2313 1609 2370 lrn·

259 2418 380 2474 manae,
402 2407 509 2460 tremor
532 2414 723 2475 organorum,
750 2397 931 2459 mordentioe
955 2401 984 2456 in
1006 2397 1114 2457 fidibus
1137 2399 1287 2475 pandurae
1311 2409 1338 2459 ot
1361 2400 1478 2458 similia.

259 2486 431 2639 Ptolem
451 2503 528 2564 qnae
555 2484 592 2545 de
619 2485 665 2545 his
696 2486 851 2563 generibus
881 2488 957 2546 inlra
978 2484 1162 2563 disputamus
1192 2489 1221 2545 in
1243 2487 1406 2564 appendice
1438 2485 1611 2548 adtentum

822 2805 963 2879 CAPUT
990 2805 1057 2878 llll.

194 3002 199 3009 ’
260 2991 308 3050 De
330 2988 495 3060 planaria
518 2986 797 3044 sectione'nnins
815 2995 959 3044 octavae
982 2990 1016 3044 iu
1040 2993 1186 3058 utroque
1210 3002 1332 3058 genera
1355 2995 1487 3058 cantus,
1513 2993 1547 3043 et
1574 2987 1613 3042 de

568 3072 693 3131 ordine
718 3076 868 3132 naturali
895 3076 1130 3131 cancianorum
1157 3075 1308 3130 omnium.
1583 3066 1599 3083 ‘

348 3258 442 3334 Igitur
464 3256 605 3315 haetenus
627 3261 732 3313 natura
752 3256 818 3331 ipsa
841 3253 978 3321 ostendit,
1002 3254 1031 3311 in
1054 3262 1141 3313 cantu
1155 3255 1236 3316 molli
1259 3256 1374 3315 tertium
1398 3254 1436 3315 ab
1452 3255 1526 3313 inira
1541 3270 1615 3313 con·

263 3349 380 3409 douram
412 3361 476 3406 esse
507 3351 608 3402 tonum
638 3343 777 3401 minorem
809 3335 878 3425 ⁹l„,
912 3348 1060 3418 quartum,
1092 3352 1191 3402 tonum
1217 3343 1359 3421 maj0rem
1380 3335 1437 3423 ε319,
1469 3343 1614 3418 quintum,

264 3434 452 3495 semitonium
487 3424 570 3513 ”sm
599 3431 627 3487 in
659 3438 746 3489 cantu
773 3446 844 3487 vero
874 3427 946 3488 duro
974 3431 1090 3488 tertium
1119 3429 1157 3489 ab
1186 3431 1259 3489 inira
1288 3426 1372 3512 'lim
1403 3437 1538 3505 quartum
1560 3423 1613 3513 ⁸l9,

263 3524 399 3599 quintum
421 3514 486 3602 ¹710.
532 3517 655 3576 Restant
677 3517 707 3575 in
729 3524 854 3593 utroque
876 3533 982 3594 genere
1005 3525 1107 3577 cantus
1130 3515 1227 3578 adlsnc
1244 3520 1347 3577 tertiae
1361 3515 1615 3593 binae,*singnlae

266 3612 392 3668 minores
422 3613 452 3667 et
480 3604 613 3680 singulae
635 3604 778 3681 majores,
808 3621 885 3680 qnae
914 3603 1038 3665 necdum
1066 3612 1134 3662 snut
1166 3604 1280 3665 divisae
1302 3613 1369 3665 actu
1392 3620 1443 3681 per
1465 3607 1612 3665 sectiones

157 3688 158 3691 '
263 3693 391 3757 chordae
413 3692 562 3752 naturales
585 3694 615 3749 in
638 3691 783 3752 elementa
804 3693 925 3752 minima
947 3695 1098 3751 concinna.
1140 3732 1144 3747 .

349 3781 479 3840 Primum
500 3779 668 3852 rideamus,
695 3782 724 3837 iu
748 3796 824 3854 qnae
846 3781 989 3840 concinna
1010 3780 1124 3856 possint
1145 3777 1197 3838 illa
1219 3777 1325 3854 dividi,
1353 3777 1458 3839 deindo
1481 3796 1541 3854 qno
1565 3795 1615 3838 or-

263 3870 331 3931 dine
354 3863 526 3928 collocanda
546 3865 605 3926 siut
625 3866 752 3942 singula.

350 3955 429 4015 Satis
450 3960 551 4012 antem
572 3960 678 4012 natura
699 3951 798 4025 docet,
828 3954 853 4010 si
875 3955 1023 4030 possimus
1046 3953 1097 4013 illa
1120 3952 1251 4013 dividere
1281 3955 1310 4012 in
1334 3952 1436 4012 eadem
1459 3951 1613 4025 clementa,

232 4060 234 4069 ⁴
265 4043 431 4120 exquibus
453 4039 595 4100 haetenus
615 4040 743 4099 vidimus
765 4047 913 4115 constare,
940 4051 1045 4099 natura
1068 4049 1263 4115 monstrante,
1294 4042 1476 4101 diatessaron
1504 4057 1614 4101 conso·

264 4133 390 4205 uastius,
411 4144 470 4187 nun
493 4126 599 4188 debere
621 4144 676 4187 nos
698 4129 740 4186 nti
763 4125 838 4199 aliis,
861 4145 983 4203 quarum
1007 4128 1141 4205 exempla
1162 4137 1267 4189 nunna
1289 4136 1510 4189 nonmonstrat.
1548 4127 1614 4186 Do·

268 4226 315 4279 cet
332 4219 424 4296 igitur
446 4214 638 4289 arithmetica,
661 4210 701 4296 ⁴),
725 4221 858 4275 constare
880 4232 917 4276 ex
938 4211 982 4299 ‘'l,
1003 4223 1032 4274 et
1054 4210 1123 4296 ¹’l„„
1153 4218 1195 4275 sie
1218 4213 1257 4298 ὁ16
1279 4235 1314 4276 ea
1336 4213 1428 4297 ει1,,εῑ
1454 4211 1529 4297 “tw
1567 4214 1612 4273 En

267 4304 371 4368 eadem
392 4304 548 4376 concinna,
577 4320 654 4379 qnae
684 4310 714 4362 et
735 4301 887 4362 hactenns.
933 4301 1020 4378 Quod
1047 4304 1103 4362 nisi
1126 4303 1307 4363 ordinaveris
1335 4307 1396 4362 imo
1418 4302 1484 4362 loco
1510 4304 1634 4363 tertiae'

265 4394 406 4471 cujusque
429 4391 572 4453 intenorts
595 4399 695 4450 tonum
716 4389 874 4466 majorem,
905 4406 965 4449 non
986 4392 1094 4466 poterit
1122 4409 1186 4452 esse
1219 4390 1327 4451 chorda
1350 4408 1409 4449 nna
1438 4392 1466 4447 in
1489 4396 1613 4466 ntroqne

264 4498 372 4559 gauere
393 4485 507 4540 cautus.
551 4475 584 4536 Si
612 4481 689 4538 enim
719 4479 748 4535 in
772 4488 860 4536 cantu
882 4475 965 4535 molli
990 4494 1049 4538 non
1071 4482 1181 4555 poteris
1205 4480 1263 4538 imo
1285 4477 1351 4538 loco
1381 4495 1489 4556 ponere
1512 4487 1613 4536 tonum

264 4568 418 4645 maiorem,
450 4571 565 4643 oportet
593 4567 683 4643 igitur
716 4573 749 4626 ut
775 4564 815 4623 ibi
846 4563 973 4625 colloces
1005 4568 1192 4626 semitonium
1226 4561 1305 4646 ¹·''i„,
1341 4568 1413 4640 qnia
1447 4564 1522 4624 haee
1554 4564 1613 4624 dno

220 4672 223 4675 ’
266 4655 331 4716 sola
352 4656 451 4713 insunt
473 4653 681 4739 inintervallo
704 4647 743 4734 ⁵l,
766 4650 902 4711 indiviso.
947 4652 982 4711 In
1005 4652 1076 4714 dnro
1105 4663 1205 4715 eontra
1233 4660 1310 4711 esset
1337 4651 1526 4712 collocandus
1553 4653 1612 4711 imo

264 4742 331 4803 loeo
354 4749 440 4802 tonus
462 4741 570 4814 minor,
600 4742 672 4817 quia
694 4737 767 4799 illud
789 4757 948 4800 consonum
971 4739 1144 4817 indivisum,
1172 4738 1283 4800 scilicet
1305 4740 1391 4799 tertia
1412 4739 1521 4815 major,
1554 4756 1614 4801 non

266 4829 356 4893 habet
377 4828 572 4903 semitonium,
595 4827 675 4904 quod
697 4835 785 4888 antea
807 4829 836 4886 in
859 4827 942 4888 molli
963 4829 1130 4906 ponendum
1153 4830 1256 4889 inisset
1274 4828 1333 4887 imo
1349 4826 1432 4903 loeo;
1456 4829 1498 4886 ita
1511 4824 1614 4889 tierent
