3567 5625
288 387 351 451 434
756 384 923 458 appendicis
941 335 1178 445 Harnnonicomm⁸

172 605 180 622 s
287 562 493 626 subterraneus
526 573 556 624 ει
587 564 683 626 calore
712 531 901 628 subterraneo
933 571 971 630 ab
1001 572 1100 628 anima
1121 566 1228 626 Terrae
1260 566 1404 625 concitato
1427 562 1575 624 resolutus
1604 564 1633 621 in

287 670 425 728 vaporem
449 655 656 729 exspiransque
679 656 707 711 in
731 657 867 732 frigidum
888 661 996 730 adrem,
1020 660 1159 716 continuo
1175 658 1205 713 in
1221 654 1343 712 formam
1358 669 1453 727 aquae
1470 654 1632 712 revertitur.

282 740 393 799 ‘Adhuc
415 742 503 814 igitur
525 741 599 800 bene
622 751 680 799 stat
703 746 801 801 anima
822 743 940 804 Terrae.

374 827 446 886 Post
469 831 736 902 argumentationes
760 830 797 888 ad
821 831 1037 891 conclusionem
1061 830 1178 889 tandem
1197 828 1326 900 denonis,
1350 843 1445 903 neque
1461 836 1559 890 tornen
1584 824 1637 884 dc-

286 915 358 973 sinis
380 917 832 993 intermiscere,consequentias.
876 919 908 977 Si
932 923 982 977 εει
1005 920 1072 976 talis
1096 928 1141 975 est
1163 919 1292 993 spiritus,
1317 917 1366 990 qui
1388 918 1480 973 sitam
1503 915 1636 988 inspirat,

286 1010 320 1060 ut
342 1012 374 1059 tu
396 1003 520 1077 probare
545 1006 625 1061 visus
649 1022 689 1076 es,
715 1023 770 1080 ego
793 1007 928 1077 refutari,
953 1019 983 1064 et
1006 1009 1029 1063 si
1055 1006 1142 1080 hujus
1158 1005 1276 1080 spiritns
1302 1006 1400 1061 atrims
1415 997 1521 1083 (qnam
1537 1000 1637 1058 mundi

285 1090 413 1149 animam
443 1107 506 1149 esse
529 1107 617 1166 supra
640 1088 780 1174 docuisti)
805 1105 850 1152 est
877 1096 953 1169 ignis
977 1093 1027 1167 (de
1051 1109 1110 1167 quo
1133 1092 1205 1149 alibi
1228 1091 1340 1162 sobrie,
1370 1088 1438 1149 vide
1461 1088 1563 1148 Herm.
1588 1088 1636 1146 lib.

285 1176 340 1235 IV.
364 1176 414 1235 fol.
439 1171 534 1257 255),
565 1181 649 1253 sequi
680 1182 733 1238 tibi
757 1180 886 1253 videtur,
920 1189 950 1238 ut
979 1185 1029 1239 aiir
1051 1182 1170 1255 recipiat
1201 1177 1367 1236 influentias
1399 1187 1429 1237 ct
1457 1175 1636 1234 radiationes

287 1263 429 1323 coelestes
461 1263 650 1340 infundatque
681 1280 812 1344 receptas
842 1270 870 1326 in
901 1271 1014 1326 uiscera
1045 1279 1146 1325 terrae.
1195 1267 1233 1322 At
1259 1265 1330 1322 milri
1361 1264 1417 1323 boc
1439 1280 1499 1321 non
1522 1262 1638 1322 videtur

286 1367 321 1410 ex
352 1351 409 1409 iliis
437 1355 535 1426 sequi,
566 1354 590 1409 si
623 1355 710 1411 etiarn
739 1373 808 1413 vera
837 1355 888 1413 iiia
915 1354 1081 1415 concedam.
1127 1353 1243 1428 Recipit
1265 1352 1395 1427 quidem,
1429 1350 1485 1410 boc
1515 1358 1562 1409 est
1583 1349 1637 1409 ad-

285 1440 374 1496 mittit
406 1442 455 1497 ae'r
478 1438 671 1511 radiationes,
702 1442 773 1499 nibil
805 1446 881 1500 enim
904 1443 970 1500 ilias
993 1441 1131 1515 impedit,
1160 1457 1196 1498 ne
1217 1437 1325 1499 'l‘errac
1348 1437 1466 1514 quidem
1488 1440 1637 1515 opacitas3

286 1529 484 1603 penetrantius
507 1528 614 1604 qnippe
639 1531 684 1584 vis
707 1541 751 1587 est
774 1532 964 1607 inconspicua
986 1530 1076 1604 radii,
1104 1545 1192 1602 quam
1209 1525 1313 1584 'lumen
1338 1526 1467 1584 risibile:
1500 1523 1635 1601 exemplo

286 1623 332 1672 cst
355 1615 446 1671 virtus
469 1617 642 1690 magnetica,
667 1632 742 1690 quae
765 1621 939 1693 transspirat
962 1635 1011 1692 per
1034 1632 1139 1673 aureas
1155 1613 1287 1672 laminas.
1333 1614 1372 1670 At
1388 1630 1444 1669 non
1468 1614 1512 1671 sic
1533 1614 1637 1687 recipit

286 1704 337 1759 abr
358 1700 552 1766 radiationes.
582 1710 614 1759 ιιι
637 1719 687 1760 εεε
712 1723 729 1761 a
752 1706 813 1763 suis
837 1705 1060 1762 formationibus
1082 1703 1267 1776 geometricis
1294 1700 1425 1776 singulas
1448 1701 1635 1758 internoscat.

287 1788 346 1847 Αἐἰ
368 1790 444 1846 enim
466 1790 588 1845 materia
611 1800 664 1858 est,
689 1806 793 1866 corpus
816 1802 872 1870 est,
895 1794 1073 1868 geometrica
1095 1788 1195 1863 anguli
1214 1786 1408 1863 pulchritudo,
1432 1804 1509 1862 quae
1530 1787 1636 1863 aspec-

287 1881 347 1932 tum
371 1874 485 1946 format,
508 1891 560 1932 ens
583 1879 703 1934 rationis
726 1888 788 1953 cst;
811 1882 909 1938 anima
933 1880 979 1937 vel
1002 1878 1090 1937 simili
1106 1876 1253 1948 facultate,
1276 1877 1398 1934 rationis
1419 1873 1634 1950 quodammodo

288 1963 438 2038 participe,
462 1978 536 2037 opus
559 1971 619 2032 est,
651 1972 682 2021 ut
705 1964 882 2025 radiationcs
906 1966 963 2025 bec
985 1976 1071 2043 pacto
1096 1955 1279 2039 recipiantur.
1325 1960 1384 2022 Sed
1407 1960 1510 2037 quales
1531 1979 1634 2036 recep·

288 2051 383 2107 tiones
406 2056 437 2105 ιιι
459 2056 580 2120 statuas,
606 2048 634 2107 id
658 2055 782 2127 probant
804 2062 874 2114 tuae
891 2055 1124 2125 transfusionem
1154 2051 1190 2109 de
1213 2050 1325 2126 liquore
1349 2050 1493 2124 loqueris,
1515 2066 1575 2108 uon
1600 2047 1635 2106 de

268 2127 453 2196 'affabilitate
477 2139 702 2213 proportionum,
727 2157 757 2199 re
779 2143 968 2215 geometrica,
991 2142 1109 2199 omnino
1133 2141 1217 2213 qussi
1241 2139 1277 2197 de
1300 2138 1382 2197 coelo
1406 2136 1556 2214 deplueret
1578 2135 1636 2195 ali-

289 2240 349 2299 qua
372 2224 506 2294 materia,
531 2240 619 2298 qnam
642 2236 673 2284 tu
697 2227 876 2287 influentiam
901 2228 990 2286 dicas.

374 2309 567 2368 Concluseras
597 2322 626 2370 et
656 2330 723 2372 ecoe
757 2318 884 2374 vicissim
916 2316 1012 2393 aperis
1035 2331 1143 2372 novnrn
1174 2322 1390 2388 argumentum:
1425 2309 1516 2370 Terra
1540 2310 1636 2383 passi·

284 2413 356 2454 vum
386 2405 431 2456 est
461 2397 650 2470 elementum,
686 2417 744 2458 non
774 2404 862 2478 igitur
889 2406 952 2478 agit
982 2404 1012 2460 in
1034 2406 1131 2460 aerem
1154 2404 1293 2460 activum.
1337 2397 1423 2458 Tolle
1457 2398 1633 2472 depositum,

283 2483 357 2541 nihil
379 2485 527 2560 pugnabo.
573 2485 649 2544 Num
673 2504 742 2545 vero
766 2489 831 2549 ideo
854 2507 961 2566 corpus
983 2488 1056 2548 illud
1079 2488 1215 2546 Telluris
1234 2490 1323 2546 etiarn
1351 2485 1500 2545 facultate
1515 2484 1635 2543 animali

285 2579 380 2644 caret,
412 2571 496 2645 cujus
518 2570 649 2631 efficacia
680 2592 804 2650 vapores
827 2577 1008 2636 subterranei
1041 2578 1130 2635 exciti
1162 2579 1302 2634 misceant
1331 2581 1363 2632 et
1397 2576 1516 2631 turbent
1538 2575 1633 2629 aerem

284 2657 391 2717 tunm?
434 2657 524 2717 Terra
552 2664 703 2735 passivum
734 2673 778 2722 est
800 2662 993 2736 elementum,
1028 2666 1116 2722 etiam
1140 2680 1205 2734 cunr
1236 2664 1265 2719 in
1289 2677 1408 2736 corpore
1430 2659 1559 2719 hominis
1580 2667 1633 2729 est,

283 2762 338 2804 nco
358 2752 393 2803 nt
415 2744 444 2803 id
468 2762 524 2804 nen
548 2749 586 2804 sit
609 2749 764 2825 impeditur
786 2751 823 2811 ab
848 2751 974 2809 hominis
997 2751 1105 2811 anima.

371 2832 446 2891 Tum
471 2835 558 2893 etiarn
581 2839 783 2910 quaestionem
806 2840 877 2897 mibi
900 2858 1010 2910 moves,
1033 2839 1148 2915 physici
1168 2840 1230 2895 ant
1250 2836 1360 2912 capuli
1380 2838 1430 2893 isti
1452 2852 1497 2893 nrt
1518 2834 1635 2894 movse-

283 2920 415 2979 mntici?
456 2920 642 2981 Perturbavit
665 2936 693 2983 te
716 2925 867 3003 multiplex
890 2928 1107 3002 aequivocatio,
1131 2933 1163 2982 ιιι
1186 2925 1233 2982 1ιὶε
1254 2926 1284 2980 in
1300 2942 1346 2982 me
1367 2932 1556 2996 consurgeres
1580 2923 1636 2979 im·

177 3068 182 3077 ,
260 3006 407 3082 ‘provide
432 3014 460 3066 et
488 3011 577 3068 irrito.
627 3011 692 3095 Nqn
714 3024 783 3072 sunt
804 3031 875 3072 sane
908 3018 983 3073 istae
1006 3014 1101 3072 lineae
1123 3013 1318 3071 radiationum
1348 3011 1445 3069 nudae
1466 3009 1634 3068 mathema·

284 3096 370 3168 ticae,
394 3104 461 3153 suut
483 3099 559 3155 enim
582 3097 713 3171 lucidae,
741 3100 791 3158 lux
816 3118 885 3161 vero
906 3118 952 3160 res
975 3110 1020 3160 εει
1041 3101 1180 3178 physica,
1205 3116 1259 3159 nec
1282 3106 1381 3157 carent
1403 3096 1636 3156 dimensionibus

283 3181 364 3255 suis,
398 3198 463 3240 cnm
486 3182 588 3243 stellae
612 3188 671 3244 sint
692 3184 814 3263 corpora
837 3189 1031 3264 omnibusque
1054 3190 1169 3265 punctis
1193 3186 1319 3245 luceant.
1365 3183 1443 3259 Quin
1469 3185 1546 3242 nitro
1570 3194 1636 3241 tuas

284 3268 439 3327 instantias
463 3272 577 3345 augebo
601 3276 818 3334 accessionibus
842 3275 1001 3351 ejusmodi,
1034 3273 1070 3333 de
1093 3276 1206 3350 quibus¹
1223 3284 1254 3333 tu
1285 3292 1321 3332 ne
1344 3274 1480 3346 cogitasti
1503 3272 1635 3346 quidem.

282 3353 349 3413 Non
374 3366 451 3427 suut,
475 3361 603 3434 iuquam,
627 3378 664 3418 ne
687 3362 849 3439 singulares
872 3363 991 3439 quidem
1015 3362 1129 3438 anguli,
1158 3376 1191 3419 nt
1213 3362 1286 3419 alias
1310 3363 1338 3417 iu
1362 3359 1486 3418 mathesi
1510 3360 1636 3418 demon·

282 3445 430 3501 strationis
453 3452 543 3504 causa
565 3449 743 3525 pinguntnr3
773 3460 836 3509 tota
860 3453 936 3511 enim
969 3457 1073 3508 natura
1095 3447 1276 3520 sublunaris,
1304 3458 1420 3522 quarata
1443 3458 1556 3522 quanta
1578 3454 1635 3516 est,

285 3529 414 3605 undique
435 3530 523 3606 plena
545 3544 589 3591 cst
611 3537 727 3609 angulis
749 3538 921 3611 sextilibus,
946 3554 1012 3596 cum
1033 3536 1093 3595 bini
1117 3534 1255 3612 planetae
1277 3534 1411 3594 sextilem
1433 3535 1558 3606 faciunt,
1583 3543 1638 3591 aut

286 3617 444 3691 quadratis,
469 3635 534 3677 cum
558 3622 743 3703 quadratum,
765 3628 803 3685 ob
826 3643 901 3700 qrtos
923 3624 975 3684 illa
996 3640 1095 3701 panno
1118 3622 1334 3699 quodammodo
1350 3624 1510 3697 comparari
1528 3628 1636 3697 potest,

286 3705 450 3765 subtemine
473 3709 645 3767 staminibus
678 3713 883 3772 intercurrente
907 3711 1045 3787 undique.
1090 3710 1177 3769 Radii
1205 3713 1282 3769 enim
1311 3708 1476 3784 aplanetis
1499 3708 1638 3769 omnibus

284 3789 322 3849 ad
346 3795 444 3850 omnia
467 3796 556 3853 totius
579 3797 678 3855 mundi
701 3810 810 3873 puncta
833 3799 1017 3859 delabuntur.
1062 3796 1120 3857 Tot
1136 3800 1223 3873 igitur
1238 3798 1403 3855 nominibus
1427 3795 1555 3854 concedo
1570 3796 1638 3865 tibi,

283 3877 462 3939 radiationes
488 3898 552 3940 esse
575 3883 721 3960 physicas.
767 3890 807 3944 Λι
829 3887 1025 3947 haecomnia
1047 3891 1075 3944 in
1097 3895 1220 3962 aspectu
1241 3884 1337 3943 adhue
1359 3891 1472 3942 tantum
1494 3884 1640 3941 meuriss

283 3980 336 4023 seu
359 3967 483 4043 subjecti
506 3971 649 4029 rationem
671 3972 798 4046 liabent3
828 3984 961 4051 superest
983 3976 1093 4046 formo,
1125 3977 1200 4041 ratio
1223 3973 1336 4031 scilicet
1358 3978 1512 4047 aspectus,
1543 3968 1638 4027 ducta

284 4067 319 4111 ex
342 4058 528 4130 proportione
550 4065 735 4132 geometrica,
759 4077 805 4118 res
827 4078 905 4120 mere
927 4062 1143 4130 mathematica,
1169 4052 1248 4119 mere
1269 4058 1485 4128 intellectualis,
1511 4066 1541 4116 et
1555 4073 1639 4132 quae

283 4140 313 4196 in
342 4140 451 4199 nullum
476 4159 580 4219 corpus
603 4147 691 4223 recipi
717 4148 762 4205 vel
788 4150 901 4224 inprimi
925 4157 1038 4224 potest,
1061 4164 1113 4207 seu
1134 4147 1260 4206 solidum
1282 4149 1320 4205 sit
1343 4145 1427 4218 illud,
1452 4155 1485 4205 ut
1508 4155 1586 4204 terra
1610 4153 1641 4202 et

283 4226 419 4301 metalla,
452 4246 503 4288 seu
527 4230 662 4305 fluidum,
686 4243 813 4309 utaque
837 4248 865 4295 et
884 4240 935 4294 aer
950 4246 1027 4295 tuus.
1072 4235 1138 4294 Hoc
1160 4237 1278 4310 inquam
1302 4233 1470 4304 discrimen,
1494 4248 1641 4309 separans

282 4314 414 4374 sextilem
437 4334 456 4374 ιι
478 4317 585 4393 septifi,
610 4328 642 4379 ut
665 4321 714 4380 ille
737 4325 775 4380 eit
797 4323 909 4395 efficax,
935 4326 990 4383 iste
1013 4341 1086 4395 non,
1110 4321 1197 4402 nulla
1214 4323 1326 4380 ratione
1350 4319 1438 4378 ullam
1462 4337 1640 4400 corpoream

282 4405 433 4460 materiam
456 4421 573 4465 movere
596 4417 707 4483 potest3
738 4410 859 4468 animali
882 4410 1022 4469 facultate
1044 4427 1118 4486 opus
1142 4418 1199 4476 εει,
1234 4426 1309 4485 quae
1331 4407 1473 4467 hactenus
1498 4411 1536 4467 sit
1558 4423 1640 4483 geo·

282 4491 402 4549 metriae
426 4493 570 4570 particeps
593 4503 621 4554 et
644 4497 708 4571 ejus
732 4497 849 4573 quidem
872 4500 1061 4573 congenitae,
1084 4514 1142 4555 non
1166 4496 1282 4557 demum
1305 4496 1584 4555 ratiocinationibus
1608 4502 1641 4553 ει

282 4574 442 4653 disciplinis
466 4583 635 4655 acquisitae.

368 4664 444 4722 illud
474 4684 542 4725 vero
572 4671 755 4729 ratiocinium
778 4680 859 4731 tuum
892 4689 951 4731 non
973 4672 1125 4748 intelligo:
1153 4674 1187 4731 in
1212 4671 1383 4748 primordio
1409 4673 1537 4745 ιρίειιιιι
1561 4667 1638 4729 Do·

283 4753 362 4809 mini
383 4759 482 4811 vectus
503 4762 544 4812 est
564 4760 716 4833 movitque
737 4776 828 4835 super
849 4764 947 4836 aquia
969 4776 1034 4821 non
1056 4763 1090 4819 in
1111 4761 1245 4820 umero.
1292 4759 1376 4833 Erpa
1399 4758 1564 4818 radiorum
1588 4759 1641 4816 oi-

281 4837 414 4898 ribiliom
445 4842 554 4916 onnon
583 4844 660 4919 fecti
691 4853 764 4905 sont
795 4849 830 4905 in
852 4854 942 4922 oete,
975 4866 1041 4909 non
1073 4851 1107 4909 in
1138 4855 1230 4923 terro.
1275 4847 1372 4907 Video
1405 4845 1538 4923 quidem,
1575 4860 1641 4923 qno
