3567 5625
634 560 878 616 Demonstratione.
915 559 999 618 Liber
1015 563 1036 619 Ι.
1113 547 1119 560 ⁹
1467 565 1507 625 83

158 739 258 817 potuit
279 739 443 815 significare
466 738 601 813 Terram,
626 737 655 799 et
677 737 786 801 mundo
810 739 1012 801 dodecatdron
1036 739 1170 812 adscribi,
1194 742 1264 816 quia
1286 739 1393 801 Terrae
1416 742 1508 800 curri-

160 825 337 886 culum-bac
358 827 453 903 figura
475 829 653 901 continetur,
688 827 841 889 duodecim
869 827 1060 904 longitudinis
1088 827 1221 905 partibus
1252 827 1435 902 distinctum,
1468 830 1510 887 uti

159 913 212 972 illa
233 914 328 990 ligura
349 914 504 973 duodecim
535 922 596 974 toto
625 915 737 974 ambitu
760 916 855 992 planis
879 918 1050 976 continetur.
1096 913 1182 991 Quod
1204 917 1291 992 igitur
1313 917 1341 974 iu
1364 917 1510 993 mysteriis

160 1001 413 1079 Pythagoreorum
440 1001 497 1062 hoc
528 991 615 1079 pacto
647 1005 775 1080 quinque
806 1003 916 1081 figurae
947 1002 1118 1062 distributae
1141 1004 1248 1061 fuerint
1270 1020 1328 1062 non
1351 1005 1425 1064 inter
1448 1002 1510 1063 ele-

160 1097 268 1164 menta,
293 1100 325 1148 ut
343 1089 518 1149 Aristotelea
532 1088 663 1164 credidit,
687 1092 738 1151 sed
761 1092 835 1151 inter
858 1093 939 1167 ipsos
953 1093 1104 1168 planetas,
1129 1089 1201 1150 iilud
1226 1090 1273 1149 vel
1296 1094 1421 1150 maxime
1439 1108 1510 1150 cou-

160 1177 264 1250 firmat,
289 1177 368 1253 quod
384 1177 506 1236 Proetus
529 1179 616 1237 tinem
638 1181 814 1255 geometriae
838 1180 915 1240 inter
939 1189 1050 1240 ceteros
1073 1177 1151 1236 hunc
1174 1176 1270 1250 tradit,
1294 1178 1373 1255 quod
1397 1180 1509 1254 doceat,

161 1281 219 1341 quo
243 1265 332 1323 modo
354 1264 463 1341 figuras
486 1269 692 1327 couvenientes
716 1266 831 1326 coelum
856 1268 941 1325 certis
963 1269 1009 1326 sui
1032 1266 1164 1344 partibus
1187 1268 1339 1342 acceperit

246 1350 380 1411 Necdum
409 1351 475 1411 linis
506 1360 550 1412 est
573 1353 687 1428 damni,
719 1353 798 1431 quod
820 1353 932 1414 Ramus
954 1355 1039 1414 nobis
1063 1352 1160 1429 dedit,
1190 1370 1256 1413 enne
1279 1352 1511 1412 sollertissimum

160 1447 374 1516 geometrarum
396 1439 602 1500 hodiernorum
625 1441 780 1516 Suettium,
804 1441 892 1519 plane
916 1443 1123 1518 suffragantem
1146 1440 1254 1516 Ramo,
1278 1441 1458 1519 praefatione
1481 1443 1511 1498 iu

164 1525 313 1603 ludolphi
336 1543 355 1585 a
377 1525 497 1586 Goellen
520 1525 756 1607 Problemata²lr
780 1531 904 1606 primum
919 1533 969 1605 ait,
993 1530 1035 1590 od
1056 1547 1146 1588 usum
1162 1530 1299 1589 inutilem
1316 1547 1374 1588 ease
1389 1528 1512 1589 diebu:

161 1631 229 1673 nem
259 1615 346 1673 mum
375 1615 576 1692 ineffabilium
606 1619 639 1676 in
662 1617 802 1676 tredecim
825 1622 941 1693 speeies.
987 1616 1137 1690 Concedo,
1169 1617 1194 1675 si
1220 1617 1331 1676 nullum
1355 1616 1404 1676 ille
1427 1635 1513 1676 usum

164 1710 318 1777 agnoscat,
348 1703 405 1760 nisi
428 1705 457 1759 in
481 1704 544 1762 vita
566 1708 711 1763 communi
741 1713 769 1764 et
792 1705 938 1762 ainulfus
968 1703 1244 1782 contemplationum
1267 1704 1454 1781 physicarum
1476 1707 1515 1763 sit

163 1805 234 1848 usus
257 1789 295 1848 ad
319 1792 419 1848 vitam.
466 1789 506 1849 At
528 1807 579 1849 cur
601 1809 659 1851 uon
683 1791 817 1851 Proetum
847 1793 993 1868 sequitur,
1026 1808 1115 1868 quem
1140 1791 1265 1868 allegat,
1298 1793 1349 1867 qui
1380 1793 1513 1867 agnoscit

162 1876 283 1953 aliquod
312 1877 407 1952 majus
437 1881 614 1954 geometriae
643 1880 765 1954 bonum,
798 1896 887 1956 quam
916 1886 984 1938 suut
1012 1888 1089 1937 artes
1122 1877 1160 1938 ad
1188 1882 1279 1937 uitam
1309 1875 1512 1939 necessariae?

162 1973 231 2024 tune
254 1964 390 2040 equidem
413 1972 442 2023 et
465 1964 569 2025 decimi
592 1965 658 2025 libri
678 1957 752 2026 'usus
775 1969 959 2043 apparuisset
989 1969 1018 2024 in
1047 1966 1238 2025 aestimandis
1267 1964 1422 2043 figurarum
1444 1982 1513 2041 spe·

163 2053 286 2113 debus
323 2052 441 2128 Allegat
462 2052 589 2114 Suettius
613 2063 747 2115 auctores
775 2063 954 2130 geometras,
984 2055 1035 2130 qui
1064 2069 1122 2113 non
1152 2061 1270 2113 utantur
1296 2052 1371 2114 libro
1401 2053 1513 2112 decimo

163 2139 305 2201 Euclidis.
350 2139 428 2200 Sane
451 2158 552 2201 omues
574 2141 617 2200 lili
640 2151 692 2203 aut
714 2142 836 2202 linearia
859 2149 986 2202 tractant
1007 2140 1190 2218 problemata
1212 2150 1263 2200 aut
1285 2138 1396 2214 solida,
1426 2148 1455 2198 et
1477 2139 1514 2199 de

163 2227 264 2304 liguris
289 2227 338 2287 rel
358 2230 573 2304 quantitatibus
595 2229 711 2305 talibus,
737 2245 813 2306 quae
835 2246 895 2288 non
917 2230 1027 2290 habent
1049 2228 1135 2288 linem
1157 2246 1242 2287 suum
1265 2230 1342 2287 iutra
1364 2245 1440 2307 sese,
1462 2224 1514 2287 sed

164 2315 318 2375 manifeste
340 2316 463 2376 tendunt
486 2314 523 2375 ad
546 2334 616 2375 usus
639 2317 714 2398 alips
736 2334 789 2377 nec
812 2319 875 2377 sine
899 2318 934 2377 iis
959 2317 1186 2394 exquirerentur.
1233 2315 1271 2374 At
1294 2314 1404 2394 figurae
1426 2331 1514 2391 regu-

165 2403 241 2462 lares
263 2411 382 2480 propter
403 2419 434 2462 se
456 2404 536 2481 ipsas
559 2406 748 2480 exquiruntur
768 2413 802 2463 nt
825 2405 984 2483 archetypi,
1007 2422 1091 2464 suam
1115 2406 1143 2461 in
1166 2420 1198 2463 se
1222 2403 1293 2480 ipsis
1316 2402 1425 2461 habeut
1446 2419 1515 2478 per·

166 2491 321 2550 lectionem
344 2497 470 2566 suntque
492 2493 567 2550 inter
588 2492 722 2568 aubJecta
744 2492 897 2570 planorum
919 2492 1151 2569 problematum,
1174 2508 1232 2549 nou
1256 2490 1407 2563 obstante,
1431 2485 1510 2565 quod

166 2577 262 2655 planis
285 2577 383 2636 hedris
405 2577 532 2636 solidum
555 2580 644 2638 etiam
667 2580 826 2640 clauditur:
850 2581 984 2642 similiter
1008 2589 1037 2641 et
1059 2580 1163 2640 decimi
1186 2578 1252 2637 libri
1275 2578 1398 2636 materia
1419 2577 1515 2652 potis-

166 2669 271 2725 simum
295 2664 333 2723 ad
357 2664 446 2742 plana
468 2668 602 2741 pertinet·
638 2666 706 2726 Cur
728 2667 815 2745 igitur
838 2668 1035 2746 allegarentur
1057 2663 1272 2742 heterogenea‘?
1302 2672 1354 2724 aut
1377 2680 1426 2722 cur
1448 2661 1515 2720 vilis

167 2757 340 2814 aestimatur
362 2771 458 2826 merx,
489 2770 577 2830 quam
601 2770 658 2813 non
682 2758 751 2816 emit
775 2755 902 2832 Codrus,
935 2765 966 2816 ut
996 2773 1030 2816 ca
1052 2764 1184 2817 ventrem
1206 2761 1325 2832 pascat,
1354 2753 1423 2812 emit
1446 2765 1515 2809 vero

167 2841 335 2919 Cleopatra,
359 2848 392 2900 ut
414 2858 498 2901 aures
522 2841 623 2901 ornet?
656 2844 754 2919 ,Crux
776 2851 890 2903 tantum
913 2845 1009 2904 defixa
1031 2852 1076 2904 est
1098 2841 1267 2920 ingeniis“?
1305 2839 1448 2917 Equidem
1470 2840 1515 2913 iis,

167 2932 215 3006 qui
238 2930 383 3001 numeris,
413 2928 469 2987 froc
497 2936 541 2988 est
570 2929 684 2990 effando
714 2939 821 2992 rorant
850 2933 1019 2993 ineffabilia.
1065 2932 1106 2991 At
1129 2948 1183 3008 ego
1214 2930 1268 2989 bas
1289 2931 1402 3005 speeies
1424 2933 1515 2986 nacto

166 3033 224 3076 non
247 3017 384 3090 numeris,
408 3032 467 3075 non
490 3034 542 3093 per
563 3015 721 3093 algebram,
745 3019 797 3080 sed
811 3022 1035 3080 ratiocinatione
1058 3021 1181 3093 mentis;
1204 3035 1275 3077 sane
1298 3017 1368 3092 quia
1389 3016 1425 3073 iis
1447 3013 1518 3072 mibi

167 3122 224 3164 non
249 3113 295 3164 est
318 3120 391 3181 opus
414 3103 452 3162 ad
475 3103 679 3165 subducendas
701 3109 829 3166 rationes
852 3116 1047 3185 mercatuqm,
1077 3106 1129 3167 sed
1151 3105 1189 3165 ad
1212 3101 1400 3181 explicandas
1423 3118 1517 3161 rerum

168 3209 283 3252 cauam.
328 3189 516 3267 Segreganda
539 3203 636 3252 censet
658 3194 780 3255 subtilia
801 3197 858 3254 ista
880 3215 900 3255 a
921 3215 1092 3275 ouorgeroosr
1122 3196 1210 3269 inque
1238 3190 1434 3251 bibliothecas
1461 3188 1517 3248 ab·

169 3277 338 3340 strudcuda.
383 3275 510 3337 Omnino
532 3277 624 3338 fidum
646 3279 731 3340 Remi
755 3281 930 3358 discipulum
959 3284 1022 3359 agit
1049 3298 1103 3342 nec
1131 3282 1259 3358 ineptam
1288 3277 1368 3338 locat
1388 3293 1516 3353 operatu

169 3367 280 3427 Remus
305 3363 438 3425 aedificio
463 3365 600 3427 Euclideo
622 3366 744 3429 formam
767 3369 892 3443 ademit,
921 3369 1036 3431 culmen
1065 3370 1192 3445 proruit,
1221 3368 1351 3443 quinquo
1380 3380 1518 3441 corpora;

170 3456 276 3531 quibus
300 3452 409 3512 ablatis
438 3468 594 3530 compages
626 3459 719 3515 omnis
751 3456 896 3516 dissoluta
922 3458 992 3531 fuit,
1024 3463 1103 3515 stam
1124 3456 1198 3514 muri
1229 3453 1305 3527 fissi,
1333 3453 1458 3511 fornices
1488 3453 1518 3510 in

168 3545 283 3601 ruinam
306 3544 448 3600 minaces:
473 3540 600 3601 Suettius
623 3545 712 3620 igitur
732 3547 820 3604 etiam
837 3553 1019 3604 caementum
1042 3545 1144 3617 aufert,
1168 3548 1201 3602 ut
1223 3541 1307 3616 cujus
1328 3541 1386 3598 nisi
1407 3538 1445 3597 ad
1467 3555 1519 3597 so·

169 3628 315 3689 liditatem
339 3627 441 3686 domus
464 3622 519 3687 su'b
543 3633 670 3707 quinque
693 3631 793 3709 figuris
809 3639 1032 3708 coagmentatae
1055 3629 1153 3690 nullus
1176 3636 1222 3690 est
1243 3646 1324 3688 usus.
1354 3624 1381 3685 Ο
1402 3625 1517 3686 felicem

169 3726 291 3795 captum
314 3714 463 3791 discipuli!
494 3733 581 3792 quam
609 3716 660 3776 ille
690 3718 788 3779 dextre
811 3718 965 3779 Euclidem
988 3717 1150 3794 intelligere
1173 3715 1274 3775 didicit
1297 3734 1315 3773 a
1336 3713 1446 3773 Ramol
1476 3731 1518 3774 se.

169 3805 235 3865 ideo
258 3810 366 3881 putant
388 3823 514 3882 ororysru
537 3803 631 3884 dicta,
658 3806 736 3881 quod
760 3809 925 3865 inveniatur
948 3809 977 3864 in
1000 3804 1121 3865 Euclide
1143 3805 1377 3880 propositionum
1398 3808 1426 3860 et
1448 3817 1519 3876 pro·

168 3892 331 3951 hiematum
355 3898 385 3949 et
407 3890 625 3959 theorematum
640 3895 793 3953 omnifaria
815 3896 915 3970 copia,
939 3894 979 3953 ad
1001 3909 1086 3953 omne
1108 3908 1201 3968 genus
1225 3892 1420 3967 quantitatum
1443 3890 1516 3946 arti-

168 3996 278 4056 umque
303 3981 379 4037 etrca
401 3977 467 4037 illas
483 3988 704 4056 occupatarum:
728 4000 793 4042 cum
815 3980 889 4041 liber
904 3999 1080 4060 στοιχειωσις
1102 3982 1142 4038 sit
1156 3979 1251 4038 dictus
1273 3995 1292 4037 a
1313 3977 1414 4049 forma,
1437 3972 1518 4051 quod

170 4084 284 4145 semper
308 4082 434 4142 sequens
456 4069 617 4143 propositio
641 4070 780 4130 inuitatur
801 4068 986 4147 praecedenti
1003 4085 1096 4145 usque
1120 4066 1157 4126 ad
1180 4066 1312 4124 ultimam
1335 4064 1401 4123 libri
1423 4063 1518 4122 ultimi

171 4157 293 4232 (partim
318 4161 346 4212 et
369 4152 435 4213 libri
459 4157 552 4230 noni),
585 4172 661 4231 quae
684 4157 765 4216 nulla
785 4160 914 4233 priorum
937 4173 1033 4215 carere
1055 4162 1163 4232 potest.
1208 4153 1252 4211 lix
1275 4151 1433 4211 architecto
1456 4149 1518 4209 sal·

171 4246 299 4304 tuarium
322 4242 432 4300 faciunt
462 4249 516 4300 aut
543 4247 753 4318 materiarium,
784 4246 997 4317 existimantes,
1028 4241 1178 4301 Euclidem
1209 4238 1275 4299 ideo
1306 4238 1412 4298 librum
1433 4248 1519 4295 suum

171 4331 338 4408 scripsisse,
363 4335 396 4386 ut
419 4330 553 4387 omnibus
576 4330 642 4389 aliis
666 4332 877 4405 commodaret,
910 4331 991 4391 solus
1013 4333 1076 4407 ipse
1099 4329 1246 4405 propriam
1270 4326 1386 4385 domum
1410 4324 1518 4381 nullom

171 4418 303 4478 liaberet
333 4414 392 4476 Sed
414 4416 481 4493 plus
503 4418 575 4476 satis
597 4418 741 4479 hocloco
764 4419 904 4494 dehisce,
927 4416 1131 4480 revertendum
1154 4422 1199 4474 est
1214 4413 1251 4472 ad
1268 4420 1357 4489 caput
1372 4413 1520 4469 orationis.

260 4503 336 4563 Cum
358 4504 436 4585 enirn
459 4522 614 4578 cunerem,
638 4523 721 4567 ueras
745 4515 774 4566 et
795 4509 939 4581 genuinas
961 4522 1055 4565 rerum
1071 4504 1312 4580 geometricarum
1336 4498 1521 4568 differentias,

172 4593 324 4670 aquibus
353 4592 546 4653 arcessendae
574 4592 644 4651 milri
672 4601 742 4653 sunt
771 4610 878 4653 causae
909 4593 1140 4653 harmonicarum
1168 4590 1401 4665 proportionum,
1432 4584 1522 4660 vulgo

173 4682 302 4758 ignorari
327 4682 453 4757 penitus,
475 4679 635 4753 Euclidem,
659 4683 709 4756 qui
730 4680 828 4741 studio
850 4680 917 4740 illas
934 4679 1101 4755 tradiderat,
1123 4676 1209 4734 Rami
1224 4672 1338 4734 cavillis
1354 4689 1524 4750 oppressum

173 4766 295 4845 explodi
322 4768 504 4845 strepituque
531 4766 746 4827 lascivientium
776 4768 950 4828 obturbante
980 4786 998 4826 a
1027 4768 1141 4825 neruine
1170 4761 1317 4833 exaudiri,
1348 4770 1401 4821 aut
1429 4761 1525 4820 surdis

174 4859 265 4914 etiarn
288 4871 406 4914 narrare
428 4854 636 4932 philosophiae
658 4859 815 4933 mysteria,
844 4856 997 4928 Proetum,
1029 4856 1078 4930 qui
1103 4862 1227 4911 mentem
1251 4846 1381 4908 Euclidis
1404 4852 1527 4926 aperire,

174 4945 315 5003 abstrusa
336 4958 451 5021 eruere,
474 4941 644 5027 'difficiliora
671 4952 758 5020 captu
784 4943 882 5002 facilia
904 4943 1024 5002 reddere
1046 4942 1198 5017 potuisset,
1227 4945 1256 4997 et
1280 4935 1440 4996 deridiculo
1464 4952 1528 4995 esse

175 5047 232 5090 uec
256 5028 472 5089 commentaria
494 5047 548 5088 sua
569 5047 662 5107 usque
685 5032 721 5090 ad
745 5031 849 5089 librum
865 5030 1010 5090 decimum
1027 5030 1229 5088 continuasse:
1256 5024 1314 5083 ridi
1337 5025 1394 5084 boc
1410 5024 1528 5083 omnino

1332 5126 1373 5181 6*
