3567 5625
641 465 884 526 Demonstrationis
918 463 1003 522 Itibar
1019 467 1041 521 1.
1452 470 1514 533 loo
1585 469 1589 482 '

171 662 251 716 mna,
273 644 325 704 aed
349 648 378 703 in
402 603 623 721 quinquangnlo
647 627 719 719 duo,
743 649 773 705 in
795 645 971 724 septangulo
994 653 1070 719 tres,
1095 647 1124 702 iu
1147 646 1315 722 nonanguio
1338 654 1465 725 quatuor
1486 656 1516 707 at

172 734 211 790 sie
234 740 463 809 cousequenter:
489 751 564 792 anna
586 735 663 793 enim
686 732 771 793 valor
793 742 838 794 cst
861 734 922 804 Bo,
946 732 1022 794 alter
1042 733 1107 807 BD,
1130 735 1234 793 tertius
1249 734 1309 793 ΒΕ.

254 817 293 878 Ut
321 822 409 896 igitur
441 828 594 897 appareat,
625 821 682 881 boc
711 839 806 897 genus
835 821 1030 898 investigandi
1058 821 1151 881 latera
1183 820 1293 897 figurae
1323 821 1412 898 plane
1442 821 1517 881 nibil
1613 859 1618 874 ·

171 924 319 968 sommusa
347 907 456 968 habers
488 926 553 967 cum
581 907 797 968 definitionibus
825 912 947 983 nomn,
978 925 1098 968 numero
1126 908 1156 978 l,
1179 907 1225 981 Il,
1248 908 1303 968 Ill.
1326 912 1513 987 praemissis,

171 995 284 1054 nonbia
305 996 415 1071 primo,
446 995 517 1071 qnid
539 995 708 1072 profiteatur
729 997 803 1057 baec
826 999 939 1057 oossica
965 997 1106 1056 subtansa
1128 996 1252 1073 Byrgiil
1296 997 1439 1057 Nimirum
1461 997 1518 1056 boo
1562 1056 1567 1070 ,

173 1082 218 1140 iiia
239 1083 409 1157 profitetur,
439 1085 465 1141 si
488 1085 709 1144 constituantur
722 1094 834 1161 septem
865 1086 942 1142 inter
960 1100 992 1143 se
1015 1086 1152 1144 continua
1174 1085 1407 1161 proportionales
1429 1087 1459 1143 in
1482 1101 1519 1144 aa

171 1173 370 1247 proportione,
401 1185 490 1245 qnam
512 1171 602 1231 babet
622 1170 701 1231 latus
723 1171 889 1249 septanguii
917 1170 954 1229 nd
977 1172 1226 1232 semidiamettum
1247 1173 1361 1247 circuli,
1394 1189 1517 1250 quarum

172 1257 430 1333 proportionalium
460 1260 554 1334 prima
583 1261 621 1317 sit
648 1262 744 1335 ipsum
771 1258 938 1336 septangali
967 1259 1060 1319 iatuat
1089 1267 1159 1319 tnno
1185 1268 1297 1336 septem
1321 1262 1428 1336 primas
1452 1277 1519 1320 enm

171 1355 280 1421 septam
304 1347 413 1420 quintia
437 1345 606 1405 tantundem
630 1346 753 1420 allicere,
777 1354 917 1423 qnantum
937 1348 975 1405 14
998 1348 1100 1407 tertias
1124 1365 1190 1407 cum
1212 1363 1272 1407 una
1292 1350 1425 1424 septima.
1449 1347 1516 1407 Hoc

171 1435 357 1492 mandatnm
385 1432 502 1508 quidem
534 1440 579 1494 est
610 1437 818 1508 geometricum
845 1444 874 1495 et
905 1433 1147 1513 demonstrabile,
1177 1450 1235 1493 nnn
1258 1437 1354 1495 miuus
1376 1452 1465 1513 quam
1487 1427 1517 1493 ln

172 1520 383 1595 superioribus,
418 1518 535 1596 quaudo
554 1519 786 1581 demonstratum
810 1522 880 1592 init,
914 1521 1033 1598 planum
1058 1522 1208 1597 oetnngnli
1230 1538 1295 1582 asae
1318 1539 1435 1594 meson,
1467 1531 1519 1581 ani

171 1606 244 1666 latas
267 1607 451 1680 dodecagoni
474 1625 539 1668 ease
562 1608 686 1684 alicujus
717 1610 811 1668 lineae
835 1617 1002 1686 apotomen.
1046 1609 1112 1668 illic
1139 1611 1215 1669 enim
1238 1607 1274 1669 ds
1296 1610 1386 1686 plano
1408 1618 1460 1668 ant
1482 1609 1517 1670 de

172 1694 244 1754 linea
276 1694 388 1770 aliquid
417 1696 640 1769 enuntiabatur,
675 1696 723 1755 bio
754 1698 790 1756 dc
820 1699 1008 1773 proportione
1035 1696 1179 1757 linearum
1201 1696 1313 1774 aliquid
1337 1697 1517 1758 enuntiatur.

172 1783 207 1840 iit
229 1783 308 1856 sicut
331 1799 389 1841 non
412 1782 521 1844 sniiieit
542 1782 613 1841 mibi
636 1782 674 1867 ad
698 1785 848 1843 seientiam
864 1791 895 1845 et
909 1783 948 1843 ad
971 1787 1217 1845 mensurationem
1239 1784 1329 1862 plani,
1352 1787 1425 1845 seira
1447 1783 1519 1843 iilud

172 1887 232 1928 ease
255 1886 368 1941 mesen,
391 1885 450 1929 uon
465 1869 503 1929 ad
518 1869 613 1930 lineae
627 1874 882 1943 mensurationem,
907 1873 980 1933 scire
995 1872 1075 1949 qnod
1090 1872 1142 1931 illa
1164 1875 1204 1931 sit
1220 1871 1345 1948 alicujus
1367 1879 1519 1949 apotome:

170 1973 233 2015 enm
263 1967 295 2015 et
323 1955 432 2016 multae
460 1960 518 2015 sint
546 1957 728 2033 hujusmodi,
759 1968 789 2018 at
815 1958 972 2034 descriptio
1003 1977 1039 2019 ex
1067 1960 1123 2019 bac
1144 1961 1260 2022 notitia.
1279 1960 1408 2034 generali
1430 1958 1520 2032 nulla,

172 2048 319 2119 qumtitna
341 2043 422 2120 plani
445 2043 492 2103 vel
515 2043 610 2105 lineae
631 2044 713 2105 nulla
727 2057 807 2105 certa
829 2053 859 2106 et
874 2047 1067 2106 determinata
1082 2054 1208 2121 eruatur,
1231 2045 1284 2107 abd
1307 2055 1523 2124 consequantur

172 2131 372 2190 tantummodo
401 2132 457 2191 bae
485 2131 652 2192 mendenen
681 2141 768 2192 antea
799 2136 973 2193 constitutas
1005 2142 1035 2194 et
1063 2132 1224 2211 descriptas
1252 2137 1444 2211 quantitates:
1478 2136 1523 2195 sio

173 2211 258 2278 etiam
283 2217 331 2277 bie
353 2233 411 2278 uon
434 2218 549 2289 adiicit,
572 2227 605 2277 ιιι
627 2221 727 2288 seiam,
752 2220 822 2297 quid
836 2223 876 2281 sit
889 2223 1030 2296 futurum,
1050 2221 1134 2281 iactis
1158 2229 1270 2299 septem
1292 2223 1428 2282 mannua
1450 2239 1522 2299 pro-

173 2305 387 2380 portionalibus
410 2308 438 2362 in
461 2299 659 2383 proportione,
681 2325 769 2384 quam
791 2308 933 2377 desidero,
956 2308 1009 2367 sed
1032 2326 1098 2367 eum
1121 2327 1186 2370 eam
1207 2310 1425 2387 proportionem
1446 2326 1523 2369 non·
1619 2317 1621 2326 ·

173 2394 237 2452 dum
262 2394 390 2453 habeam
419 2391 479 2453 ullo
507 2397 682 2468 geometrico
714 2401 781 2454 acin
811 2395 1001 2484 descriptam,
1031 2396 1104 2455 illud
1128 2398 1216 2474 igitur
1237 2397 1457 2473 exspectabam,
1490 2405 1523 2457 nt

173 2484 235 2556 quis
258 2498 307 2540 me
331 2479 449 2539 doceret
477 2483 557 2557 prins
586 2481 665 2541 iliam
692 2485 911 2558 proportionem
934 2485 1118 2543 constituere.
1163 2484 1213 2545 Sic
1235 2486 1312 2544 enim
1335 2485 1365 2541 ln
1388 2484 1522 2544 omnibns

173 2571 341 2645 paambsis
363 2568 463 2643 liguria
485 2568 681 2644 praecedebat
703 2567 873 2647 descriptio,
897 2572 1056 2646 inscriptio,
1081 2571 1284 2632 determinatio
1307 2577 1403 2631 nemo
1426 2587 1522 2648 qnan-

173 2659 264 2716 titstis
288 2663 443 2731 mrtusque
465 2664 549 2714 acius
571 2659 773 2731 geometricus,
797 2676 856 2735 quo
879 2657 1066 2734 perficeretur
1079 2657 1153 2718 baec
1171 2659 1392 2732 determinati03
1415 2674 1523 2733 sequo-

174 2746 257 2804 batnr
282 2742 397 2813 demum
421 2744 544 2803 scientia
565 2746 774 2822 proprietatum
798 2745 922 2820 iliarum,
946 2763 1023 2824 qnae
1046 2746 1194 2807 iaciebant
1216 2746 1253 2808 ad
1276 2748 1523 2825 comparationem

173 2836 245 2893 inter
267 2850 301 2891 se
321 2831 488 2907 figurarum.

260 2917 301 2979 Ut
323 2918 428 2978 clarina
451 2927 593 2996 appareat
616 2918 768 2979 discrimen
792 2922 943 2996 utriusque
965 2923 1022 2994 rei,
1051 2921 1204 2981 rideamne
1226 2920 1453 2999 pentagonleum
1474 2920 1522 2980 ln·

173 3016 225 3080 tns,
252 3007 338 3082 enjus
361 3004 542 3067 describendi
564 3006 668 3067 modus
691 3010 721 3064 in
743 3009 942 3084 superioribus
964 3008 1013 3068 bio
1035 3017 1105 3082 erat,
1128 3016 1162 3068 ut
1184 3008 1349 3084 nonjunctla
1373 3007 1524 3086 quadratis

172 3095 299 3165 duobus,
322 3110 381 3153 nno
403 3093 624 3168 semidiametri,
647 3094 738 3154 altaro
761 3095 824 3170 ejna
847 3094 987 3155 dimidiae
1010 3098 1118 3172 partis,
1142 3098 1172 3155 in
1195 3097 1316 3156 formam
1340 3096 1522 3174 quadratam,

172 3184 206 3241 ab
229 3180 322 3257 bnjna
345 3179 479 3255 quadrati
511 3181 603 3241 latare
624 3184 802 3242 auferremus
831 3180 980 3243 dimidiam
1009 3192 1122 3260 partem
1150 3184 1373 3257 semidiametri,
1404 3183 1524 3245 relictae

172 3270 268 3329 iineoe
292 3266 467 3343 quadratum
490 3286 603 3328 rursum
632 3287 697 3327 cum
729 3269 871 3346 quadrato
901 3269 1120 3341 semidiametri,
1133 3274 1326 3349 compositum
1349 3273 1379 3330 ia
1400 3271 1523 3331 lormam

171 3357 370 3431 redigeremus
392 3355 583 3434 quadratam,
613 3356 700 3432 liujus
731 3375 760 3415 n.
783 3357 919 3433 quadrati
941 3357 1019 3419 laius
1041 3360 1104 3419 iore
1127 3357 1204 3418 latua
1225 3360 1394 3436 pentagoni.
1439 3357 1523 3420 Haeo

172 3447 270 3503 omnia
293 3450 376 3503 erant
399 3443 477 3501 iaetu
493 3451 522 3504 et
536 3444 689 3520 possibilia
711 3453 741 3503 et
763 3444 895 3504 faciliora
910 3463 1000 3521 qnam
1021 3444 1109 3518 dictu,
1131 3453 1165 3505 nt
1186 3455 1301 3520 norunt,
1325 3447 1376 3522 qni
1400 3448 1524 3506 circinos

172 3538 309 3591 nactam.
355 3528 434 3604 Quid
456 3548 484 3587 ιι
508 3532 634 3603 facilins,
666 3549 753 3607 quam
781 3541 889 3591 rectum
912 3532 1053 3609 angulum
1076 3532 1166 3593 Gaii
1188 3530 1269 3615 (rig.
1294 3529 1330 3615 8)
1353 3534 1464 3607 iacere,
1495 3540 1524 3592 et

173 3620 200 3676 in
224 3619 293 3694 ejus
316 3617 447 3675 cruribus
478 3620 593 3694 signare
623 3626 656 3676 ut
685 3619 767 3678 lubet
790 3619 850 3677 nid
873 3619 997 3694 ejusque
1019 3619 1139 3696 dnplam
1162 3619 1235 3684 AG.
1264 3627 1294 3680 et
1322 3622 1420 3697 posito
1447 3620 1524 3699 pede

171 3708 273 3765 circini
297 3720 356 3762 uno
380 3706 408 3761 in
431 3702 475 3782 M,
497 3705 589 3765 altero
613 3708 640 3764 in
665 3706 692 3765 G
715 3714 850 3779 extenso,
874 3708 1000 3767 seribere
1022 3708 1162 3767 circulum
1184 3706 1246 3781 GP,
1270 3710 1440 3767 matinanta
1463 3708 1522 3768 itt

171 3795 198 3851 in
222 3794 258 3865 P,
284 3791 410 3867 danique
433 3790 485 3849 GP
509 3794 615 3853 airoino
638 3792 892 3872 comprehendere,
915 3800 946 3853 et
966 3796 997 3851 in
1019 3794 1108 3854 udum
1131 3795 1279 3868 circulum,
1303 3795 1386 3872 eujus
1402 3793 1457 3855 Gn
1474 3814 1524 3857 se·

170 3881 363 3949 midiametsr,
388 3879 513 3939 iniarro‘?

257 3969 300 4025 Αι
323 3965 391 4025 vide
413 3983 502 4038 nunc,
537 3965 715 4042 quidnobis
744 3967 780 4026 de
807 3965 900 4027 latere
930 3970 1127 4043 pentagonico
1156 3968 1238 4029 dieat
1258 3986 1343 4029 cossa
1363 3970 1523 4048 Byrgiana.

169 4055 226 4115 llla
239 4052 381 4114 methodo
403 4053 625 4129 pinnatensem
639 4055 736 4131 prodit
750 4072 902 4115 numerum
926 4051 1055 4114 51—5111
1074 4060 1106 4128 -i-
1130 4054 1166 4116 lv
1188 4059 1343 4135 aequalem
1365 4058 1524 4117 subiecisse

169 4143 259 4216 nulli,
290 4140 322 4198 id
350 4150 396 4200 eat
434 4143 457 4197 ai
481 4144 610 4217 quinque
632 4143 703 4200 bant
726 4141 826 4202 ordine
850 4144 990 4202 continuo
1012 4143 1260 4220 proportionales,
1283 4161 1407 4221 quarum
1428 4147 1523 4220 prima

170 4233 207 4289 ait
230 4230 311 4288 latus
333 4232 508 4305 pentagoni,
538 4232 688 4305 proportio
712 4247 783 4290 raro
815 4232 853 4288 sit
874 4228 942 4303 illa,
972 4248 1048 4308 quas
1076 4239 1121 4291 est
1148 4231 1246 4293 lateris
1274 4233 1462 4310 pentagonici
1484 4230 1523 4288 ad

169 4318 435 4389 semidiametrum,
467 4324 535 4375 tnnc
567 4319 695 4393 quinque
722 4319 830 4394 primas
858 4335 924 4377 oum
953 4335 1012 4378 una
1041 4321 1144 4395 quinta
1173 4319 1234 4380 iore
1264 4319 1405 4395 aequales
1433 4319 1521 4395 qnin-

169 4406 355 4481 quaternis.

256 4491 394 4559 Rursum,
418 4498 450 4548 ut
473 4491 501 4546 in
523 4489 706 4566 septaugnlo,
729 4508 787 4550 non
809 4488 896 4550 docet
918 4492 1093 4551 constituere
1107 4494 1273 4553 continuam
1295 4492 1521 4568 proportionem,

169 4582 197 4635 in
222 4596 283 4654 qne
306 4579 362 4637 boc
384 4577 444 4648 ilat,
467 4594 522 4637 nec
544 4579 677 4654 exprimit
692 4577 904 4653 longitudinem
926 4579 1188 4656 proportionalium
1210 4596 1261 4656 ptr
1276 4587 1343 4637 ante
1366 4585 1447 4658 nota,
1469 4579 1521 4639 sed

170 4666 265 4739 docet,
291 4684 328 4725 ea
350 4667 517 4738 constituta,
540 4682 616 4741 qnae
639 4676 777 4740 sequntur
800 4666 924 4726 adeone
957 4665 1070 4727 Jubaor
1084 4669 1173 4743 igitur
1193 4672 1410 4743 repraesentare
1431 4667 1523 4728 adec-

169 4756 294 4827 tionem,
328 4752 389 4812 iore
413 4754 505 4824 anim,
539 4761 572 4812 ut
594 4750 719 4838 babeam
741 4762 771 4813 et
792 4756 1018 4831 proportionem.
1043 4754 1104 4813 'At
1125 4753 1273 4831 quomodo
1294 4757 1521 4829 repraesentabo

168 4842 375 4918 affacdonem,
399 4857 457 4916 quo
480 4850 547 4899 actu
570 4840 771 4915 geometrico?
813 4840 902 4900 Nullo
925 4841 984 4902 alio
1006 4839 1037 4899 id
1058 4841 1166 4902 doceor
1187 4843 1299 4915 iacere,
1323 4858 1411 4918 qnam
1434 4860 1521 4903 asur-

169 4928 270 5004 pando
292 4929 520 5006 proportionem,
544 4943 632 5003 quam
647 4944 773 5005 qnaero;
795 4929 970 5005 principium
990 4931 1099 5006 petitur
1113 4938 1143 4991 at
1163 4932 1250 4991 miser
1271 4928 1442 5006 cumiani,
1467 4930 1520 4992 de·
