3567 5625
266 384 330 447 m
684 373 727 430 De
747 369 1014 441 Condgurationrbus
1031 370 1210 428 Harmonicis.

264 556 297 612 dt
313 555 360 609 iile
381 552 441 623 ipse
460 549 681 620 configurationis
699 548 823 617 angulus.
860 546 936 614 Quas
954 546 1027 602 inter
1038 548 1146 615 ugnus
1164 547 1300 617 quodnam
1319 550 1355 604 sit
1373 551 1530 623 diserinren,
1553 570 1624 625 quae

267 635 386 692 vicissim
405 631 548 703 cognatio,
572 645 606 683 cx
624 629 702 685 bisce
719 627 918 695 schematibus,
944 643 1015 698 qnae
1036 627 1100 682 binc
1118 628 1212 683 ordine
1234 640 1267 681 se
1294 636 1388 683 mutuo
1411 642 1626 700 consequuntur,

265 715 300 778 ad
319 713 425 769 oculum
442 714 527 781 parea
562 709 633 764 Bina
650 721 767 776 namque
790 707 931 762 schemata
952 714 1017 762 sunt
1034 704 1261 765 dnmmoacosa,
1284 707 1399 776 primum
1423 709 1554 766 diameter
1572 714 1625 769 sibi

399 827 449 874 m
463 822 498 867 Ἀ
631 789 698 859 ipsi,
717 805 766 844 sau
783 788 888 843 bisccet
906 785 1034 841 circulum
1054 786 1137 842 ducta
1153 801 1202 855 per
1219 792 1350 855 centrum,
1370 802 1418 841 seu
1436 797 1543 859 tangat,
1563 806 1625 847 cum

634 866 688 924 duo
704 866 773 922 radii
796 882 847 936 pro
865 866 966 935 angulo
991 865 1060 920 dnos
1083 872 1173 920 rectos
1191 879 1241 918 sen
1258 864 1350 933 potius
1371 867 1499 934 angulum
1520 870 1625 924 nullum

634 947 751 1015 iaciunt,
769 947 798 1001 in
814 947 916 1002 lineam
934 962 1015 1000 unam
1032 952 1135 1000 rectam
1154 943 1278 998 ordinati.
1314 943 1390 999 idam
1405 948 1577 1015 cogitandum
1591 949 1625 1003 da

633 1027 825 1096 conjunctione
842 1021 883 1099 (ι)
908 1026 951 1080 ιιι
973 1019 1014 1097 (ἦ)
1030 1023 1208 1092 planetarum,
1228 1037 1299 1091 quac
1309 1023 1456 1094 improprie
1474 1027 1626 1098 configura·

632 1107 672 1162 tio
689 1107 795 1163 dicitur.
830 1107 901 1161 Nam
919 1105 942 1159 si
960 1104 1015 1158 duo
1033 1101 1160 1173 planatae
1172 1102 1274 1159 fuerint
1289 1104 1341 1160 snb
1353 1106 1447 1161 eodem
1459 1116 1562 1176 puncto
1581 1125 1626 1162 ao·

633 1186 712 1253 ιιιιιι,
731 1194 797 1241 tunc
814 1183 842 1238 in
853 1192 949 1239 centro
958 1182 1073 1251 angulus
1083 1182 1233 1246 nullussst,
1250 1183 1278 1236 ιι
1291 1185 1508 1242 circumferentia
1526 1187 1627 1243 infiniti

634 1276 663 1321 at
685 1266 771 1323 latera
788 1264 891 1335 figurae
909 1270 973 1319 sunt
990 1270 1104 1332 puncta3
1125 1263 1241 1319 circulus
1260 1265 1364 1321 scilicet
1381 1273 1423 1321 est
1440 1266 1525 1322 ueluti
1539 1268 1628 1339 figura

630 1343 829 1414 inlinitaugula
864 1343 942 1399 Haec
961 1341 1140 1412 configuratio
1156 1359 1212 1398 non
1232 1343 1328 1400 babuit
1347 1362 1418 1415 opus
1437 1357 1626 1416 repraesenta·

631 1427 706 1483 tione
725 1423 836 1480 oculari.

721 1502 827 1558 Deinde
844 1507 1006 1569 tetragonus
1023 1501 1105 1555 stiam
1123 1501 1174 1556 sibi
1191 1502 1245 1572 ipsi
1258 1501 1442 1574 daueros-is,
1461 1506 1525 1576 quia
1543 1523 1628 1579 angu

634 1583 691 1653 lus,
709 1598 790 1652 quem
809 1581 863 1637 duo
879 1580 967 1635 latera
983 1578 1130 1634 formant
1122 1595 1150 1634 m
1175 1581 1402 1653 circumferentia
1430 1594 1564 1656 aequatur
1581 1602 1627 1641 an·

635 1664 726 1734 gulo
718 1679 746 1723 ru
765 1668 872 1728 centro,
897 1675 978 1729 quern
996 1657 1136 1713 subtendit
1157 1676 1240 1715 unum
1266 1661 1348 1717 latus.
1384 1663 1427 1718 Ex
1453 1681 1485 1719 eo
1503 1666 1628 1735 trigonus

635 1746 786 1812 hexagono,
804 1747 977 1812 pentagonus
996 1738 1092 1793 stellae
1109 1739 1343 1809 quinquangulae,
1361 1750 1512 1812 octogonus
1530 1746 1628 1801 stellae

635 1821 811 1891 octanguloe,
839 1820 994 1886 decagonus
1017 1816 1112 1872 stellae
1135 1815 1316 1888 decangnlae,
1345 1820 1536 1890 undecagonus
1562 1825 1629 1879 dno·

637 1900 803 1971 decanguiae
821 1897 1059 1966 ἆνιιπιιοιθαιινς
1084 1903 1115 1951 ιι
1133 1897 1155 1951 si
1173 1898 1254 1954 nnius
1272 1915 1306 1953 ex
1324 1900 1405 1956 sociis
1423 1902 1516 1969 anguli
1534 1919 1629 1958 omnes

633 1981 757 2051 inscripti
775 1978 885 2034 suntin
905 1974 1157 2042 circumferentiam,
1175 1974 1247 2031 latus
1261 1978 1320 2046 ejus
1338 1978 1478 2035 subtendit
1491 1983 1629 2052 angulum,

633 2058 730 2129 reliqui
754 2073 839 2112 unum
862 2055 891 2110 iu
915 2062 1008 2109 centro
1026 2053 1197 2109 collocatum.
1235 2056 1334 2111 Centra
1352 2066 1442 2113 autern
1465 2060 1629 2116 circulorum

635 2140 754 2195 omnium
772 2136 936 2192 adumbrant
953 2133 1077 2197 Terram,
1104 2132 1205 2189 uelut
1195 2151 1224 2188 ιι
1241 2137 1630 2210 mediositam;circuli1psi

633 2219 676 2275 ιιι
694 2217 849 2284 zodiacon,
869 2230 903 2268 ex
921 2214 1006 2267 Terra
1023 2212 1212 2283 imaginatum,
1229 2226 1449 2289 repraesentant,
1472 2221 1516 2276 rel
1534 2237 1629 2290 quem·

634 2313 741 2366 cunque
760 2295 842 2353 alium
861 2292 991 2348 ιιιιιιιιιιι
1008 2284 1120 2347 aodiaco
1133 2292 1347 2367 subordinatum,
1365 2300 1562 2357 metiendomm
1580 2318 1628 2355 an·

269 2379 394 2449 gulosum
412 2394 496 2434 causa
513 2379 707 2449 imaginamur,-
725 2375 821 2448 quales
840 2370 934 2429 circuli
951 2375 1088 2462 potestate
1107 2379 1172 2427 sunt
1190 2376 1296 2431 animae
1312 2378 1403 2447 ipsae,
1429 2395 1500 2447 quae
1517 2397 1629 2435 mosen

268 2469 312 2515 tur
329 2459 498 2531 aspectibus,
517 2458 609 2514 circuli
628 2457 687 2512 scii.
707 2457 767 2512 ab'
760 2470 820 2523 ipsa
836 2451 921 2507 veluti
939 2448 1089 2520 quantitate
1107 2452 1268 2510 abstracti
1259 2472 1342 2525 inque
1359 2457 1453 2526 puncti
1472 2459 1626 2527 qualitativi

269 2545 296 2592 et
312 2536 453 2607 plagarum
471 2539 581 2610 capacis
600 2538 741 2607 angustias
759 2534 871 2591 redacti.

353 2634 437 2690 Posui
455 2643 545 2692 autam
562 2636 656 2692 stellas
674 2635 741 2690 duas
760 2612 898 2692 radiantes
917 2641 996 2692 extra
1012 2635 1085 2690 buno
1102 2632 1242 2700 circulum,
1269 2634 1351 2688 aliurn
1370 2635 1425 2689 alia
1442 2634 1576 2709 altiorem,
1595 2645 1629 2694 ιι

269 2711 371 2766 oculari
388 2715 641 2806 repraesentatione
659 2730 807 2781 monerem,
825 2714 891 2770 nihil
911 2716 1015 2770 referre
1032 2714 1067 2771 ad
1085 2712 1352 2781 mnfigmauonan'
1344 2732 1371 2769 ιι
1390 2715 1484 2781 Τιιιι,
1502 2715 1574 2772 altus
1591 2732 1628 2771 an

267 2790 377 2847 humilia
394 2793 507 2863 planeta
524 2793 605 2849 sitm
622 2794 708 2856 coelo,
728 2803 755 2858 et
773 2811 857 2865 posse
874 2813 959 2852 unum
978 2795 1033 2851 alio
1050 2792 1142 2850 multis
1160 2792 1264 2848 vicibus
1276 2808 1338 2850 esse
1350 2792 1482 2865 altiorem,
1500 2803 1629 2885 manente

269 2871 364 2927 eadam
382 2873 622 2941 configuratione
614 2891 642 2929 ιι
659 2873 753 2930 Τιιιι.

357 2969 457 3038 Ροιιο,
481 2969 581 3038 quod
572 2986 600 3024 ιι
619 2970 754 3026 axiomata
772 2971 861 3042 primo
879 2987 933 3026 vox
951 2985 1104 3039 congrua
1125 2958 1313 3039 praecedit,’
1304 2987 1333 3025 ιι
1351 2971 1471 3026 secundo
1492 2986 1545 3024 vox
1564 2972 1629 3026 sci·

269 3047 368 3115 bilis,
385 3046 415 3101 id
432 3064 488 3101 non
504 3046 625 3110 fortuito,
644 3049 693 3104 sed
712 3050 803 3106 studio
822 3050 924 3106 factum
944 3057 994 3106 est.
1031 3051 1101 3105 Nam
1118 3049 1192 3119 quod
1204 3049 1303 3120 aliquis
1315 3058 1443 3118 aspectus
1461 3058 1503 3105 est
1518 3047 1628 3126 efficax,

268 3127 297 3182 in
315 3142 398 3182 causa
415 3135 458 3182 est
476 3132 592 3195 utraque
608 3126 707 3195 figura,
725 3130 848 3185 tamilla
865 3146 936 3199 quse
954 3130 1087 3199 inscripta
1104 3137 1147 3184 est
1164 3129 1193 3183 ιι
1204 3128 1454 3192 circumferentiam,
1473 3143 1554 3197 quam
1572 3127 1628 3194 illa,

269 3207 347 3275 cujus
360 3222 435 3261 unus
453 3204 569 3274 angulus
587 3205 720 3261 formauit
744 3223 795 3277 per
812 3208 904 3263 radios
921 3209 950 3263 in
970 3215 1075 3274 centro,
1099 3215 1216 3275 utraque
1238 3215 1294 3262 tam
1317 3216 1429 3276 propter
1446 3206 1628 3281 nubilitatem,

269 3302 350 3355 qnam
367 3293 481 3357 propter
498 3285 718 3355 congruentiam,
744 3303 799 3342 non
816 3287 845 3342 id
860 3294 951 3342 tamen
971 3286 1130 3357 aequaliter.
1165 3287 1241 3355 Quae
1260 3286 1350 3341 omnia
1370 3286 1492 3354 indigent
1509 3285 1628 3354 explica·

268 3366 343 3420 tione
360 3365 443 3436 paulo
462 3364 616 3435 prolixiori,
645 3380 716 3433 quae
733 3379 783 3418 cur
799 3370 856 3419 tam
875 3365 912 3419 sit
929 3365 1053 3435 spinosa,
1078 3381 1162 3421 causa
1179 3372 1222 3419 est
1238 3365 1333 3433 unica,
1351 3371 1383 3419 ut
1401 3373 1561 3434 aspectuum
1579 3381 1630 3418 nu·

268 3458 360 3499 merus
384 3444 579 3515 philosophicis
602 3443 753 3499 rationibus
778 3444 874 3512 minui,
902 3443 945 3499 rel
971 3444 1067 3498 saltem
1091 3445 1119 3498 iu
1143 3444 1244 3513 gradus
1262 3452 1352 3499 certos
1377 3442 1506 3512 distingui
1531 3444 1629 3513 possit

270 3522 339 3577 Nam
359 3524 381 3578 si
400 3522 434 3578 ad
454 3522 567 3578 usitatos
592 3530 655 3578 octo
678 3528 797 3591 quatuor
821 3522 935 3591 insuper
953 3521 1096 3576 admittere
1114 3521 1261 3577 voluissem
1287 3522 1346 3577 siue
1369 3522 1442 3576 omni
1467 3523 1630 3592 discrimine,

269 3603 404 3672 potuisset
421 3603 490 3658 baec
508 3602 658 3671 disputatio
677 3617 770 3658 carere
789 3599 894 3669 aliquot
913 3599 1091 3670 sequentibus
1108 3616 1186 3670 quasi
1178 3600 1437 3698 propositionibus,
1456 3601 1558 3670 quippe
1570 3611 1630 3657 tan-

274 3683 358 3739 tum
349 3699 377 3738 ιι
396 3682 600 3753 comparatione
618 3682 767 3751 occupatis.

357 3773 635 3853 Propositiol.
680 3772 779 3849 biaJor
810 3780 855 3832 est
884 3772 1080 3832 radiatiouum
1110 3775 1247 3849 cognatio
1279 3789 1344 3832 curn
1367 3771 1475 3856 circulo
1507 3773 1630 3850 ejusque

271 3864 411 3936 arcubus,
435 3880 524 3939 quam
549 3868 613 3922 erat
635 3862 902 3923 consonantiarum.

359 3962 443 4033 Crrjus
463 3961 640 4018 fundamenta
657 3962 727 4017 libro
743 3961 791 4014 ΠΙ.
810 3960 959 4029 praemissa
977 3967 1054 4026 errat,
1080 3959 1108 4015 id
1123 3959 1180 4028 jam
1198 3959 1226 4012 in
1244 3958 1343 4015 librum
1361 3960 1407 4014 IV.
1427 3960 1523 4015 merito
1541 3967 1630 4014 ιιιιι-

270 4050 424 4101 sumeretur
440 4051 472 4099 ut
490 4043 613 4106 oriamur
640 4042 772 4112 probatur
790 4048 879 4094 tamen
899 4040 946 4095 sic.
984 4041 1013 4106 1)
1032 4040 1233 4095 consonantiae
1251 4049 1315 4095 sunt
1332 4054 1469 4106 sonorum,
1488 4040 1548 4092 soni
1567 4054 1630 4092 oon·

419 4160 470 4210 m·
485 4159 519 4202 ‚a
665 4120 765 4174 sistunt
782 4119 810 4172 in
828 4120 956 4183 motibus,
974 4118 1137 4187 illorumque
1156 4118 1278 4172 acumina
1302 4126 1330 4172 et
1348 4118 1505 4185 ιιιιιιιιιι,
1530 4116 1630 4186 quibus

665 4199 858 4255 consonantiae
876 4198 1078 4267 exprimuntur,
1106 4197 1230 4252 oriuntur
1253 4197 1427 4251 sceleritate
1451 4201 1479 4249 ιι
1502 4194 1630 4251 tarditate

664 4279 794 4334 motuum.
812 4294 862 4346 per
880 4277 1065 4332 demonstrata
1082 4274 1143 4329 libri
1161 4274 1211 4328 ΠΙ.
1249 4277 1330 4343 Atqui
1356 4277 1463 4331 sonitus
1481 4276 1585 4331 celeres
1603 4282 1631 4331 ιι

664 4356 737 4412 tardi
756 4356 901 4410 eliciuntur
924 4356 1063 4411 extensis
1086 4354 1220 4425 pulsatis,
1244 4371 1299 4408 non
1322 4361 1427 4409 tantum
1450 4354 1474 4408 si
1490 4354 1648 4416 ιιιιιιιιιι,

628 4457 632 4465 ·
665 4437 701 4493 sit
719 4436 821 4499 tensio,
847 4435 999 4492 sedetiam
1021 4442 1049 4490 et
1065 4434 1152 4489 multo
1170 4434 1256 4500 magis
1278 4434 1303 4488 si
1325 4435 1473 4489 rectilinea.
1509 4434 1572 4489 Non
1589 4451 1629 4489 re-

665 4515 787 4585 spiciunt
804 4513 886 4580 igitur
903 4514 1096 4570 consonantiae
1111 4513 1265 4569 immediata
1276 4513 1406 4568 cuculum
1425 4511 1538 4580 ejusque
1551 4529 1629 4569 arcus

664 4608 748 4648 causa
766 4607 833 4648 suae
850 4591 954 4659 figurae
973 4591 1119 4660 circularis,
1138 4593 1187 4648 sed
1205 4608 1286 4648 causa
1306 4591 1483 4659 longitudinis
1502 4591 1628 4658 partium,

209 4693 213 4702 ⁴
283 4679 312 4722 ι’
348 4705 360 4728 ι
603 4712 627 4748 „4
664 4672 848 4744 proportionis
867 4687 904 4725 sc.
924 4671 1031 4725 illarum
1054 4680 1165 4727 mutuae
1188 4670 1357 4737 habentque,
1381 4669 1455 4736 quod
1472 4669 1629 4736 habeut,a

361 4731 455 4811 K
664 4749 780 4819 circulo,
806 4750 887 4804 etiam
906 4757 987 4817 tunc,
1011 4750 1034 4804 si
1051 4750 1168 4805 cuculus
1186 4751 1340 4808 destructum
1363 4748 1446 4818 inque
1463 4756 1567 4804 ιιιιιιι
1581 4764 1630 4802 ex·

663 4835 757 4886 tensus
776 4835 828 4887 est
863 4829 1001 4900 aspectus
1019 4836 1114 4886 contra
1131 4844 1181 4898 per
1199 4829 1382 4887 definitionem
1404 4832 1426 4886 i.
1445 4836 1510 4886 sunt
1527 4825 1628 4897 anguli,
