3567 5625
580 479 757 535 Harmouieis.
791 479 874 579 Liber
890 479 938 535 111
958 480 1047 549 Caput
1064 479 1123 536 XV
1465 481 1525 541 189

179 664 208 717 et
229 664 337 733 quarto
360 656 582 751 ecclesiasticis,
612 658 663 732 qui
685 655 807 735 Phrygii
828 660 993 731 veteribus,
1024 674 1109 718 verso
1131 662 1253 715 naturae
1276 654 1391 727 ordine,
1419 671 1528 731 queru-

176 744 246 817 lum,
267 724 403 804 iractum'
414 753 445 805 et
465 744 654 803 lamentabile
676 747 826 824 quippiam
842 750 941 806 sonari
957 754 1184 806 cousentaneum
1200 750 1252 803 ιιι
1299 744 1340 800 At
1355 760 1421 801 cum
1436 744 1526 802 semi-

177 834 290 890 tonium
312 839 357 892 est
377 831 444 891 loco
466 831 572 906 medio,
595 831 710 891 medius
731 842 777 892 est
797 834 919 893 affectus
936 833 1171 910 tranquillitatis,
1193 831 1394 903 humanitatis,
1418 831 1527 906 jucun·
1550 884 1553 897 ,

178 920 277 979 ditatis
299 937 336 978 ex
359 919 514 995 colloquiis
536 929 567 978 et
587 921 820 997 narrationibus,
843 922 951 998 quibus
972 923 1034 997 apti
1057 922 1165 999 primus
1188 928 1217 977 et
1236 917 1390 991 secundus,
1414 920 1528 994 generis

178 1025 219 1066 sc
241 1007 339 1066 mollis
362 1015 391 1067 et
414 1007 553 1078 feminini,
576 1023 651 1083 quos
673 1007 780 1067 Dorios
803 1008 873 1067 olim
897 1008 990 1068 dictos
1012 1017 1126 1086 putant.
1170 1007 1293 1065 Dorium
1315 1022 1387 1065 saue
1409 1008 1453 1064 sic
1475 1004 1529 1064 de·

178 1095 280 1154 scribit
302 1094 474 1154 Vincentius
497 1092 663 1166 Galilaeae,
687 1095 768 1171 quod
790 1100 829 1155 sit
851 1105 956 1155 natura
977 1095 1108 1168 stabilis,
1133 1095 1261 1170 quietus,
1293 1096 1355 1152 sine
1378 1093 1528 1165 violentia,

179 1192 266 1259 aptus
289 1181 328 1241 ad
350 1184 525 1258 gravitatem
558 1190 588 1240 et
610 1184 812 1259 severitatem3
841 1183 920 1259 quod
950 1183 986 1242 de
1010 1183 1124 1242 duobus
1146 1183 1226 1251 hisce
1254 1180 1413 1241 meandum
1435 1183 1529 1256 magis

180 1277 209 1329 et
230 1271 326 1329 miuus
350 1286 451 1328 vemm
474 1278 527 1329 est.
571 1269 647 1329 Nem
668 1286 783 1348 semper
809 1270 958 1330 molliores
980 1279 1094 1349 oportet
1117 1286 1181 1328 esse
1196 1277 1292 1327 'tonos
1323 1270 1385 1344 pari
1408 1284 1529 1327 numero

180 1357 288 1430 dictos,
312 1359 422 1433 quippe
443 1356 576 1433 plagales
597 1360 659 1416 suis
681 1358 839 1430 authentis,
863 1359 901 1417 ab
925 1361 1027 1435 impari
1050 1358 1252 1429 denominatis,
1276 1372 1430 1441 excausa,
1452 1372 1529 1432 quae

180 1444 268 1521 paulo
292 1452 381 1504 autea
400 1443 456 1503 No.
480 1444 533 1503 IV.
556 1444 647 1503 allata
668 1445 732 1503 init.
777 1444 881 1521 ltaque
905 1448 993 1505 etiem
1016 1443 1169 1505 Galilaeae
1198 1443 1330 1521 plagium
1351 1445 1437 1519 primi
1459 1444 1536 1501 iacit

180 1530 361 1609 lunguidum,
384 1530 519 1605 flebilem,
543 1531 767 1607 meticulosum
787 1541 900 1592 motum
922 1536 999 1593 euim
1022 1550 1124 1592 versus
1146 1534 1249 1609 gravia
1271 1530 1436 1606 languoris,
1461 1548 1528 1589 ver·

181 1637 231 1679 sus
253 1627 343 1678 acuta
364 1621 475 1695 vigoris
497 1636 571 1680 esse.
616 1620 681 1678 Etsi
701 1620 803 1679 malim
825 1637 881 1698 ego
905 1630 934 1680 ιι
955 1629 1117 1697 temperare
1136 1622 1194 1678 ista
1209 1619 1339 1696 epitheta
1361 1627 1392 1678 et
1412 1634 1531 1678 causam

184 1706 373 1783 distinguere.
417 1706 485 1765 Nori
507 1714 551 1766 est
571 1724 599 1765 n.
623 1706 781 1766 Doriorum
802 1710 965 1786 proprietas
987 1708 1120 1786 languor,
1142 1708 1228 1766 fletus
1252 1714 1281 1765 ιι
1298 1713 1402 1779 metus,
1425 1704 1530 1765 sedin

184 1811 291 1871 genere
314 1810 488 1853 excursuum
511 1792 550 1853 ad
571 1798 675 1870 gravia
697 1804 727 1854 et
749 1795 907 1855 descensus
931 1797 1024 1856 crebri
1046 1796 1121 1854 inira
1142 1795 1279 1854 radicem.

270 1880 329 1939 IX.
359 1879 512 1941 Hactenus
540 1880 578 1939 de
606 1884 666 1941 situ
695 1884 858 1958 semitonii;
897 1883 1022 1942 necdum
1057 1892 1155 1942 tamen
1185 1882 1319 1941 omnibus
1350 1882 1444 1943 tonis,
1461 1897 1531 1939 suas

184 1970 401 2044 assignavimus
423 1970 624 2045 proprietates.
669 1967 806 2045 Sequitur
834 1972 939 2045 igitur,
970 1978 1000 2028 ιιι
1022 1973 1111 2029 etiam
1143 1969 1179 2029 de
1201 1970 1401 2029 consonantiis
1423 1970 1532 2045 imper·

183 2057 268 2115 iectis
291 2055 322 2115 et
344 2054 515 2115 adulterinis
537 2055 683 2130 dicemus,
706 2058 814 2133 quibus
835 2058 1026 2116 articulautur
1048 2058 1158 2117 scelera
1187 2065 1366 2118 octavarum.
1411 2055 1448 2114 lit
1470 2056 1530 2132 pri·

178 2160 258 2202 urum
274 2141 395 2219 quidem
409 2142 526 2201 illarum
537 2143 630 2201 veluti
643 2148 770 2204 essentia
781 2147 835 2204 erit
844 2146 1036 2222 inspicienda,
1060 2152 1164 2224 postea
1184 2144 1292 2203 locatio
1310 2145 1340 2201 in
1354 2150 1526 2220 systemate.

264 2231 340 2290 Cum
370 2232 458 2305 igitur
485 2230 626 2290 naturalis
648 2239 678 2290 et
699 2235 851 2309 primaeva
881 2240 926 2292 est
948 2235 1117 2310 systematis
1148 2230 1470 2308 octavae'dispositio,
1501 2232 1530 2289 in

179 2336 238 2394 qua
260 2335 327 2376 cum
350 2319 410 2377 ima
431 2316 540 2377 chorda
562 2318 688 2396 perlecto
711 2323 975 2394 consecutionis,
999 2328 1118 2396 quarta,
1147 2322 1247 2395 quinta
1269 2326 1416 2378 etsexta:
1445 2325 1531 2376 tonus

178 2405 246 2465 tulis
269 2407 369 2464 omnia
390 2405 443 2464 illa
465 2407 494 2463 in
517 2409 614 2464 animo
637 2408 703 2479 ciet,
726 2424 802 2483 quae
825 2407 936 2467 habeut
949 2407 1112 2467 secundum
1131 2415 1275 2477 naturam,
1298 2405 1395 2465 mollis
1412 2404 1530 2481 quidem

178 2495 347 2570 passiones,
378 2491 467 2551 durus
489 2494 620 2553 actiones
649 2493 698 2553 vel
727 2494 848 2554 effeetus
877 2498 913 2553 iis
945 2503 1040 2573 aptos.
1086 2494 1169 2553 Haec
1199 2495 1360 2572 proprietas
1390 2494 1530 2570 competit

180 2582 271 2656 primo
294 2589 325 2639 et
348 2588 454 2640 octavo
477 2598 513 2640 ex
538 2578 565 2639 G
588 2582 793 2657 surgentibus,
822 2599 882 2658 quc
905 2585 1023 2641 nomine
1052 2599 1109 2641 uon
1137 2580 1244 2657 injuria
1267 2579 1420 2640 Galilaeus
1449 2579 1530 2638 affir-
1615 2636 1617 2649 ,

180 2669 314 2739 macerit,
338 2675 476 2727 octavum
498 2685 564 2729 cum
584 2670 678 2745 primo
702 2668 881 2745 coincidere;
905 2669 1035 2745 intellige
1050 2677 1159 2748 mmen,
1181 2676 1300 2728 serrata
1319 2670 1426 2744 cuique
1442 2684 1531 2726 sexus

181 2772 233 2815 seu
254 2756 370 2833 generis
393 2758 579 2834 proprietate.
623 2755 671 2816 Ιιι
693 2753 799 2835 duplici
821 2758 938 2817 nomine
961 2758 1102 2835 septimus
1126 2764 1156 2817 et
1172 2764 1295 2817 octavus
1318 2758 1422 2818 ceteris
1444 2771 1531 2833 prae-

184 2853 252 2916 stat,
275 2851 336 2901 tam
359 2843 397 2902 ob
420 2844 507 2903 situm
529 2845 686 2917 semitonii,
709 2863 798 2921 quarn
820 2846 909 2905 etiam
932 2846 970 2905 eb
993 2846 1210 2921 perfectionem.

269 2929 296 2989 E
318 2933 473 3005 conuario,
497 2933 621 3008 'quintus
645 2940 675 2991 ιι
696 2941 806 3006 sextus,
830 2935 933 2991 tertius
955 2941 985 2992 et
999 2939 1121 3008 quartus
1140 2931 1338 2991 consonantiis
1355 2931 1429 2988 inira
1444 2940 1533 2989 utun÷

187 3025 233 3075 tur
259 3016 432 3077 adulterinis
460 3025 490 3078 et
520 3020 635 3092 auctis,
663 3019 714 3078 ille
738 3019 935 3093 diatessaron,
966 3018 1014 3079 hic
1043 3020 1193 3097 diapente3
1222 3034 1367 3096 quaeres
1395 3019 1455 3076 vim
1478 3017 1534 3076 illis

186 3105 323 3164 conciliat
344 3107 509 3166 moestitiae
532 3115 562 3166 ιι
583 3106 737 3167 affectuum
759 3107 797 3166 ab
819 3106 949 3166 humana
972 3110 1182 3185 temperatione
1198 3104 1418 3166 discedentium.
1457 3105 1533 3182 Nam

185 3194 215 3250 iu
237 3193 341 3269 quinto
368 3201 398 3253 et
420 3202 503 3253 sexto
526 3193 708 3254 diatessaron
731 3192 849 3269 quidem
879 3202 924 3255 est
947 3190 1063 3272 ὄρθιον,
1094 3193 1219 3253 naturali
1248 3195 1306 3253 situ
1333 3194 1480 3251 semitonii
1505 3194 1534 3249 in

186 3297 309 3354 summo,
331 3297 390 3340 uon
413 3283 509 3340 minus
531 3298 617 3357 quum
640 3283 668 3339 ln
692 3283 815 3358 septime
839 3287 869 3341 et
890 3289 1013 3356 octavo,
1038 3291 1069 3341 ιι
1091 3281 1149 3341 duo
1172 3281 1299 3357 maJ'ores
1314 3282 1376 3339 toni
1398 3289 1466 3339 sunt
1488 3282 1535 3337 in·

187 3367 254 3427 iimo
281 3368 366 3442 loco,
397 3375 465 3446 post
493 3385 544 3429 eos
572 3371 773 3442 semitonium,
805 3385 841 3427 ιιι
869 3369 975 3444 quibus
1004 3369 1147 3428 conflatur
1181 3365 1361 3428 diatessaron
1392 3375 1535 3427 commate

188 3455 349 3516 abundans.
395 3455 492 3529 Quare
515 3455 745 3532 magnitudinem
769 3458 857 3514 etiam
878 3458 900 3512 ii
923 3455 1001 3516 modi
1024 3465 1198 3534 promerent
1220 3457 1357 3526 affectus,
1389 3463 1417 3513 ut
1441 3455 1536 3515 dero·

189 3543 305 3617 tionem,
328 3541 562 3622 admirationem,
585 3543 850 3620 amplificationem,
874 3542 1021 3615 dolorem3
1044 3562 1155 3602 rursum
1170 3561 1262 3622 spem,
1282 3541 1428 3615 fiduciam,
1452 3545 1535 3618 quasi

190 3627 382 3689 elevationem
403 3631 508 3690 mentis
531 3647 620 3707 supra
641 3639 748 3690 sortem
770 3637 962 3707 praesentem
1007 3630 1041 3702 lrr
1065 3634 1150 3691 tertio
1175 3648 1243 3690 vero
1270 3639 1299 3691 et
1321 3637 1425 3704 quarto
1447 3646 1535 3705 prae·

189 3719 261 3774 ter
254 3718 344 3794 ipsius
376 3716 602 3776 diatessaronl
600 3735 710 3777 ormam
738 3720 884 3776 inversam
913 3716 1026 3778 accedit
1056 3720 1145 3777 etiam
1173 3718 1246 3778 haec
1277 3719 1534 3777 consonantiarum

193 3802 372 3878 fermentatio
395 3811 540 3880 augetque
562 3807 709 3864 tristitiem
731 3814 761 3864 et
782 3804 939 3908 languores
961 3808 1059 3864 animi.

274 3889 385 3966 Quodsi
407 3891 477 3952 lieet
498 3891 666 3968 analogiam
688 3893 824 3969 prosequi
846 3893 923 3952 ultra
945 3900 1031 3952 tonos
1054 3894 1185 3965 usitatos,
1211 3890 1249 3950 ad
1271 3893 1399 3969 speciem
1420 3891 1476 3950 III.
1500 3909 1535 3951 ex

189 3979 269 4050 meis,
292 3986 394 4037 cantus
415 3977 521 4052 mollis,
545 3997 581 4038 ex
603 3983 631 4038 A
655 3978 843 4056 descriptam,
868 3983 935 4056 quia
958 3979 1009 4039 illa
1023 3983 1209 4040 semitonium
1231 3979 1348 4056 quidem
1363 3981 1446 4053 inira,
1470 3979 1535 4039 dia·

193 4070 322 4124 tessaron
344 4082 414 4125 vero
437 4066 595 4144 perlectum
614 4063 719 4141 hadel,
751 4066 827 4126 hanc
849 4070 936 4141 igitur
958 4085 1013 4144 ego
1033 4069 1179 4145 J’ueundae
1210 4070 1345 4127 tristitiae
1367 4084 1535 4128 accommo-

191 4148 301 4228 darem3
330 4160 360 4211 ut
382 4170 446 4213 cum
468 4155 554 4213 uobis
575 4149 729 4232 placemus
753 4156 783 4212 in
805 4154 928 4215 mollitie
950 4158 1058 4236 animi,
1088 4159 1118 4215 in
1140 4157 1286 4216 amoribus
1315 4161 1345 4214 et
1373 4154 1533 4227 desideriis,

195 4247 244 4297 aut
266 4257 332 4300 cum
355 4240 498 4300 lacrumas
520 4242 658 4318 gaudium
681 4244 824 4320 exprimit.

274 4326 359 4387 Haec
381 4328 417 4387 de
440 4332 638 4390 consonantiis
659 4333 773 4389 ratione
795 4331 856 4403 sui,
884 4347 960 4390 nuuc
981 4338 1092 4392 ratione
1114 4331 1172 4390 leci
1205 4333 1234 4388 in
1256 4337 1430 4407 systemate,
1463 4330 1534 4406 quid

194 4412 336 4486 efficiant,
359 4414 519 4477 rideamus.

277 4500 349 4560 Cum
371 4504 456 4577 igitm
478 4524 545 4580 eosq
567 4511 597 4563 et
618 4524 733 4565 πιτιιια
756 4504 834 4563 circa
855 4509 987 4578 quartam
1016 4511 1046 4563 et
1067 4511 1180 4563 sextam
1207 4501 1331 4562 clrordas
1354 4506 1535 4579 potissimum

193 4593 376 4665 occupantur,
399 4590 442 4646 sic
462 4597 496 4646 ut
516 4598 664 4668 appareat,
687 4589 868 4650 diatessaron
891 4589 956 4650 loco
978 4594 1035 4650 imo
1058 4591 1097 4649 ab
1120 4592 1156 4649 iis
1179 4592 1285 4661 statui,
1318 4590 1466 4665 quiahoc
1489 4600 1535 4652 est

192 4674 364 4733 tetrachordi
386 4674 580 4751 intervallum,
603 4676 683 4754 qnod
704 4694 805 4738 omnes
828 4686 886 4736 tres
909 4682 1116 4737 continuorum
1147 4679 1260 4755 species
1282 4686 1327 4736 est
1349 4679 1534 4755 complexum

180 4776 282 4847 eoque
304 4763 565 4840 praecipuum-est
591 4766 621 4823 iu
650 4764 707 4824 lrec
728 4773 863 4825 tonorum
886 4767 1081 4838 animatione,
1110 4773 1180 4825 tunc
1208 4763 1282 4824 haec
1304 4764 1397 4824 forma
1419 4775 1537 4827 cautum

193 4847 229 4906 ad
250 4848 443 4909 humilitatem
464 4853 582 4926 invitat,
615 4870 652 4912 ex
674 4868 762 4912 causa
784 4852 886 4913 eadem
913 4869 1000 4929 quam
1027 4869 1115 4931 supra
1137 4853 1192 4912 No.
1215 4851 1268 4913 IV.
1292 4855 1439 4932 usurpavi.
1484 4854 1536 4916 Sin

194 4946 365 5014 occupantur
387 4938 443 4998 hee
467 4947 563 5016 partes
586 4947 689 5001 cantus
716 4942 794 5001 circa
814 4942 930 5001 tertiam
951 4948 981 5002 et
1003 4942 1149 5018 quintam,
1171 4947 1332 5002 statuentes
1354 4941 1536 5004 (Ιιιιιιιιιιιι
