3567 5625
758 431 898 503 Apologia
1440 439 1501 498 tul

243 607 295 667 nd
318 609 501 688 hualysiu
525 610 609 669 VIII.
637 609 756 686 ‘Quem
784 611 833 670 hic
863 611 945 685 teris,
978 610 1130 672 Roberte‘?
1157 619 1208 671 aut
1236 613 1302 688 qais
1331 629 1419 682 causa
1448 612 1504 671 tibi

154 699 227 756 tanti
260 697 380 756 motus?
423 698 498 757 Nam
530 715 584 775 ego
613 698 731 774 quidem
761 699 862 775 procul
891 717 910 758 a
939 702 997 759 tuis
1027 701 1133 760 ictibus
1151 703 1191 758 ,in
1215 699 1355 776 angulum
1386 718 1433 760 me
1455 716 1503 759 re·

156 783 289 858 coadidi3
319 793 349 843 at
376 801 430 845 uec
453 801 571 846 causam
599 787 652 844 tibi
674 793 770 845 textus
793 803 875 845 meus
898 787 1047 865 praebuit,
1075 790 1180 863 utqui
1209 794 1324 863 praeter
1347 789 1504 863 ingenuam
1555 795 1557 804 ⁴

154 872 382 945 contessionem,
414 879 446 931 ut
474 875 582 933 scirent
611 874 749 947 lectores,
782 867 858 948 quae
888 892 907 933 a
936 892 1001 933 meo
1031 875 1106 934 libro
1134 884 1234 951 petere
1265 892 1324 934 non
1354 874 1502 949 deberent,

153 959 226 1018 alhil
250 956 397 1038 habet.⁴⁰)

240 1046 292 1105 Ad
316 1047 493 1124 Aualysiu
518 1047 574 1106 IX.
621 1047 658 1105 Et
679 1049 745 1122 quis
769 1055 872 1124 negat,
902 1056 931 1107 te
954 1050 1044 1108 etiam
1066 1052 1095 1106 in
1118 1049 1233 1109 theoria
1256 1053 1419 1122 versatum,
1449 1047 1501 1107 sed

154 1135 183 1190 iu
207 1133 289 1192 libris
312 1135 480 1209 prioribus?
524 1134 597 1209 Quis
614 1134 754 1194 'dedecori
778 1136 830 1195 tibi
855 1153 919 1195 esse
942 1138 1045 1212 praxis
1068 1136 1181 1213 garrit?
1226 1136 1342 1212 Dignus
1358 1135 1503 1211 equidem,

153 1223 335 1297 quiscunque
358 1224 396 1280 sit
419 1221 594 1294 audaculus,
622 1239 680 1281 nou
704 1231 755 1281 tua
777 1231 906 1295 tantum,
934 1222 986 1282 scd
1010 1232 1040 1284 et
1066 1242 1133 1284 mes
1154 1226 1247 1301 ipsius
1273 1227 1324 1282 ira
1372 1222 1448 1299 Quin
1471 1232 1501 1283 et

153 1325 255 1368 omues
276 1308 392 1383 grcdm
413 1309 605 1368 excellentiae
627 1311 680 1368 tibi
703 1309 860 1385 perlubens
883 1312 921 1370 oh
944 1311 1020 1370 hanc
1040 1314 1143 1387 prexia
1167 1313 1294 1386 assigno.
1339 1310 1500 1387 ‘I'ransiga-

152 1413 218 1454 mus
243 1403 272 1456 et
294 1403 404 1455 cetera:
436 1397 619 1474 Pythagoras
641 1396 814 1457 malleorum
837 1400 912 1456 ictus
934 1398 1131 1458 consideravit
1159 1406 1227 1457 ante
1251 1415 1355 1456 causas
1378 1401 1503 1458 musices

152 1486 304 1550 inventas,
335 1491 364 1541 et
388 1494 483 1542 tamen
506 1483 653 1544 Robertus
675 1483 764 1544 bodie
787 1485 875 1544 tradit
896 1487 1088 1544 Instrumenta
1110 1503 1201 1560 nova,
1231 1484 1376 1563 Keplerus
1399 1502 1503 1544 causas

152 1589 171 1628 a
194 1570 366 1648 Pythagora
388 1569 481 1630 dictas
506 1572 552 1630 rel
577 1571 717 1631 convellit
738 1573 901 1631 rationibus
925 1572 971 1632 vel
995 1573 1138 1633 emendat
1183 1573 1310 1631 Rursum
1338 1589 1396 1630 uon
1419 1573 1501 1631 solus

152 1656 300 1717 Robertus
330 1660 475 1734 experitur
505 1676 608 1737 manu,
641 1676 699 1718 non
722 1677 817 1719 meras
841 1659 985 1735 Keplerus
1017 1662 1100 1721 affert
1126 1660 1357 1736 speculationes,
1392 1659 1503 1718 orditur

153 1747 232 1803 euim
255 1755 285 1804 et
307 1747 369 1823 ipse
392 1764 410 1804 a
433 1748 602 1818 mansuaria,
635 1746 760 1805 adhibet
777 1748 906 1806 chordae
925 1749 1092 1822 plectrum,
1117 1766 1287 1823 campanae
1308 1748 1502 1822 marculum

150 1832 336 1892 citordurm
357 1837 554 1909 proportione
575 1837 788 1892 monentium
809 1835 963 1906 enucleat,
987 1844 1119 1893 motuum
1143 1835 1314 1895 coelestium
1336 1835 1503 1911 proportio·

150 1938 203 1979 nes
227 1922 384 1993 examinat,
406 1922 558 1980 meliorem
584 1924 666 1979 uiam
688 1939 752 1980 nen
766 1924 890 1980 inuenit.
937 1921 1143 1995 Haecomnia,
1168 1921 1304 1996 Roberte,
1326 1930 1394 1980 suut
1408 1924 1502 1980 utriu-

151 2026 210 2084 que
235 2010 264 2065 iu
289 2008 439 2084 euniess03
464 2015 611 2067 ettamen
636 2016 668 2067 ut
690 2009 725 2066 de
747 2011 860 2084 potiore
882 2026 983 2068 verum
1007 2019 1036 2068 et
1058 2011 1114 2069 boe
1133 2020 1185 2082 est,
1209 2028 1257 2068 me
1277 2027 1331 2086 pro
1355 2027 1398 2082 eo,
1423 2008 1501 2086 quod

153 2098 214 2155 tuis
230 2097 429 2154 instrumentis
446 2095 518 2154 liber
532 2112 613 2155 meus
628 2104 733 2166 careat,
758 2100 1013 2155 consonantiarum
1030 2113 1134 2155 causes
1152 2100 1209 2155 mei
1227 2098 1327 2155 lectori
1342 2105 1501 2172 praestare.

240 2182 400 2257 Pergamus
428 2182 566 2242 ulterius:
601 2191 631 2242 et
659 2200 763 2241 causas
794 2201 904 2259 quaere
933 2187 1188 2243 consonantiarum
1223 2195 1251 2242 et
1281 2185 1502 2242 mathematicas

153 2270 419 2329 demonstrationes
450 2273 608 2341 concinn03
637 2270 685 2328 hic
714 2273 791 2329 enlm
824 2288 893 2329 usus
924 2270 982 2329 illis
1004 2275 1109 2349 potior.
1157 2273 1332 2330 Demonstro
1365 2270 1502 2346 equidem

151 2359 180 2414 iu
206 2358 380 2436 musceto,
403 2359 459 2414 ulsi
483 2357 562 2432 quod
586 2375 672 2434 super
695 2353 810 2428 charta,
842 2357 894 2416 sed
918 2358 1034 2435 applico
1058 2359 1256 2419 demonstrata
1279 2361 1439 2431 concretis,
1471 2357 1501 2416 id

153 2452 199 2504 est
229 2444 371 2520 subjectis
397 2444 542 2520 physicis,
572 2446 698 2504 motibus
728 2443 840 2503 scilicet
868 2462 1032 2523 corporum.
1079 2448 1116 2506 tn
1138 2449 1235 2504 lamen
1265 2446 1414 2504 abstracta
1435 2463 1502 2505 mea

151 2533 220 2591 sunt
243 2531 350 2590 similia
372 2532 430 2589 illis
453 2535 611 2603 concretis,
643 2531 714 2590 nihil
739 2534 815 2590 euim
837 2536 932 2608 magis
955 2542 999 2591 est
1027 2533 1077 2591 elii
1099 2534 1210 2604 simile,
1241 2550 1328 2608 quam
1352 2535 1502 2609 antitypus

151 2636 206 2679 suo
232 2626 313 2696 typo.
360 2619 504 2679 Convenit
527 2630 556 2678 et
585 2620 620 2678 de
643 2619 698 2679 bis.
744 2618 820 2677 Illud
844 2621 939 2678 solum
968 2628 1066 2680 menet
1094 2624 1123 2678 iu
1147 2638 1251 2680 causa:
1279 2619 1417 2698 physicos
1439 2623 1502 2679 sine

151 2706 295 2766 mathesin
325 2723 380 2782 ope
413 2723 562 2765 causarum
591 2709 635 2765 ais
666 2707 883 2782 inquisitionem
913 2709 1017 2769 fecisse
1036 2726 1098 2784 ‚per
1133 2710 1276 2785 principia
1303 2709 1413 2784 priora;
1445 2708 1528 2782 ego'

152 2797 181 2853 ln
211 2792 300 2852 nullm
329 2796 517 2866 substantiis,
548 2796 610 2854 siue
639 2793 834 2883 accidentium
864 2797 1069 2871 internunciis,
1092 2798 1234 2872 negotiari
1257 2812 1333 2871 nego
1361 2795 1501 2872 possibile

153 2884 303 2958 cuiquam,
327 2883 401 2941 inter
424 2881 587 2941 accidentia
611 2899 679 2941 vero
701 2885 825 2957 primum
848 2900 942 2958 genus
965 2888 1160 2959 quantitatum
1176 2902 1210 2943 ex
1230 2882 1386 2941 Aristotele
1402 2881 1501 2955 didici,

150 2969 267 3044 reliqua
290 2971 388 3029 omnIa
410 2971 582 3046 posteriora.
627 2969 733 3045 Negas,
759 2977 872 3029 veteres
896 2960 934 3029 ab
957 2981 1019 3030 arte
1042 2974 1071 3029 in
1095 2981 1185 3032 artem
1209 2972 1420 3041 transcurrIsse,
1445 2988 1500 3045 ego

151 3056 320 3116 aPlatone
343 3056 440 3129 didici,
465 3060 595 3129 geminas
618 3073 682 3115 esse
705 3057 767 3115 alas
783 3062 987 3131 astronomiae,
1012 3063 1201 3134 geometriam
1224 3068 1254 3118 et
1273 3057 1500 3131 arithmeticam

151 3146 290 3220 quamvis
314 3142 364 3202 llla
395 3143 431 3203 de
453 3143 608 3202 sensilibus
632 3152 716 3218 egat,
746 3147 821 3202 istae
844 3144 879 3205 de
904 3147 1067 3206 abstractis
1113 3145 1179 3221 Quo
1203 3148 1296 3222 magis
1326 3156 1405 3205 tuam
1429 3163 1501 3205 con-

151 3232 314 3291 clusionem
338 3233 433 3305 mirer,
457 3242 489 3289 ut
511 3248 587 3305 quas
610 3231 865 3290 conhadictorium
889 3236 1113 3308 praemissarum
1129 3235 1281 3307 subsumit,
1305 3234 1501 3293 harmoniam

150 3329 178 3378 et
199 3318 422 3377 menomenas
440 3320 576 3394 indigere
597 3327 626 3377 ct
646 3319 775 3395 physicis
796 3319 839 3377 ad
852 3338 1018 3379 censorum
1034 3324 1248 3393 inventionem,
1273 3319 1419 3379 addideris
1435 3336 1500 3379 rec·

152 3409 266 3466 tissime
290 3406 504 3483 metaphysicis.
552 3406 589 3463 Et
611 3404 695 3464 addis
717 3404 851 3481 quidem:
876 3409 920 3465 ais
943 3409 1028 3480 enirn,
1053 3416 1147 3465 ortum
1171 3407 1388 3467 intervallorum
1413 3424 1498 3483 spec·

150 3504 213 3553 tare
236 3495 333 3568 magis
354 3493 391 3552 ad
415 3493 519 3571 physin
543 3495 655 3551 ratione
678 3509 749 3551 suae
772 3501 894 3551 naturae
918 3495 1065 3572 occultae,
1098 3513 1185 3569 quam
1215 3494 1252 3552 ad
1282 3493 1443 3567 mathesin,
1474 3495 1498 3551 si

151 3585 297 3641 internum
320 3579 383 3654 ejus
406 3583 579 3657 principium
603 3582 801 3655 inspiciamus·
846 3580 957 3657 Pbysin
981 3581 1080 3656 procul
1105 3581 1195 3656 dubio
1220 3581 1306 3651 dleis,
1331 3598 1418 3655 quam
1443 3598 1498 3656 ego

150 3667 393 3744 metaphysicam.
438 3667 512 3726 Nam
535 3668 695 3753 subjungis,
720 3683 857 3725 arcanum
881 3669 944 3743 ejus
977 3671 1134 3728 consistere
1165 3672 1194 3726 iu
1218 3666 1377 3745 spiritualis
1401 3676 1496 3726 mats·

151 3761 213 3815 riae
238 3755 399 3827 divisione,
429 3755 511 3830 cujus
535 3755 646 3813 divisor
667 3757 705 3814 sit
727 3755 839 3827 anima,
874 3762 957 3813 actus
981 3758 1111 3814 canentis
1133 3756 1181 3816 vel
1203 3755 1355 3832 pulsantis.
1400 3754 1503 3815 Multu'

152 3843 231 3903 malo
255 3842 480 3904 commodatae
504 3844 699 3919 interpretari,
722 3859 809 3916 quam
840 3843 1023 3901 occasionem
1047 3843 1187 3919 arguendi
1210 3860 1358 3918 quaerere.
1404 3842 1498 3916 Igitur
1593 3861 1595 3865 ¹

152 3948 293 3991 arcanum
316 3930 448 4007 iutelligo
471 3931 591 3989 sormam
621 3941 651 3989 st
673 3930 827 3987 esseutIam
851 3933 1125 4006 contemperationis
1157 3930 1342 3989 harmonicae
1372 3931 1401 3986 in
1422 3929 1497 3987 ‘Ier-

152 4038 223 4078 ram.
270 4017 305 4075 id
328 4016 409 4077 disco
437 4036 501 4077 esse
523 4019 714 4091 spiritualem
735 4016 913 4091 materiem
943 4033 1014 4077 saue
1036 4017 1202 4076 barmoniae
1232 4026 1260 4077 et
1290 4033 1345 4090 ego
1368 4032 1497 4092 agnosco

152 4125 203 4167 ens
225 4105 360 4178 rationIs,
384 4107 457 4165 ratio
480 4122 550 4164 vcro
574 4103 723 4181 spirituale
745 4105 896 4181 quippIam
919 4112 971 4164 est.
1016 4104 1088 4180 Ejus
1102 4104 1280 4164 diuisionem
1294 4101 1426 4178 intelligo
1441 4121 1497 4178 ego

152 4194 357 4254 discretionem
380 4194 457 4268 eJ'us,
490 4192 568 4266 quod
597 4200 641 4251 est
664 4192 878 4262 harmonicum,
909 4208 1007 4251 anon
1030 4193 1206 4251 harmonico.
1253 4191 1425 4269 Diviserem
1453 4193 1497 4249 ais

151 4280 318 4341 onmem?
365 4279 402 4337 Et
432 4283 494 4356 ipse
522 4278 595 4338 libro
626 4296 691 4338 meo
712 4279 765 4336 IV.
793 4281 874 4354 prius
904 4280 1031 4338 animam
1062 4280 1128 4338 inde
1162 4297 1179 4336 a
1209 4280 1254 4335 sui
1283 4281 1428 4337 creatione
1459 4276 1496 4335 ad

153 4367 321 4444 exemplum
345 4368 414 4437 Dei,
449 4368 494 4424 sui
523 4367 690 4443 archetypi,
722 4367 798 4426 facin
828 4374 993 4443 compotem
1021 4368 1202 4426 formationis
1233 4381 1356 4424 arcanae
1378 4364 1498 4424 harmo-

151 4459 251 4527 nicae,
280 4456 435 4530 imprcssas
458 4454 500 4512 illi
524 4454 635 4512 scilicet
656 4455 738 4512 ideas
762 4453 996 4532 harmoniarum,
1025 4471 1146 4530 quarum
1169 4452 1364 4530 appIIcaliune
1392 4452 1428 4511 ad
1452 4469 1496 4526 ea,

156 4561 232 4619 quae
255 4559 432 4617 persensus
456 4542 626 4611 offeruntur,
650 4541 847 4599 harmonicum
870 4558 888 4598 a
911 4558 969 4598 uon
992 4542 1159 4600 harmonico
1182 4541 1369 4599 discernatur.
1414 4538 1496 4597 Hec-

152 4641 238 4691 teuus
259 4631 351 4706 igitur
373 4629 459 4687 infers
483 4631 511 4686 in
534 4626 729 4699 conclusione,
754 4627 831 4703 qnod
855 4630 883 4684 in
907 4631 1073 4705 praemissis
1089 4629 1318 4705 negatumibas,
1342 4643 1395 4685 uec
1410 4626 1495 4687 iacile

153 4728 190 4790 te,
214 4735 251 4775 ue
274 4734 311 4776 es
335 4716 522 4791 sequentibus
545 4713 663 4789 quidem
687 4715 963 4774 conhadictionibus
986 4716 1123 4790 exsolvo,
1160 4716 1214 4774 nisi
1231 4725 1262 4773 tu
1288 4728 1335 4772 me
1358 4712 1491 4788 adjuves.
1546 4774 1552 4783 ,
1634 4712 1639 4721 “

156 4807 279 4865 Dixeras
303 4811 413 4863 ueteres
435 4804 474 4862 ab
497 4810 562 4861 urta
584 4806 617 4860 in
640 4809 738 4860 artem
759 4820 823 4863 nun
845 4803 1027 4878 damasius,
1049 4804 1111 4883 jam
1124 4806 1239 4879 asseris,
1264 4802 1329 4862 ilios
1349 4808 1498 4865 netarum
