3567 5625
677 387 761 446 niter
778 387 827 447 111.
846 390 935 460 capul
951 385 998 446 vu
1290 411 1295 426 =
1339 365 1342 376 ’
1449 401 1511 466 att

249 564 323 621 Nota
340 565 415 622 xiv.
451 564 514 646 ¹Jarrn
537 564 708 622 rationalium
737 565 908 635 septenarius
930 565 1010 624 valde
1029 565 1150 623 diuersas
1178 567 1293 625 a'dictis
1316 570 1514 642 complectitur.

160 641 302 698 Hactenus
320 645 390 699 enim
408 644 522 698 virtmm
546 643 745 699 assuefactione
770 644 922 713 comparari
940 651 1102 717 potuemnt‚
1125 653 1156 701 ut
1174 653 1202 703 et
1225 656 1330 718 septem
1346 650 1515 712 intellectua-

161 720 226 775 lium
245 723 408 786 nonnullae,
427 722 540 791 etipsa,
559 738 629 792 quae
647 723 690 778 his
709 731 814 793 septem
832 722 1010 779 facultatibus
1029 726 1161 781 instructa
1180 742 1241 783 esse
1254 727 1342 798 debet,
1361 729 1515 800 prudentia,

161 798 341 855 cardinalium
358 817 419 856 una
456 802 494 856 ht
507 801 565 870 jam
583 801 655 856 inter
671 801 722 857 has
740 809 845 871 septem
863 810 928 858 eunt
945 820 1000 857 non
1018 804 1127 860 habitus
1145 806 1339 863 exercitatione
1357 812 1516 891 comparati,

161 875 210 930 sed
228 885 328 934 natura
345 879 402 934 dati
420 881 501 936 certis
519 879 674 950 indiuiduis,
694 890 725 935 ut
742 890 785 936 eat
801 896 928 952 acumem
952 882 1047 945 οὐφυια
1066 899 1114 938 sen
1132 884 1247 955 indoles,
1266 886 1385 944 solertia.
1421 888 1518 945 Recol-
1586 913 1595 922 ·

162 953 222 1022 ligit
240 957 311 1012 enim
338 974 368 1014 se
386 959 571 1029 Ptolemaeus,
596 962 669 1030 quod
687 962 740 1016 hoc
759 968 841 1032 caput
865 962 977 1031 proprie
994 964 1031 1018 sit
1049 962 1210 1032 deputatum
1235 966 1379 1035 speciebus
1402 968 1517 1023 faculta-
1606 1011 1611 1022 ,

162 1042 219 1088 tum
239 1037 321 1091 animi
340 1054 486 1108 earumque
511 1041 622 1094 summis
641 1038 808 1096 differentiis.
843 1041 915 1096 Puto
934 1050 1024 1098 antem
1049 1059 1100 1113 pro
1118 1043 1231 1100 arbitrio
1248 1047 1432 1115 conquirentis
1456 1063 1518 1116 pro·

163 1129 216 1180 que
236 1115 392 1185 eloquentia
410 1118 469 1187 ejus
488 1120 569 1174 etiam
587 1118 679 1188 plures
699 1119 821 1188 conquiri
842 1136 938 1190 posse,
957 1138 1026 1190 quae
1043 1130 1148 1190 tamen,
1168 1124 1192 1177 si
1209 1122 1296 1179 forms
1314 1121 1453 1193 spectetur
1469 1140 1518 1194 po·

163 1194 310 1248 tentiarum
329 1197 431 1268 eadem,
450 1197 477 1253 in
496 1215 599 1269 paucas
617 1197 785 1268 redigentur,
804 1206 835 1254 ut
853 1199 892 1254 ita
910 1199 1057 1257 anamodo
1075 1201 1169 1271 plures
1181 1211 1286 1273 septem
1298 1203 1521 1269 hahitnsisimns.
1549 1191 1553 1208 ¹

164 1270 217 1326 alio
235 1273 316 1328 modo
334 1277 486 1344 panciores.
1375 1339 1380 1344 ,

252 1341 325 1408 licta
342 1354 400 1409 XV.
439 1357 505 1411 Cum
523 1357 562 1412 sic
580 1373 673 1414 omnes
691 1357 836 1414 facultates
857 1358 986 1415 redactae
1005 1359 1060 1416 sint
1082 1359 1117 1415 ab
1135 1365 1247 1414 auctore
1269 1360 1296 1415 in
1315 1361 1417 1418 classes
1439 1362 1520 1434 inque

164 1433 356 1488 consonantias
383 1451 461 1501 suas,
481 1436 539 1505 jam
561 1438 644 1493 veluti
668 1456 738 1494 novo
763 1439 839 1494 initio
863 1438 967 1493 classes
990 1437 1066 1507 ipsae
1092 1455 1153 1494 cum
1178 1439 1323 1507 generibus
1347 1441 1520 1497 harmonicae

164 1512 422 1578 contemperationis
440 1524 642 1586 comparantm,
661 1519 806 1574 rationales
825 1534 886 1574 cum
905 1518 1080 1586 identisonis,
1102 1517 1218 1572 morales
1237 1535 1298 1573 cum
1317 1522 1456 1592 consonis,
1481 1523 1521 1578 lo·

165 1589 242 1656 gicae
261 1608 323 1647 cum
341 1596 487 1651 concinnis.
522 1599 648 1666 Agnosco
667 1599 824 1654 divisionem
843 1596 1034 1669 philosophiae
1051 1597 1180 1653 usitatam
1198 1597 1226 1651 in
1244 1597 1408 1669 naturalem,
1433 1616 1521 1655 mora·

165 1668 227 1738 lem,
246 1671 370 1740 logicam.
405 1675 443 1728 At
467 1678 675 1745 comparationis
697 1679 767 1733 ratio
790 1694 853 1733 sera
878 1684 929 1731 est.
966 1676 1036 1732 Nam
1059 1675 1134 1745 prins
1160 1674 1302 1729 moralium
1325 1675 1395 1731 duae
1416 1678 1522 1749 species

168 1757 261 1817 erant,
284 1751 369 1807 multo
388 1754 576 1822 particularius
595 1765 781 1825 comparatae,
807 1772 933 1825 quaeque
956 1773 1019 1811 cum
1037 1754 1099 1811 suis·
1118 1755 1311 1810 consonantiis.
1348 1756 1415 1811 Sero
1440 1755 1522 1811 etiam

167 1840 197 1881 se
215 1828 320 1899 colligit
337 1840 440 1902 auctor,
459 1835 575 1889 morales
593 1835 710 1906 principi
727 1835 832 1890 animae
850 1834 975 1890 facultati
992 1832 1115 1890 tribuens
1132 1841 1221 1902 recte,
1240 1848 1309 1903 quas
1326 1850 1411 1905 supra
1427 1836 1463 1891 ad
1480 1836 1522 1890 in.

167 1905 268 1961 feriora
285 1909 414 1966 subsellia
432 1911 576 1980 dejecerat.
614 1914 699 1982 Quem
718 1913 788 1968 enim
805 1913 897 1970 locum
911 1912 970 1982 J'am
988 1921 1122 1982 occupant
1138 1912 1219 1981 logici
1230 1911 1349 1983 habitus,
1368 1930 1429 1969 eum
1441 1929 1525 1984 snpra

168 1984 282 2040 dederat
306 1990 450 2046 moralibus
474 1993 502 2048 in
526 1994 617 2063 specie
641 1994 800 2063 uirtutibus,
819 1995 921 2064 quippe
945 1999 977 2048 ut
1001 1994 1195 2048 consonantiae
1217 1991 1364 2061 implentur
1386 1995 1524 2050 concinnis

168 2062 329 2136 intervallis,
348 2068 472 2138 diapente
491 2081 616 2142 quatuor,
635 2063 918 2140 diatessaron'tribus,
937 2070 1033 2127 sicilie
1045 2070 1200 2141 facultates,
1218 2069 1382 2128 irascibilem
1400 2080 1526 2142 quatuor,

170 2143 410 2211 concupiscibilem
428 2149 514 2206 tribus
533 2151 819 2221 virtutibusimplerit
836 2152 1016 2220 absolvitque.

255 2222 328 2278 Nota
345 2226 415 2280 XVI.
451 2230 566 2286 Videtur
583 2248 680 2288 sensus
698 2232 757 2303 ipse
774 2233 828 2287 h'oc
843 2231 993 2302 postulare,
1012 2237 1043 2287 nt
1055 2230 1185 2299 dicamus,
1203 2235 1267 2299 post
1285 2249 1314 2283 w
1326 2246 1380 2282 παν
1399 2229 1525 2284 omissam

170 2315 230 2356 tlte
248 2304 372 2366 voculam
389 2307 405 2375 ἦ
422 2312 577 2382 δικαιοσυνη.

258 2381 333 2438 Nota
348 2386 435 2441 XVII.
472 2388 627 2446 Plansibssis
650 2406 716 2446 sane
735 2398 808 2446 esset
826 2389 962 2460 colophon
986 2390 1053 2459 iste,
1077 2391 1150 2460 quod
1171 2395 1235 2459 post
1251 2385 1431 2458 particulares
1454 2403 1526 2442 com·

170 2464 327 2529 ouationes
344 2468 442 2522 transit
459 2468 494 2523 ad
511 2469 598 2539 ipsam
622 2471 707 2526 totius
727 2470 876 2525 harmonici
896 2469 1051 2539 systematis
1070 2469 1298 2538 comparationem
1322 2482 1383 2521 cum
1408 2472 1466 2521 toto
1485 2482 1529 2536 sp·

172 2547 290 2598 stemate
308 2546 438 2600 virtutum
456 2563 505 2602 seu
524 2547 686 2603 facultatum
700 2549 790 2618 animi
811 2547 834 2602 si
853 2563 923 2617 quae
934 2545 1054 2605 ‘fuerunt
1072 2547 1206 2602 elementa
1217 2546 1273 2602 illic
1285 2545 1528 2625 comparationum¹

172 2620 315 2680 marierent
333 2627 414 2680 etiam
431 2626 489 2696 bic;
515 2644 566 2683 nec
585 2645 653 2698 opus
671 2628 743 2684 foret
762 2618 794 2682 'in
818 2627 954 2682 erectione
976 2626 1061 2681 veluti
1083 2625 1168 2681 totius
1191 2624 1308 2682 aedificii
1330 2623 1450 2694 parietes
1474 2624 1528 2678 sin·

175 2703 267 2774 gulos,
285 2714 416 2773 tanquam
433 2706 509 2763 initio
528 2725 583 2762 uon
601 2716 675 2764 reete
693 2709 797 2779 factos,
818 2707 851 2762 de
870 2722 941 2762 novo
959 2705 1080 2761 reficere,

260 2785 334 2840 Nota
352 2786 451 2841 xvffl.
487 2785 608 2844 Observa
625 2787 782 2844 methodum
801 2784 958 2841 Ptolemaei.
996 2785 1062 2840 Cum
1088 2783 1236 2839 aPlatone
1259 2789 1313 2839 tres
1335 2779 1532 2853 perhibeantur
1631 2848 1634 2857 ι

176 2865 280 2919 animae
299 2864 680 2937 facultates,intellectualis,
699 2866 851 2935 irascibilis,
870 2864 1106 2935 concupiscibilis,
1125 2864 1205 2934 vulgo
1224 2880 1287 2919 vero
1305 2863 1531 2935 philosophorum

175 2959 228 2997 non
246 2951 317 3009 tres,
343 2944 391 2998 sed
411 2953 527 3013 quatuor
545 2946 717 3002 celebrentur
735 2947 849 3000 virtutes
869 2943 1036 3012 cardinales,
1058 2944 1181 3013 justitia,
1206 2942 1365 3013 prudentia,
1388 2940 1529 3011 fortitudo,

175 3023 368 3090 temperantia:
393 3030 449 3078 tres
470 3024 578 3092 quidem
597 3027 694 3081 harum
712 3024 799 3080 tribus
818 3024 900 3079 animi
917 3022 1095 3077 facultatibus
1122 3022 1270 3095 applicarit
1291 3022 1319 3077 in
1338 3020 1532 3092 superioribus,

131 3138 137 3143 -
177 3102 383 3170 temperantiam
414 3103 631 3173 concupiscibili,
662 3104 783 3158 sectione
805 3103 923 3170 trifaria,
949 3101 1136 3158 fortitudinem
1160 3100 1302 3173 irascibili,
1331 3099 1533 3157 enumeratione

178 3183 328 3252 specierum
347 3182 481 3252 quinaria,
501 3182 671 3251 prudentiam
685 3182 870 3252 intellectuali,
890 3180 1075 3236 subdivisione
1088 3181 1253 3251 septenaria,
1273 3196 1334 3236 cum
1346 3180 1428 3248 igitur
1440 3193 1532 3248 super-

178 3261 212 3315 sit
226 3261 348 3328 institia.
374 3260 449 3314 illam
469 3261 527 3329 jam
549 3268 689 3331 comparat
713 3260 858 3316 concentui
879 3260 998 3315 omnium
1021 3259 1103 3313 trium
1125 3259 1334 3329 praemissarum
1357 3255 1533 3328 applicatque
1594 3280 1598 3289 1

159 3341 229 3411 ‘toti
247 3341 369 3411 animam
393 3343 456 3412 quia
473 3351 504 3397 nt
522 3350 565 3398 est
581 3343 610 3398 in
629 3343 733 3398 Graeco
751 3341 998 3412 apophthegmate‚
1021 3339 1049 3393 ἐν
1066 3343 1096 3392 te
1121 3343 1267 3408 ὁικαιοσυη
1287 3342 1439 3404 cattepani
1463 3350 1535 3387 aare

174 3417 259 3491 'liqnq
277 3419 344 3489 ἐστι,
365 3420 472 3488 justitia
490 3422 575 3477 virtus
595 3421 680 3476 omnis
698 3423 841 3492 complexa
865 3427 982 3474 tenetur.
1019 3417 1079 3485 Qua
1100 3432 1130 3471 re
1155 3418 1184 3471 in
1204 3416 1362 3486 parenthesi
1384 3415 1437 3470 ista
1457 3413 1535 3480 draco

113 3562 118 3571 Ι
182 3515 243 3554 uero
263 3509 306 3554 est
321 3501 437 3569 justitia)
455 3499 509 3556 no'n
533 3500 721 3557 consideratur
746 3509 811 3555 tunc
835 3499 908 3555 nude
931 3506 962 3552 ut
987 3497 1117 3551 uimntum
1137 3497 1278 3565 princeps,
1306 3493 1355 3549 sed
1380 3499 1410 3546 ut
1432 3491 1535 3580 'chorus

182 3578 310 3633 rirmtum
334 3594 383 3633 seu
407 3579 614 3649 dispositionum
639 3580 719 3635 animi
744 3580 900 3648 uniuersus3
932 3576 1080 3654 nonenim
1102 3574 1260 3644 agnoscitur
1287 3568 1429 3627 exornatio
1452 3569 1537 3625 anian

183 3660 319 3730 perfecta,
337 3658 385 3713 ubi
403 3658 445 3713 vel
463 3673 517 3712 una
535 3661 665 3717 virtutum
684 3656 769 3715 deest.

756 3898 898 3973 CAPUT
925 3896 978 3968 vi.

189 4052 406 4124 Comparatio
439 4062 601 4124 generum
632 4046 848 4104 harmonicae
885 4036 1222 4109 contemperationis
1252 4047 1325 4090 cum
1354 4024 1538 4101 generibus

659 4126 1072 4207 primarumrirtutum.1l

277 4303 350 4364 Cum
380 4311 477 4363 autem
507 4299 667 4361 secuudum
696 4304 849 4372 utrumque
881 4295 1020 4352 virtutum
1053 4287 1242 4366 principium,
1276 4278 1536 4358 contemplativum

193 4410 232 4452 sc.
262 4401 291 4452 et
313 4394 508 4470 operativum,
539 4392 595 4449 tria
628 4389 686 4447 sint
718 4376 887 4466 generass),
918 4382 949 4437 in
972 4376 1200 4454 contemplativo
1224 4370 1342 4449 quidem
1372 4368 1538 4470 physicum,

192 4481 438 4553 mathematicum,
462 4478 672 4553 theologicum,
697 4476 729 4538 iu
743 4474 895 4551 operativo
918 4484 988 4527 vero
999 4462 1045 4544 1¹¹)
1068 4463 1205 4533 ethicum,
1230 4471 1458 4525 oeconomicum,
1480 4468 1539 4555 po·

193 4569 320 4643 liticnm,
352 4584 475 4643 quorum
497 4567 556 4625 lata
576 4562 768 4623 facultatibus
798 4556 1032 4626 uendiderunt,
1062 4565 1230 4611 communes
1259 4546 1335 4605 enim
1358 4548 1427 4601 sunt
1452 4549 1540 4642 trram

193 4657 296 4718 borum
322 4662 461 4733 generum
488 4656 626 4725 virtutes,
660 4657 690 4709 et
717 4651 790 4708 iuter
812 4665 844 4707 se
873 4652 975 4704 mutuo
998 4656 1108 4714 nexae;
1138 4635 1280 4735 differunt·
1296 4647 1366 4691 vero
1397 4625 1539 4731 amplitu-

194 4742 324 4824 diueW),
348 4744 528 4820 praestantia
549 4747 579 4800 et
600 4746 758 4814 apparatus
782 4751 891 4813 pompa
912 4731 1056 4802 ascititis3
1087 4741 1153 4784 cum
1174 4719 1298 4797 singulis
1314 4717 1430 4821 'horum
1452 4724 1540 4774 trium

194 4835 330 4910 euinque
360 4846 498 4908 genemm
527 4830 582 4887 tria
603 4825 786 4885 harmonicus
809 4837 937 4899 genera,
966 4817 1025 4876 illis
1053 4813 1235 4890 aequivoca,
1265 4814 1339 4868 sans
1361 4811 1430 4883 apte
1459 4818 1541 4863 com-

1316 4909 1385 4972 23*
