3567 5625
784 399 926 471 Apologia
1055 477 1058 482 ν
1462 408 1527 469 445

178 592 240 644 tota
264 585 395 644 oratione
417 591 469 643 tua
492 582 674 655 ventilanda,
697 580 790 640 multa
813 579 1001 655 elucidanda,
1025 581 1119 641 multa
1140 582 1307 659 refutanda,
1331 582 1529 660 quaedamst

178 661 366 749 recipienda3
389 672 533 746 sed‘quia
557 687 613 740 non
638 679 683 728 est
704 671 869 727 institutum
892 670 987 744 operis
1010 672 1067 728 mei
1090 669 1268 746 harmonici,
1303 669 1340 731 de
1362 672 1441 730 sonis
1465 669 1528 729 dis·

66 823 77 848 ,
177 769 283 835 putare
306 768 423 837 propter
445 774 477 816 se
500 761 589 835 ipsos,
613 757 664 816 sed
688 755 730 815 de
746 772 884 814 sonorum
907 758 981 815 iuter
995 773 1026 816 se
1042 759 1287 833 proportionibus,
1312 760 1409 818 missis
1426 760 1526 834 itaque

176 845 376 907 locutionibus
407 848 464 904 tuis
501 845 710 923 multiplicibus
747 859 891 921 apponam
929 844 1055 919 paucula
1086 861 1122 904 er
1152 862 1218 905 mea
1247 848 1400 905 sententia.
1452 845 1527 904 Mihi

177 936 253 994 enim
279 950 368 1010 quam
390 933 515 1009 plurima
536 935 673 992 sonantia
697 930 891 992 consideranti
915 948 972 989 non
989 931 1066 989 bona
1089 930 1205 991 ridetur
1228 933 1285 992 iste
1302 931 1430 992 definitio
1450 934 1527 1007 soni,

179 1039 240 1098 qna
265 1031 297 1080 tu
320 1023 420 1079 niteris
442 1038 495 1096 per
516 1028 610 1078 totum
632 1020 706 1093 fere,
730 1021 795 1078 c'um
817 1035 907 1077 sonus
930 1020 1117 1095 percussione
1139 1021 1216 1078 adria
1240 1018 1388 1093 definitur,
1413 1022 1442 1077 iu
1466 1037 1526 1097 quo

177 1125 284 1184 corpus
308 1125 416 1167 sonans
440 1109 581 1167 consistit.
627 1107 702 1166 Nam
731 1109 837 1166 rectius
867 1122 923 1188 ego
946 1104 1104 1164 definivero
1134 1123 1238 1166 sonum
1270 1110 1396 1184 speciem
1420 1111 1527 1167 imma·

175 1199 313 1255 teriatam
336 1198 464 1273 corporis
486 1194 609 1271 pulsati,
639 1198 667 1252 in
691 1205 833 1271 quantum
858 1192 886 1251 id
910 1200 939 1251 et
962 1192 1117 1270 figuratum
1145 1204 1174 1253 et
1197 1194 1318 1254 densum
1342 1195 1456 1254 estrei
1477 1214 1527 1254 ra·

176 1301 249 1358 rum,
274 1284 331 1341 hoc
355 1292 398 1341 est
420 1286 487 1342 ae‘re
512 1284 588 1341 intus
611 1282 773 1356 infarctum,
797 1289 826 1340 et
849 1284 877 1339 in
902 1291 1043 1356 quantum
1066 1287 1111 1341 est
1128 1280 1231 1341 durum
1255 1281 1302 1342 rel
1317 1280 1414 1342 molle.
1452 1282 1527 1342 Natu

176 1388 300 1446 corpora
327 1378 423 1428 motus
452 1369 593 1429 violentia
615 1372 741 1445 speciem
772 1368 895 1426 induunt
918 1367 1048 1443 duritiei,
1078 1386 1145 1428 enm
1166 1373 1225 1429 sint
1246 1369 1356 1429 mollia.
1400 1370 1454 1429 Est
1476 1373 1527 1431 ubi
1560 1441 1564 1448 ἱ

175 1457 270 1534 figura
300 1456 439 1516 violentia
468 1460 649 1534 transepirati
679 1460 753 1516 aiiris
776 1460 903 1533 speciem
933 1456 1020 1514 aliam
1043 1456 1154 1530 induit,
1187 1466 1216 1517 et
1237 1459 1367 1518 foramen
1398 1458 1526 1536 amplum

175 1548 304 1623 speciem
332 1545 451 1622 praebet
481 1547 668 1622 angustioris.
714 1544 762 1602 Sic
792 1545 886 1602 tensio
920 1543 1057 1602 mollibus
1086 1542 1220 1605 duritiem
1253 1545 1397 1605 consiliat.
1445 1547 1526 1604 Dura

177 1649 249 1691 vero
274 1649 364 1691 causa
387 1635 499 1690 sonitus
523 1636 748 1709 aequiparantur
771 1632 918 1703 brevibus,
943 1633 1161 1707 comparatione
1183 1632 1373 1709 longitudinis
1396 1632 1434 1691 ad
1457 1633 1527 1692 lati·

176 1719 327 1794 tudinem3
351 1737 418 1777 nam
442 1729 470 1777 et
493 1719 626 1778 latitudo'
641 1738 692 1778 serr
716 1721 862 1778 crassities
890 1727 920 1777 et
943 1718 1063 1784 durities
1085 1718 1260 1780 flexibilitati
1291 1720 1441 1796 derogent.
1487 1718 1527 1779 Ut

176 1825 242 1866 eum
267 1809 374 1865 nitrum
403 1807 528 1865 rotundo
557 1806 640 1865 labro
669 1807 780 1865 affrictn
812 1806 895 1881 digiti
926 1807 1053 1865 humecti
1076 1810 1205 1866 sonitum
1230 1806 1305 1881 edit,
1334 1811 1398 1884 ipsa
1421 1816 1526 1866 rotun·

176 1894 255 1954 ditas
275 1894 337 1971 jam
361 1904 494 1954 censetur
515 1910 567 1970 pro
590 1894 778 1970 longitudine.
823 1893 907 1952 Haec
928 1893 1091 1969 longitudo,
1117 1911 1212 1953 vacuo
1236 1898 1320 1969 vitro,
1343 1896 1432 1953 habet
1455 1894 1526 1954 intim

175 1983 308 2042 tudinem
330 1990 454 2055 tantam,
485 1991 594 2058 quanta
618 1991 662 2040 est
682 1979 865 2058 profunditas
894 1980 974 2039 illius
999 1984 1098 2054 vacui,
1131 1988 1217 2040 sonat
1241 1984 1327 2057 igitur
1350 1993 1444 2042 acute.
1492 1983 1524 2042 Si

174 2074 342 2129 successive
366 2069 528 2147 impleatur,
552 2069 676 2128 demitur
697 2068 843 2127 latitudini
869 2067 991 2144 jamque
1013 2067 1139 2127 rotunda
1167 2085 1276 2128 sonans
1299 2070 1451 2147 longitudo
1466 2069 1525 2131 're-

175 2166 280 2235 spectu
304 2157 462 2215 diminutae
485 2156 649 2215 latitudinis
672 2165 805 2215 censetur
827 2156 957 2230 longior3
986 2172 1075 2215 sortus
1098 2158 1187 2232 igitur
1209 2161 1396 2232 ingravescit.
1434 2157 1525 2217 Talia

173 2246 268 2304 muita
292 2246 457 2303 coacervari
488 2253 609 2322 possent
640 2262 658 2302 a
687 2245 775 2302 variis
808 2245 1013 2319 experimentis
1040 2246 1207 2303 sonantium
1232 2244 1366 2304 deducta.
1412 2243 1525 2304 Verum

173 2333 219 2391 iris
244 2333 357 2402 missis,
390 2349 465 2408 quac
488 2342 557 2390 sunt
579 2331 772 2390 indifferentia
801 2339 933 2407 respectu
958 2337 1074 2390 nostrae
1104 2331 1342 2409 disceptationis,
1374 2348 1464 2408 pergo
1488 2332 1525 2392 ad

172 2421 289 2495 reliqua
312 2428 363 2477 tua
386 2429 566 2495 argumenta.

269 2505 410 2565 Viderntts
440 2509 483 2566 ais
513 2510 605 2565 etium
633 2509 667 2564 in
691 2505 837 2582 physicis,
868 2522 915 2563 res
937 2522 1038 2565 omues
1068 2523 1105 2566 ea·
1125 2508 1188 2564 suis
1212 2507 1375 2581 principiis
1396 2505 1525 2583 conflari

173 2601 326 2668 tunquam
356 2611 392 2653 aa·
416 2594 559 2669 partibus
581 2601 609 2651 ct
630 2610 693 2652 non
716 2600 865 2668 tauquam
896 2595 1018 2652 minora
1048 2610 1084 2652 ear
1105 2593 1284 2665 majoribus.
1329 2593 1370 2650 At
1393 2593 1442 2651 nbi
1468 2610 1524 2669 ego

174 2680 243 2752 diri,
271 2684 413 2739 concinna
436 2690 467 2739 nt
489 2684 601 2738 minora
624 2679 741 2738 conflari
766 2697 799 2737 er
824 2682 959 2737 consonis
982 2689 1014 2738 ut
1036 2680 1206 2757 majoribus,
1232 2689 1370 2757 tauquam
1397 2698 1434 2739 ex
1456 2695 1527 2758 par-

172 2766 280 2827 tibus?
324 2766 488 2840 Praeterea,
512 2770 562 2829 ubi
586 2776 615 2827 tu
640 2766 739 2825 vidisti
762 2784 891 2844 unquam
915 2785 974 2827 rem
996 2765 1165 2847 physicam,
1193 2777 1266 2844 puta
1282 2784 1387 2846 corpus
1410 2769 1527 2829 anima·

172 2854 218 2929 lis,
244 2855 365 2915 conflari
388 2874 424 2915 er
446 2859 507 2915 suis
530 2857 670 2934 partibus,
694 2873 746 2913 seu
770 2855 977 2931 integralibus,
1001 2864 1033 2912 ut
1056 2873 1091 2914 err
1116 2858 1225 2932 capite,
1250 2865 1365 2929 trunco,
1390 2857 1526 2933 pedibus,

174 2960 228 3002 seu
253 2942 446 3016 similandus,
470 2952 503 3003 ut
526 2962 561 3002 ex
584 2961 677 3012 came,
702 2942 789 3018 adipe
812 2952 842 3002 et
864 2941 931 3001 aliis
954 2942 1147 3018 hujusmodi?
1192 2943 1296 3004 Nonne
1320 2948 1417 3004 omnia
1439 2946 1527 3003 simul

172 3026 307 3091 oriuntur
334 3030 513 3089 assimilari
543 3048 640 3090 massa
669 3032 788 3088 seminis
811 3029 954 3108 producta
981 3047 998 3088 a
1021 3030 1162 3091 facultate
1190 3032 1378 3113 formatrice?
1422 3031 1526 3092 Nonne

172 3116 274 3193 aliqua
297 3116 412 3176 demum
435 3127 593 3178 nascuntur
614 3125 681 3194 poet
703 3134 806 3194 corpus
825 3117 888 3193 jam
911 3117 1075 3190 formatum,
1100 3127 1133 3177 ut
1154 3117 1255 3195 adeps,
1278 3137 1387 3193 semen,
1411 3119 1524 3194 dentes,
1621 3110 1626 3121 ’

173 3205 276 3277 barba,
301 3206 412 3280 pubes,
437 3208 464 3263 in
489 3204 606 3263 animali
630 3205 759 3264 cornua?
804 3204 935 3263 Dissolvi
958 3221 1030 3263 sane
1051 3215 1177 3282 possunt
1199 3206 1344 3267 naturalia
1375 3211 1404 3263 in
1428 3215 1526 3283 partes

174 3291 361 3367 hujusmodi,
391 3292 635 3369 quemadmodum
659 3302 688 3351 et
710 3309 765 3368 ego
788 3291 896 3365 doceo,
925 3308 1054 3351 consona
1077 3293 1199 3352 dissolri
1223 3296 1252 3350 in
1277 3298 1427 3356 concinna.
1471 3294 1527 3353 Vis

173 3388 207 3437 ut
230 3379 446 3455 accommodem
476 3384 596 3459 propius
619 3388 712 3438 ortum
735 3382 943 3438 concinnerum
974 3379 1013 3438 ad
1036 3390 1129 3439 ortum
1162 3383 1289 3459 partium
1312 3380 1525 3459 physicarum?

173 3466 319 3526 Teutabo.
365 3466 502 3526 Consona
525 3466 679 3527 intervalla
700 3474 769 3524 sunt
791 3469 982 3544 quantitates,
1005 3484 1109 3545 corpus
1126 3468 1251 3527 hominis
1268 3470 1355 3527 etiam
1371 3475 1415 3527 est
1431 3486 1526 3544 quan·

172 3563 244 3612 tum.
290 3554 434 3613 Consonis
465 3572 569 3613 nomen
602 3558 717 3632 ponitur
748 3570 908 3613 anumero
931 3556 1135 3613 concinnatum
1167 3559 1196 3613 in
1220 3557 1310 3631 ipsis,
1341 3565 1370 3614 et
1393 3558 1524 3634 corporis

173 3643 344 3717 proceritati
367 3643 591 3700 mensurationis
614 3658 718 3699 nornen
748 3639 874 3700 datura
896 3657 1016 3702 numero
1040 3641 1162 3718 pedum,
1193 3643 1404 3719 epithematum
1428 3653 1458 3701 et
1480 3642 1526 3705 di·

171 3731 306 3805 gitorum.
354 3728 400 3787 ibi
423 3730 564 3789 concinna
587 3729 785 3787 mensurantis
807 3736 875 3787 suut
899 3745 1036 3788 excessus
1059 3746 1255 3788 cousouorum
1286 3746 1373 3807 super
1396 3745 1525 3788 consona

172 3817 391 3894 scrutanturque
415 3836 433 3875 a
455 3825 559 3875 natura
583 3818 855 3891 contemperationis
877 3816 1064 3876 harmonicae
1087 3820 1116 3873 iu
1134 3818 1262 3893 perfecto
1279 3816 1435 3876 intervallo
1459 3816 1525 3877 dia-

172 3921 282 3980 pason,
306 3905 353 3963 hic
376 3906 464 3963 etiam
488 3923 554 3983 pes,
579 3904 742 3982 spithama,
765 3904 873 3980 digitus
898 3903 1038 3962 formatur
1064 3905 1092 3961 in
1117 3908 1181 3981 ipso
1205 3921 1326 3980 corpore
1350 3902 1483 3962 animalis
1507 3923 1525 3964 a

171 3993 336 4052 formatrice
360 3992 506 4050 facultate.
552 3989 738 4068 Quamquam
761 3991 856 4051 adbuc
879 3989 1025 4050 claudicat
1046 3991 1075 4048 in
1093 4009 1127 4051 eo
1149 3989 1319 4065 similitudo,
1346 3990 1425 4067 quod
1441 3991 1526 4052 aliter

173 4095 227 4154 pes
250 4080 280 4136 in
301 4079 418 4139 homine
442 4080 597 4152 formatur,
621 4079 706 4138 aliter
728 4086 814 4137 tonus
839 4078 1099 4138 determinaturus
1123 4079 1274 4157 diapason.

260 4165 435 4226 Indirectam
466 4169 510 4225 ais
539 4184 603 4226 esse
627 4185 721 4226 meatu
744 4169 952 4243 assertionem,
985 4184 1050 4226 cum
1080 4167 1154 4237 dixi,
1186 4169 1292 4244 cuique
1316 4169 1526 4227 consonantiae

173 4269 257 4312 snam
281 4271 344 4314 ease
368 4271 486 4312 cansam
509 4254 660 4313 internam.
709 4252 814 4312 Nescio
846 4253 915 4329 quid
946 4271 1053 4331 argoas
1084 4255 1140 4313 hac
1161 4271 1244 4315 voce.
1291 4254 1387 4313 'Video
1417 4263 1524 4329 tamen,

173 4351 202 4399 te
224 4343 358 4401 aberrare
381 4358 399 4399 a
421 4358 486 4400 meo
509 4358 604 4400 sensu.
653 4340 695 4399 De
719 4339 771 4399 illa
794 4358 883 4401 causa
907 4340 967 4399 dixi
990 4359 1060 4418 ego,
1092 4358 1168 4418 quae
1191 4342 1285 4401 forma
1308 4351 1352 4401 est
1383 4344 1525 4407 termino·

174 4445 235 4487 rum
259 4430 462 4505 proportionis,
486 4437 518 4486 ut
541 4427 717 4503 triangulum
741 4430 832 4505 ipsius
855 4427 1009 4504 diapente,
1033 4429 1173 4488 diameter
1196 4431 1288 4506 ipsius
1312 4428 1469 4505 diapason,
1493 4439 1526 4487 tu

177 4516 211 4574 de
234 4524 341 4591 apentc
363 4518 497 4592 opponis,
519 4532 573 4573 nec
596 4514 743 4591 quodnam
766 4518 803 4575 sit
827 4515 898 4574 illud
922 4534 1013 4591 agens
1030 4516 1166 4585 iudicas,
1196 4516 1287 4592 Atqui
1309 4518 1335 4575 ei
1359 4515 1395 4576 de
1418 4524 1525 4593 agente

176 4606 309 4679 quaestio
334 4611 387 4671 est,
411 4611 473 4662 tum
497 4601 618 4662 etmihi
643 4618 749 4678 agens,
779 4603 808 4661 id
832 4613 876 4662 est
900 4599 1057 4664 concilians
1082 4606 1260 4683 proportioni
1283 4621 1367 4662 suam
1389 4606 1525 4662 suavita-

176 4697 234 4749 tem
257 4693 285 4748 in
309 4690 426 4763 auditu,
452 4697 498 4750 est
519 4706 599 4748 mens
624 4706 717 4765 eaque
740 4708 799 4749 una
821 4699 851 4749 et
873 4690 976 4750 eadem
999 4709 1050 4767 per
1073 4708 1173 4752 omnes
1197 4692 1415 4751 consonantias.
1465 4734 1468 4751 .

261 4777 329 4838 lilio
352 4780 463 4853 impetn
486 4786 572 4854 capto
595 4794 685 4852 negas
709 4779 877 4854 imperfecta
907 4781 987 4837 nasci
1012 4799 1029 4838 u
1050 4779 1201 4855 perfectis,
1233 4780 1374 4838 concinne
1404 4777 1525 4838 dissona

176 4881 194 4925 a
224 4866 367 4926 consonis.
412 4864 496 4942 Nega
525 4864 629 4924 eodem
658 4875 844 4941 argumento,
877 4866 1005 4944 perfecto
1035 4867 1171 4946 componi
1200 4882 1236 4927 ex
1264 4866 1455 4943 imperfectis,
1488 4874 1523 4927 ut
