3567 5625
298 385 362 446 aas
599 349 605 358 ’
814 373 1136 436 salamanna

299 575 396 637 usque
417 558 466 620 bie
487 558 587 635 aliqua
608 558 742 620 ιιιιιιὶιιι
764 559 883 620 omuino
904 555 939 617 iit
952 555 990 618 de
1011 573 1119 636 genem
1133 558 1163 617 in
1185 573 1278 635 genus
1291 554 1344 639 ¹¹¹)
1366 566 1486 637 propter
1507 568 1643 622 tonorum

297 648 553 724 permutationem,
583 663 678 722 neque
708 643 770 705 illic
798 646 957 722 percipitur
985 643 1085 722 aliqua
1114 644 1261 706 sensibifls
1287 645 1484 723 inaequalitas
1506 664 1642 708 cursuum
1684 647 1692 662 ⁸

297 743 414 812 propter
434 736 615 795 secessiones
637 735 668 793 in
690 730 874 794 latitudinem
889 728 943 813 'Vl
989 731 1211 810 comparandus
1241 740 1340 794 auteur
1371 750 1407 794 ex
1438 734 1519 796 bisce
1546 734 1645 795 dorius

298 831 395 901 tonus,
416 823 466 898 qui
490 820 577 900 piune
599 818 714 882 medius
736 829 795 894 est,
829 818 933 880 medis
955 821 1123 880 amessibus
1145 837 1236 881 causa
1258 819 1437 895 latitudiuis,
1464 830 1494 882 ct
1517 824 1571 898 iia,
1593 825 1644 900 qai

296 908 453 969 secuudum
476 907 721 987 aequinoctialem
749 911 778 967 iu
809 907 999 984 unaqualibet
1030 903 1219 985 sphaerarum
1242 917 1310 969 sunt
1332 906 1475 986 ordinati3
1508 901 1643 989 mir‘tily·

297 993 364 1056 dius
385 1013 455 1056 vero
478 1005 507 1057 et
528 994 719 1074 hypodorius,
742 1003 774 1055 ut
796 998 933 1066 extremi,
955 993 1165 1055 borealissimis
1187 1003 1217 1057 et
1238 995 1468 1070 australissimls,
1492 1014 1568 1075 quos
1589 1013 1644 1058 re·

296 1083 348 1143 luti
372 1084 531 1144 secuudum
553 1086 681 1161 tropicos
704 1084 903 1160 concipimus,
926 1091 1053 1161 quatuor
1076 1100 1146 1143 sero
1168 1081 1290 1160 reliqui,
1314 1085 1365 1160 qui
1388 1091 1456 1144 sunt
1479 1086 1555 1146 iuter
1577 1083 1643 1145 dic·

295 1181 350 1242 tos,
374 1171 516 1232 relereudi
538 1180 607 1231 suut
627 1169 666 1232 ‘ad
689 1178 802 1242 motus,
827 1172 878 1249 qui
901 1179 970 1230 sunt
991 1168 1153 1230 secuudum
1173 1170 1331 1249 parallelos
1354 1170 1542 1232 intermedias
1567 1174 1643 1233 luter

296 1260 422 1336 tropicus
452 1270 482 1320 ct
510 1259 756 1335 aequinoctialem
779 1255 821 1338 v).
865 1256 941 1317 Nam
972 1266 1002 1317 et
1028 1256 1132 1318 borum
1159 1266 1229 1330 sant
1251 1260 1285 1334 4,
1317 1266 1435 1336 propter
1464 1257 1642 1321 divisionem

295 1344 467 1407 circulorum
490 1345 676 1423 obliquorum
707 1350 736 1404 iu
758 1354 857 1423 partes
881 1348 936 1419 ii,
971 1352 1184 1421 consequenter
1215 1347 1307 1422 ipsius
1334 1344 1448 1406 sodiaci
1474 1348 1639 1424 lisignis.

293 1432 369 1494 Nam
389 1436 567 1513 tropicarum
589 1433 680 1494 relati
702 1437 851 1511 signorum
873 1433 1018 1491 absumtis
1040 1448 1131 1493 annm
1150 1432 1238 1493 iaciat
1259 1431 1447 1510 parallelum
1469 1450 1548 1511 quas
1570 1451 1642 1495 raro

293 1520 455 1599 aequaliter
484 1522 523 1582 ab
552 1519 691 1581 alterutro
721 1521 825 1581 borum
856 1536 960 1581 versus
983 1517 1106 1580 alteram
1120 1520 1274 1580 absistunt
1296 1520 1367 1580 bina
1387 1528 1504 1599 puncta,
1527 1537 1642 1582 ιιιιιιιιιι

244 1676 246 1679 ⁴
295 1620 383 1669 unum
406 1618 436 1670 ct
458 1607 582 1670 eundem
603 1607 777 1687 parallelum
799 1606 919 1682 dabunt,
943 1608 1040 1666 atita
1064 1608 1081 1666 b
1105 1609 1319 1670 constituantur
1340 1607 1462 1685 copulae
1481 1607 1642 1670 secuadum

295 1697 440 1757 unciariae
462 1694 615 1757 (ιιιιιιιιιι
637 1704 668 1757 et
688 1694 848 1758 secuudum
871 1712 922 1756 aas
948 1695 966 1753 5
989 1696 1077 1754 ctiam
1099 1692 1242 1772 paralleli,
1266 1703 1295 1754 et
1317 1698 1530 1756 connumeratio
1552 1698 1642 1759 eiiam

295 1784 372 1844 binis
394 1787 513 1861 tropicis
537 1787 571 1858 ’1,
600 1800 722 1844 numero
751 1781 855 1844 eodem
885 1799 952 1842 cum
980 1789 1115 1844 tonorum
1145 1783 1364 1844 mutationibus.
1410 1784 1644 1846 amoenorum

285 1879 394 1948 ,autem
417 1873 452 1947 ii,
484 1873 532 1948 qui
554 1880 623 1932 suut
649 1873 796 1932 acutiores
825 1869 924 1934 dorio.
953 1877 1071 1948 propter
1092 1877 1195 1931 canius
1217 1869 1401 1931 altitudinem
1423 1886 1489 1932 cum
1511 1873 1642 1940 motibus

295 1957 333 2020 ad
356 1957 457 2037 polum
479 1960 627 2020 elevatum
650 1967 680 2018 et
702 1958 793 2020 veluti
815 1959 947 2031 aestivis,
970 1956 999 2019 b.
1023 1975 1048 2019 e.
1073 1959 1123 2019 ubi
1145 1958 1231 2037 polus
1254 1958 1360 2018 boreus
1382 1958 1526 2033 elevatur,
1550 1962 1640 2020 moti·

254 2039 257 2044 ’
296 2047 350 2107 bas
370 2045 665 2126 septentrionalibus,
689 2046 741 2108 ubi
762 2044 916 2114 assumis,
940 2045 1098 2122 oppositis3
1125 2047 1275 2123 graviores
1298 2061 1367 2106 vcro
1390 2050 1451 2107 toni
1475 2062 1563 2123 qaam
1587 2045 1642 2108 de·

294 2136 354 2193 rius
386 2141 505 2213 proptor
526 2145 631 2195 cantus
653 2133 848 2195 bumilitatem
870 2133 999 2194 motibus
1021 2130 1080 2192 illis
1102 2132 1340 2210 applicabuntur,
1371 2134 1422 2211 qui
1444 2142 1513 2193 sunt
1536 2152 1641 2196 serras

293 2221 394 2299 polum
416 2222 636 2300 inconspicuum
658 2230 689 2282 et
710 2221 802 2281 veluti
816 2220 955 2295 bibernis,
977 2220 1007 2280 b.
1020 2238 1044 2282 e.
1059 2220 1110 2280 ubi
1124 2221 1232 2283 boreus
1247 2219 1332 2299 polus
1347 2217 1501 2295 attollitur,
1524 2231 1626 2283 ansas

177 2307 184 2312 “
264 2311 273 2332 ’
298 2307 427 2385 lioribus,
452 2308 671 2383 ubitausiralia
694 2306 1025 2387 septentrionalioribus.

379 2410 453 2466 Nota
470 2411 491 2465 Ι.
527 2409 569 2466 lie
588 2426 660 2466 nuuc
678 2410 786 2479 quidem
805 2423 836 2465 se
853 2407 965 2478 respicit
981 2406 1160 2463 Ptolemaeus.
1185 2408 1304 2466 Tertiam
1322 2418 1448 2478 motuum,
1460 2410 1591 2480 speciem,
1616 2413 1642 2466 iu

234 2505 240 2514 ³
293 2489 390 2558 Ιιιιιιιι,
417 2489 457 2544 sic
475 2488 607 2558 nominat,
635 2489 779 2544 scmnou
797 2486 911 2558 primam
928 2484 1049 2548 mutum,
1075 2483 1124 2540 sed
1142 2494 1169 2539 ct
1196 2487 1342 2544 secundam
1369 2504 1402 2543 er
1421 2488 1516 2544 eodem
1543 2505 1642 2560 gauere
1763 2493 1765 2498 ’

292 2575 382 2624 metus
399 2566 477 2638 primi
495 2567 684 2632 desumsisset,
709 2583 770 2622 cum
796 2574 887 2623 tamen
914 2564 1035 2621 secunda
1061 2561 1144 2619 iacnt
1162 2579 1196 2618 ex
1215 2567 1332 2623 modbus
1350 2566 1489 2624 secundis.
1517 2575 1546 2623 et
1562 2569 1643 2640 piam

198 2669 200 2674 ⁴
292 2647 408 2703 maltam
425 2645 527 2701 referat
544 2645 580 2702 ad
597 2648 815 2718 comparationes
832 2646 931 2717 capitis
951 2648 997 2714 iii,
1025 2645 1127 2700 maneri
1144 2645 1172 2699 ia
1190 2644 1286 2702 eedem
1302 2663 1414 2716 genere,
1437 2648 1502 2717 quis
1518 2661 1588 2717 quas
1605 2647 1642 2703 ibi

280 2725 511 2781 ‹coundararerat
529 2725 719 2795 longitudines
739 2725 803 2782 ullae
819 2733 898 2782 eraut
914 2733 1042 2796 respectu
1060 2724 1218 2791 boriaouiis,
1235 2733 1267 2780 ut
1284 2733 1312 2781 et
1328 2724 1494 2794 latitudines,
1512 2740 1582 2795 qaas
1600 2724 1642 2779 bic

292 2804 460 2874 considerat,
489 2814 553 2862 suut
570 2814 697 2875 respectu
714 2807 837 2876 ejusdem
856 2805 1003 2862 horizontis
1021 2812 1050 2859 et
1073 2803 1130 2874 poli
1146 2803 1240 2860 muudi
1257 2812 1285 2860 ct
1303 2803 1436 2875 spiraerae
1453 2803 1538 2860 motai
1555 2803 1642 2874 prime

292 2884 455 2953 destinatae3
492 2892 589 2940 contra
614 2884 772 2941 altitudines
798 2886 897 2957 capitis
924 2887 966 2939 ii.
992 2899 1047 2939 non
1074 2889 1152 2939 eraut
1178 2890 1305 2952 respectu
1336 2882 1485 2939 horizontis
1511 2890 1559 2938 aat
1587 2880 1642 2952 poli

293 2963 434 3033 sphaerae,
451 2961 500 3019 sed
518 2971 647 3033 respectu
664 2963 751 3018 centri
769 2964 877 3019 Terrae

378 3061 451 3117 liuta
467 3061 502 3116 11
538 3062 733 3131 Argumentum
751 3061 804 3117 boe
820 3056 1122 3129 comparationissalde
1134 3067 1177 3114 est
1194 3059 1330 3129 generale,
1349 3074 1398 3115 uec
1411 3059 1518 3115 serium.
1537 3059 1640 3125 Dicam,

292 3139 365 3209 qnod
381 3139 509 3195 babuerit
528 3139 602 3195 aliud
619 3138 828 3209 comparationis
846 3142 1034 3209 argumentum
1053 3138 1081 3191 in
1100 3136 1219 3203 occultu,
1237 3138 1294 3193 boo
1308 3155 1360 3207 sc,
1378 3147 1410 3193 ui
1428 3138 1502 3194 nulla
1520 3138 1558 3197 illi
1578 3155 1642 3212 pars

291 3219 407 3275 musices
425 3218 551 3288 supersit,
570 3234 640 3288 quae
659 3235 713 3273 nou
732 3218 884 3288 reperiatur
902 3217 929 3272 iu
949 3215 1041 3285 coelo,
1059 3215 1133 3286 quod
1150 3217 1270 3273 incinunt
1287 3232 1353 3273 voce
1373 3219 1522 3295 «residua».
1558 3217 1641 3288 Atqui

291 3298 314 3353 sl
332 3305 458 3353 tonorum
478 3296 661 3352 definitionem
679 3307 799 3367 spectes,
827 3311 860 3351 ea
878 3304 937 3351 tota
954 3313 971 3351 a
989 3303 1084 3361 cunin,
1110 3306 1141 3351 ut
1159 3307 1254 3352 cauma
1272 3305 1329 3367 est,
1349 3298 1495 3367 dependet,
1515 3313 1532 3351 a
1549 3296 1642 3352 circuli

291 3392 354 3433 sero
372 3384 471 3432 natura
489 3391 537 3429 aen
556 3392 573 3429 a
590 3377 759 3445 planetarum
778 3373 994 3451 separationibus
1013 3382 1056 3429 cst
1074 3374 1246 3430 alienissima.
1282 3376 1367 3444 Quasi
1386 3392 1450 3431 sero
1468 3373 1535 3430 nulril
1554 3375 1641 3443 possit

290 3456 421 3511 accedere
439 3455 532 3511 cantui
549 3462 613 3524 post
631 3456 764 3526 principia
781 3456 917 3510 rationum
936 3470 970 3510 er
989 3454 1090 3510 circulo
1109 3453 1245 3525 desumto,
1265 3455 1338 3524 quod
1355 3473 1410 3511 non
1428 3454 1520 3512 itidem
1539 3471 1574 3510 ex
1593 3456 1641 3510 cir·

290 3535 351 3591 culo
369 3534 533 3591 desumatur.
576 3536 710 3604 Quaeram
728 3536 822 3605 igitur,
841 3551 896 3605 qua
913 3534 1029 3605 imagine
1047 3540 1152 3599 textus,
1179 3536 1224 3605 qai
1243 3534 1277 3591 ad
1295 3534 1440 3592 melodiam
1457 3535 1578 3600 canitur,
1596 3532 1640 3588 de

290 3614 409 3685 scriptus
427 3618 463 3670 sit
480 3614 508 3669 in
526 3613 662 3670 aodimoi
698 3614 768 3670 Toni
785 3614 889 3670 rar-iam
908 3613 1002 3670 ordine
1021 3614 1213 3671 cancianorum
1241 3632 1289 3673 reu
1317 3615 1424 3672 diverso
1447 3614 1640 3671 coucinnorun

290 3692 393 3748 ordinis
411 3692 502 3762 initio,
530 3701 558 3747 et
576 3692 599 3747 si
617 3695 687 3749 bene
703 3694 825 3764 percipio
843 3695 1043 3763 Ptolemaeum,
1070 3693 1145 3751 nulla
1169 3694 1222 3751 alia
1247 3713 1277 3751 re
1302 3714 1319 3753 a
1343 3696 1486 3767 speciebus
1508 3692 1640 3763 diapason

290 3768 434 3841 dilimari,
461 3787 542 3843 quam
569 3770 712 3827 aititrmiue
737 3773 765 3828 iu
793 3775 916 3844 perlecto
943 3784 1099 3846 systemate.
1135 3775 1300 3832 Mutationes
1319 3774 1490 3846 propriaram
1508 3770 1641 3840 cujusque

289 3847 460 3906 latitudinum
478 3851 519 3916 (ιιι
536 3859 645 3905 maneat
662 3850 740 3906 uobis
758 3851 829 3909 idem
847 3870 937 3909 rerum
955 3853 1196 3926 comparandarum
1215 3870 1314 3923 genus,
1334 3853 1407 3924 quod
1425 3852 1570 3918 baeterrae)
1588 3863 1641 3904 uon

290 3929 395 3983 sariam
412 3928 533 3985 ordinem
551 3937 720 4000 aspectuum,
738 3933 877 3989 concinnis
895 3932 1194 4004 respondentium,'scd
1213 3933 1337 3990 ridentur
1354 3931 1456 4004 proprii
1474 3930 1640 3998 singulorum

290 4015 379 4064 motus
397 4007 425 4063 iu
442 4006 536 4100 latum,
553 4024 568 4062 a
588 4014 712 4062 creatore
731 4009 758 4065 in
777 4011 804 4066 isi
823 4011 988 4080 comparati,
1007 4021 1037 4067 ιιι
1055 4025 1184 4066 successu
1203 4011 1355 4068 seculorum
1374 4011 1460 4066 omnis
1478 4008 1640 4078 superficies

289 4086 429 4158 sphaerae,
448 4086 546 4158 coique
563 4086 691 4157 plauetac
708 4088 874 4158 assignatae,
893 4097 1112 4159 percurrerctar;
1130 4090 1222 4160 itaque
1240 4090 1352 4161 planeta
1369 4091 1514 4146 crebritate
1532 4104 1640 4146 conser-

288 4171 377 4220 torum
396 4172 533 4222 meatuum
552 4165 695 4237 sphaeram
713 4167 764 4223 subi
783 4167 903 4239 undique
921 4168 1073 4225 conclusam
1092 4177 1199 4227 ιιιιιιτιι
1214 4162 1301 4227 instar
1316 4171 1464 4242 bombycis,
1483 4175 1510 4223 si
1523 4176 1555 4224 ut
1574 4170 1642 4224 haee

289 4243 345 4314 iilo,
365 4245 404 4302 sic
422 4245 469 4301 iile
487 4252 608 4303 motuum
627 4246 748 4317 vestigiis
766 4250 888 4319 eorporis
907 4251 964 4305 cari
983 4250 1099 4318 speciem
1118 4260 1343 4321 repraesentaret

251 4333 259 4345 '
376 4323 461 4380 Paulo
479 4323 596 4380 ianuae
613 4325 714 4380 roceas
733 4329 931 4397 comparaverit
957 4326 1055 4397 aliquis
1073 4327 1180 4384 diversa
1206 4330 1417 4399 planetariarum
1436 4327 1641 4399 separationum

289 4402 385 4469 initia,
410 4401 485 4458 verbi
502 4419 601 4473 eausa,
630 4404 652 4455 si
673 4421 743 4460 uuas
761 4406 797 4459 sit
815 4413 897 4462 uatus
924 4420 994 4462 auno
1013 4407 1083 4463 16113
1102 4406 1153 4461 sub
1170 4407 1362 4476 conjunctione
1379 4407 1488 4464 Saturni
1506 4414 1536 4462 et
1552 4403 1640 4471 laria

288 4480 358 4537 alius
378 4481 445 4537 16117
462 4481 514 4538 sub
532 4445 639 4549 sextili,
668 4483 764 4538 tertius
782 4497 853 4539 auso
874 4484 942 4539 teos
961 4484 1012 4538 snb
1030 4485 1180 4555 quadrato,
1208 4494 1321 4557 quaram
1345 4501 1416 4542 anuo
1436 4485 1504 4542 16119
1523 4484 1575 4542 sub
1592 4483 1640 4539 tri·

289 4578 377 4633 gono,
403 4563 514 4632 quintas
532 4577 603 4618 anuo
626 4564 693 4621 1612
711 4564 762 4618 sub
780 4563 907 4634 opposito
925 4569 977 4619 etc.
1013 4563 1121 4620 Pmmur
1139 4565 1221 4635 igitur
1238 4566 1340 4621 viseret
1355 4562 1551 4621 resolutionem
1569 4564 1642 4619 rice·

288 4642 392 4698 narianr
408 4641 489 4698 aliter
505 4652 701 4713 comparatam,
719 4658 801 4712 qaam
819 4642 963 4712 secundus,
984 4652 1010 4699 et
1028 4643 1075 4699 iric
1090 4644 1184 4713 aliam,
1202 4660 1284 4714 quam
1301 4643 1410 4712 tertius,
1430 4647 1458 4696 et
1475 4657 1568 4699 eorum
1585 4641 1641 4696 sin·

289 4718 360 4789 gulia
387 4720 482 4779 ordine
507 4723 615 4794 quidem
641 4724 752 4792 eodem,
779 4720 829 4778 sed
846 4721 901 4776 alio
927 4728 1010 4791 atque
1036 4721 1090 4778 alio
1117 4722 1221 4792 periodi
1238 4722 1331 4792 initio,
1358 4720 1418 4777 aliis
1436 4728 1465 4776 et
1482 4719 1543 4777 aliis
1560 4719 1640 4776 mua

289 4798 387 4856 aetatis
405 4803 528 4858 renireut
544 4799 715 4871 planetarum
734 4808 870 4872 aspectus.
906 4798 982 4855 idem
1004 4799 1148 4856 dicendum
1166 4801 1200 4857 de
1219 4800 1326 4857 diversa
1343 4806 1435 4857 aetate
1451 4799 1559 4872 Lunae,
1582 4812 1640 4867 qua

291 4895 336 4937 res
355 4881 494 4951 quaebbet
511 4880 606 4953 oritur,
625 4888 654 4936 et
672 4883 713 4938 sic
730 4882 811 4939 ιιιιιιι
830 4879 865 4935 sis
884 4878 992 4936 eeterls.
1315 4904 1322 4921 ι
