3567 5625
685 427 832 486 enarr.
851 430 940 500 opus
955 426 978 484 1.
1032 400 1033 403 ‘
1442 432 1504 495 ste

157 609 272 684 derum,
297 614 328 670 et
348 607 436 687 plane
458 608 591 670 tabulam
613 614 719 686 mam,
742 616 776 670 ut
797 612 827 668 ln
849 626 909 688 qua
930 610 1099 688 inscriptum
1123 607 1162 667 sit
1182 605 1264 681 nibil,
1287 625 1324 669 ne
1341 608 1505 671 mathema·

156 699 241 757 ticum
265 696 394 777 quidem,
415 699 536 759 inscribi
559 716 628 758 vero
650 700 765 775 possint
788 701 902 771 omnia3
924 696 980 758 hae
1002 699 1120 773 inquam
1142 696 1173 752 in
1193 703 1275 772 parte
1298 700 1351 757 hec
1373 700 1404 757 in
1420 697 1506 758 Chri·

156 786 251 845 stiana
274 784 415 861 religione
438 784 607 846 tolerandus
631 790 675 845 esi
696 793 726 846 et
748 787 861 846 invenit
882 792 950 864 post
972 785 1085 862 aliquot
1099 782 1200 843 secula
1224 800 1289 842 cum
1310 785 1382 845 alius
1398 786 1505 846 multas

156 869 295 947 cidaras,
318 881 352 933 nt
372 871 501 949 loquitur
522 872 658 948 Procius,
681 880 744 935 tum
758 873 895 941 Proclum
918 876 1013 951 ipsum
1029 870 1243 947 adversarium,
1268 889 1436 950 quanquam
1457 873 1506 935 bic

156 960 345 1020 Aristotelem
368 962 463 1037 ipsum
487 963 603 1021 nomine
626 978 684 1023 non
707 963 786 1036 citat,
809 961 963 1023 Platonem
985 962 1070 1034 vero,
1093 975 1181 1036 quem
1204 957 1346 1035 defendit,
1370 962 1506 1023 nomina·

155 1056 213 1109 turn
235 1056 346 1127 aperte
361 1047 464 1108 ducem
486 1067 573 1110 suum
595 1049 754 1126 prolitetor.

242 1135 342 1214 Huius
369 1138 459 1214 igitur
479 1136 576 1197 Procli
606 1136 824 1215 philosophiam
854 1135 890 1197 de
919 1135 1074 1212 speciebus
1104 1150 1198 1197 rerum
1225 1135 1504 1211 mathematicarum,

155 1241 226 1301 quas
249 1240 308 1301 ego
330 1228 469 1284 terminos
490 1225 629 1301 prodteor
649 1225 845 1303 proportionis
867 1223 1054 1283 harmonicae
1076 1238 1169 1298 purae
1193 1227 1223 1281 et
1244 1233 1372 1284 secretae
1395 1244 1414 1285 a
1435 1242 1504 1284 sen-
1550 1298 1552 1303 Ι

154 1309 271 1386 silibns,
303 1328 410 1390 operae
441 1315 565 1390 pretinm
595 1316 640 1373 e'st
666 1330 701 1371 ex
732 1312 796 1388 oJ'ns
825 1310 902 1371 libro
925 1311 948 1370 l.
981 1313 1010 1369 in
1034 1308 1116 1370 Eucl
1146 1309 1203 1369 hnc
1231 1313 1438 1373 transscribere
1468 1313 1504 1373 de

156 1399 244 1460 verbo
268 1398 307 1458 ad
331 1401 460 1463 verbum.

236 1486 287 1547 Sic
302 1486 367 1548 iiio:
394 1491 538 1561 Reliquum
557 1496 599 1545 est
621 1498 651 1546 ut
669 1489 819 1560 videamus,
846 1505 977 1562 quaenam
1005 1488 1182 1544 subsistentia
1202 1505 1250 1544 sen
1269 1488 1389 1544 essentia
1406 1488 1505 1545 debeat

153 1570 284 1640 assignari
306 1570 504 1626 mathematicis
531 1567 675 1637 generibus
704 1576 732 1625 et
756 1569 921 1640 speciebus?
956 1565 1197 1624 eoncedendumne
1210 1567 1274 1633 sit,
1301 1565 1348 1621 ilia
1365 1584 1382 1624 a
1400 1569 1503 1625 sensili·

152 1648 199 1704 bus
218 1650 424 1706 subsistentiam
442 1648 573 1717 accipere,
592 1646 649 1703 sive
665 1663 715 1717 per
732 1647 950 1712 abstractionem,
967 1654 998 1702 ut
1015 1661 1073 1701 mos
1093 1654 1134 1700 est
1152 1646 1289 1716 loquendi,
1308 1648 1364 1702 sire
1380 1663 1432 1719 per
1449 1650 1503 1704 col·

152 1712 294 1784 lectionerir
313 1746 422 1799 eornm,
445 1743 515 1798 qnae
533 1733 597 1783 snut
613 1742 663 1796 per
679 1735 771 1797 partes
790 1728 927 1797 dispersa,
953 1727 980 1782 in
1001 1740 1081 1793 unam
1108 1740 1275 1781 communem
1294 1724 1426 1780 rationem
1443 1734 1502 1789 (seu

153 1804 356 1877 definitionem),
374 1824 445 1863 anne
463 1807 543 1862 etiam
563 1814 626 1861 aute
643 1807 711 1861 haec
728 1807 795 1876 ipsis
814 1805 904 1862 danda
922 1803 1107 1871 subsistentia,
1125 1812 1155 1858 ut
1171 1803 1250 1857 Plato
1269 1810 1383 1873 usurpat
1399 1813 1427 1860 et
1445 1806 1502 1862 nni·

153 1887 288 1941 versitatis
306 1904 397 1942 rernm
415 1886 570 1957 progressio
588 1884 773 1942 demonstrati

234 1965 356 2020 Primum
375 1967 469 2035 itaquo
487 1965 509 2017 si
527 1963 706 2033 affirmamus,
735 1964 840 2035 species
860 1963 1063 2019 mathematicas
1083 1979 1099 2017 a
1117 1959 1261 2016 sensilibus
1279 1964 1417 2034 consbtni,
1440 1964 1503 2020 dum

155 2043 241 2098 anima
259 2060 277 2098 a
294 2046 408 2114 trigonis
432 2052 480 2098 ant
503 2044 611 2099 circulis
629 2043 812 2099 materialibus
838 2043 955 2113 speciem
974 2043 1133 2100 circularem
1157 2049 1205 2096 aut
1226 2041 1384 2110 trigonicam
1409 2060 1504 2100 secun·

153 2120 225 2179 daria
244 2125 362 2195 quadam
380 2125 504 2195 genitura
521 2124 549 2178 in
567 2124 675 2194 seipsa
693 2123 805 2179 format:
833 2138 949 2192 quaero,
966 2122 1038 2178 nude
1056 2120 1147 2175 veniat
1165 2120 1315 2177 rationibus
1333 2124 1391 2190 (seu
1410 2123 1503 2180 defini·

155 2202 281 2266 tionibus)
299 2205 346 2259 ilia
363 2210 440 2260 tanta
457 2204 590 2259 certitudo
616 2213 747 2272 tantaque
765 2203 923 2258 accuratio?
958 2202 1020 2256 Erit
1042 2202 1112 2256 enim
1137 2208 1185 2256 aut
1201 2216 1218 2255 a
1235 2201 1380 2257 sensilibus
1404 2209 1451 2256 ant
1470 2201 1503 2258 ab

152 2282 209 2352 ipsa
226 2284 324 2339 anima
360 2286 397 2339 At
415 2283 582 2354 impossibile
608 2278 798 2349 usensilibns;
826 2279 910 2335 multo
936 2296 1052 2351 namque
1078 2279 1165 2348 major
1190 2277 1327 2334 subtilitas
1353 2289 1381 2335 et
1398 2281 1504 2335 exactio
1575 2290 1578 2297 ’

152 2362 220 2418 inest
237 2365 391 2420 raticnssrus
409 2365 476 2419 istis.
514 2365 554 2419 ab
573 2363 662 2417 anima
679 2362 775 2432 igitur,
794 2374 864 2426 qnae
882 2358 1047 2428 imperfectis
1066 2358 1275 2427 perfectionem,
1301 2358 1409 2413 minime
1428 2377 1504 2417 accu-

152 2445 215 2498 ratis
235 2443 415 2499 subtilitatem
433 2441 505 2497 rllam
525 2448 679 2496 accuratam
705 2437 839 2494 conciliet.
875 2438 926 2492 Dic
951 2438 1035 2508 enim,
1062 2437 1109 2493 ubi
1127 2438 1197 2491 inter
1221 2436 1331 2491 sensilia
1353 2438 1505 2495 inveniatur

152 2530 246 2577 notura
274 2521 444 2592 imparttbssis
466 2515 588 2598 (puncti)
614 2526 641 2574 et
667 2517 810 2599 latitudine
834 2530 929 2571 carens
957 2513 1000 2592 (ut
1022 2512 1114 2584 linea)
1144 2520 1172 2567 et
1193 2514 1378 2581 profunditate
1398 2514 1504 2595 (utsu-

156 2603 312 2686 perfioies),
343 2617 389 2664 ant
407 2609 453 2665 uhi
471 2607 622 2679 aequalitas
640 2609 771 2663 linearum
791 2602 826 2659 er'
843 2611 948 2671 centro,
978 2612 1025 2659 ant
1048 2604 1093 2660 nbi
1111 2601 1300 2673 proportiones
1318 2618 1424 2675 semper
1442 2623 1504 2661 con·

153 2702 255 2751 stmtcs
278 2695 395 2750 laterum
416 2690 551 2771 (materia
572 2695 628 2753 mei
652 2692 719 2754 libri
734 2687 771 2770 1.)
795 2700 842 2750 aut
864 2692 910 2745 ubi
934 2691 1094 2761 angulorum
1118 2690 1315 2747 rectitudines?
1350 2693 1412 2748 Non
1429 2694 1503 2764 equi-

155 2771 213 2829 dem
231 2774 320 2838 rideo,
339 2782 370 2829 nt
387 2784 451 2831 sunt
468 2775 613 2832 commixta
631 2783 659 2831 et
677 2773 790 2832 confusa
806 2773 877 2832 inter
896 2786 925 2826 se
944 2772 1035 2826 omnia
1052 2771 1196 2843 partibilis,
1216 2772 1283 2829 nihil
1301 2774 1444 2838 sincerum,
1465 2772 1504 2830 ni·

152 2852 187 2906 brl
214 2869 231 2908 a
256 2854 393 2908 contrario
419 2869 469 2907 sno
491 2871 606 2923 purum3
632 2855 722 2910 omnia
745 2850 895 2925 partibilis,
921 2860 949 2906 et
973 2867 1043 2921 qnae
1068 2852 1137 2908 locis
1162 2851 1256 2907 dissita
1279 2862 1393 2925 atquae
1417 2852 1501 2908 unita

153 2931 295 3000 Quomodo
313 2931 396 2999 igitur
413 2932 594 2989 immobilibus
617 2934 704 3004 ipsam
724 2933 873 2988 durabilem
897 2931 1042 2986 essentiam
1067 2950 1100 2987 ex
1118 2927 1263 2987 mobssibus
1286 2934 1407 3003 aliisque
1425 2932 1504 2988 aliter

151 3007 315 3065 habentibus
334 3009 556 3066 conciliabimus?
592 3011 728 3083 Quicquid
746 3012 816 3066 enim
829 3011 1032 3088 subsistentiam
1045 3027 1122 3067 suam
1140 3011 1258 3066 habeta
1275 3013 1354 3068 motis
1373 3011 1505 3076 essentiis,

150 3086 249 3143 habere
268 3103 330 3142 eam
347 3088 504 3148 mutabilem
523 3089 675 3148 concedunt
692 3091 752 3160 ipsi.
791 3089 825 3144 lit
852 3090 988 3158 quomodo
1015 3091 1151 3147 accuratis
1174 3098 1203 3147 et
1226 3091 1307 3147 certis
1326 3091 1469 3162 speciebus
1488 3109 1505 3147 a

150 3183 203 3222 non
221 3167 359 3223 menratis
377 3169 580 3238 impetrabimus
599 3169 762 3228 accuratiam
776 3168 872 3224 suam?
909 3166 993 3223 Omne
1006 3185 1137 3241 namque,
1155 3168 1228 3241 quod
1240 3186 1322 3227 cansa
1334 3169 1504 3229 estuotionis
1593 3221 1596 3230 ,

151 3259 256 3314 semper
274 3244 421 3312 mutabilis,
438 3246 526 3316 ipsum
544 3248 628 3304 multo
646 3248 731 3317 magis
749 3246 866 3302 esttale.
903 3245 1116 3316 Supponendum
1129 3264 1193 3317 ergo
1207 3249 1266 3315 erit,
1283 3250 1400 3305 animam
1417 3251 1504 3321 ipsam
1533 3271 1537 3294 ¹

151 3325 310 3395 genitricem
330 3340 389 3382 esse
408 3326 658 3382 mathematicorum
683 3326 833 3396 specierum
857 3331 884 3381 ct
903 3323 1045 3380 rationum.
1081 3326 1164 3396 Atqui
1188 3326 1236 3381 illa
1261 3327 1503 3400 mutinensium,

153 3414 183 3458 nt
200 3406 289 3474 prima
308 3405 432 3475 exempla
449 3401 497 3460 sen
515 3406 713 3476 paradigmata,
737 3403 884 3460 secundum
903 3403 1047 3457 essentiam
1066 3404 1127 3473 ipsa
1145 3404 1293 3460 subsistere
1312 3399 1389 3471 iacit,
1418 3420 1449 3461 nt
1467 3410 1505 3464 ita

152 3496 205 3551 sint
220 3492 412 3566 generationes
436 3487 635 3571 (Christianus
651 3486 798 3560 subaudit,
821 3489 931 3546 creatio
951 3505 1046 3548 rerum
1062 3485 1229 3572 sensilium)
1242 3492 1309 3547 nihil
1322 3494 1407 3562 ahud,
1423 3511 1504 3565 qnam

151 3582 365 3654 propagationes
383 3582 548 3651 specierum,
568 3594 638 3648 qnae
655 3581 683 3634 iu
701 3579 749 3633 ilia
765 3577 841 3648 prius
859 3576 967 3632 inerant
997 3572 1141 3658 (rationes
1173 3578 1362 3638 creandorum
1397 3596 1503 3657 corpo-

152 3685 215 3727 rum
244 3666 470 3727 mathematicas
493 3666 558 3725 Deo
589 3672 759 3724 coaeternas
790 3661 879 3720 fuisse
903 3661 1056 3737 Deumque
1083 3666 1211 3747 animam
1238 3673 1268 3724 et
1290 3674 1416 3726 mentem
1439 3685 1504 3727 esse

150 3754 431 3833 superexcellenter,
461 3756 574 3814 animas
604 3768 674 3810 vero
704 3752 848 3809 humanas
879 3748 1024 3808 esseDei
1054 3755 1193 3810 creatoris
1224 3754 1384 3830 imagines,
1415 3757 1505 3814 etiam

153 3844 183 3900 in
204 3840 415 3902 essentialibus
438 3859 492 3901 suo
513 3838 611 3911 modo,
634 3839 662 3897 id
685 3841 782 3898 sciunt
797 3835 981 3916 Christiani),
1003 3847 1070 3895 tunc
1087 3839 1195 3897 Platoni
1214 3845 1414 3901 consentiemus
1437 3847 1504 3901 baec

152 3925 282 3992 dicentes,
301 3930 330 3978 et
346 3939 412 3978 tera
429 3923 547 3979 essentia
564 3923 759 3977 mathematum
776 3919 855 3975 nobis
871 3919 981 3974 inventa
993 3916 1051 3974 en't
1089 3919 1136 3974 Sin
1148 3927 1240 3977 antem
1252 3924 1349 3990 anima,
1370 3942 1429 3980 eum
1449 3943 1503 3981 non

150 4011 264 4067 baberet
289 4026 340 4065 nec
357 4010 432 4079 prius
450 4008 575 4064 alicunde
599 4009 748 4079 accepisset
773 4007 891 4063 rationes
913 4007 1118 4064 mathematicas
1143 4003 1189 4087 (si,
1213 4025 1279 4068 cum
1301 4026 1359 4070 non
1383 4012 1505 4070 finissent

152 4097 210 4173 ipsi
231 4090 423 4178 concreatpe),
451 4095 624 4153 nihilominus
648 4094 833 4151 admirabilem
856 4095 929 4151 bunc
952 4103 1077 4153 ornatum
1097 4098 1305 4155 immateriatnm
1329 4104 1414 4170 texit,
1443 4101 1503 4172 pul·

151 4177 311 4233 chenimain
333 4176 403 4230 hanc
429 4175 640 4246 speculationem
665 4177 788 4244 enititur,
813 4175 948 4248 quomodo
971 4192 1035 4246 ergo
1061 4176 1195 4232 discernet
1217 4177 1256 4232 sic
1281 4180 1385 4247 genita.
1413 4181 1503 4235 sintuc

152 4263 328 4319 subsistentia
351 4271 379 4317 et
397 4265 549 4319 constantia
567 4261 680 4342 (stortae
703 4277 763 4321 non
786 4284 885 4340 ponpa
898 4257 985 4339 lego),
1003 4279 1038 4317 an
1057 4262 1198 4317 inventos
1217 4265 1332 4320 evanida
1351 4274 1379 4322 et
1397 4276 1505 4338 spectra

151 4345 244 4414 potius
266 4358 347 4412 quam
369 4343 451 4416 nera?
488 4343 592 4411 Quibus
615 4344 716 4398 normis
741 4344 952 4414 saeveritatem
977 4358 1068 4397 eorum
1093 4342 1239 4404 metietur?
1277 4346 1335 4399 lmo
1359 4346 1503 4414 quomodo,

152 4439 215 4476 cum
233 4420 377 4477 essentiam
400 4439 493 4477 eorum
519 4440 572 4478 non
599 4423 726 4490 haberet,
753 4421 838 4491 giguit
860 4429 963 4476 tantam
988 4421 1147 4475 rariemtem
1169 4422 1323 4478 rationum?
1358 4425 1427 4480 Nam
1451 4426 1503 4481 hoc

152 4510 235 4570 pacto
252 4499 390 4555 fortuitam
407 4499 515 4555 illorum
534 4501 737 4556 subsistentiam
755 4500 885 4556 iaciemus
905 4498 1045 4569 nequead
1063 4497 1150 4553 ullum
1168 4515 1279 4571 scopum
1298 4502 1341 4558 vel
1360 4505 1503 4560 terminum

152 4577 316 4634 tendentem.
353 4579 421 4633 Sunt
439 4595 502 4646 ergo
520 4579 625 4634 animae
643 4579 727 4648 ipsius
747 4576 855 4633 soboles
874 4579 980 4646 species
997 4576 1211 4648 mathematicae,
1229 4597 1280 4636 nec
1296 4581 1380 4638 habet
1396 4583 1444 4638 iila
1460 4601 1502 4640 ra·

153 4655 250 4725 hones,
268 4671 336 4727 quas
354 4657 503 4724 constituit,
522 4674 539 4712 a
556 4657 710 4726 sensilibus,
728 4659 794 4727 quin
812 4657 903 4727 potius
922 4658 989 4712 baec
1007 4658 1041 4712 ab
1058 4656 1112 4710 illis
1124 4666 1319 4729 propagantur,
1339 4668 1456 4731 suntque
1473 4661 1502 4717 hi

153 4735 250 4790 enirm
267 4735 353 4805 ipsius
371 4733 484 4789 ethaeo
502 4736 645 4804 puerperia
662 4737 878 4806 permanentium
897 4745 924 4791 et
941 4734 1098 4806 perennium
1117 4736 1268 4803 specierum
1290 4737 1432 4794 euidentia.

241 4812 364 4868 secundo
382 4814 405 4867 si
423 4814 457 4868 ab
475 4814 546 4869 inira
564 4825 592 4869 et
609 4831 625 4868 a
643 4815 790 4871 sensilibus
808 4815 959 4885 colligimus
982 4814 1101 4870 rationes
1118 4815 1312 4890 mathematum
1330 4821 1388 4886 (sen
1407 4819 1502 4875 delini·

154 4891 261 4960 tiones),
280 4890 416 4961 quomodo
434 4909 489 4948 non
507 4893 632 4948 meliores
651 4902 729 4948 erunt
748 4893 1005 4965 demonstrationes,
1029 4912 1097 4965 quas
1116 4894 1284 4953 constituunt
1303 4896 1431 4969 sensilia,
1457 4898 1503 4956 de·
