3567 5625
682 431 767 488 nne
782 431 829 488 rv.
848 432 1022 536 nepum&
1074 489 1078 501 ,
1441 445 1504 506 213

153 614 349 691 mitiorem,
376 630 437 691 qne
460 618 579 676 auclore
601 629 654 673 een
675 614 770 691 primo
796 618 910 675 motore
937 622 1143 691 mnrequatur.
1194 614 1308 691 Quibus
1335 619 1422 681 rebus
1443 626 1505 679 tam

154 701 327 779 generuliter
354 717 444 778 quarn
474 700 648 778 specialium
675 700 874 781 subjectorum
907 700 1064 763 collatione
1094 701 1265 782 explicatis,
1293 710 1398 783 postea
1419 707 1506 767 nobis

153 788 235 849 laciie
258 790 313 848 erit
342 788 378 849 de
401 790 565 857 animorum
602 790 754 866 ipsiusque
777 795 899 848 usturas
919 789 1087 850 sublunaris
1110 793 1237 851 essentia
1265 800 1294 851 et
1315 795 1507 870 proprietati·

154 876 205 936 hus
227 875 430 954 metaphysice
452 875 594 939 disseram
614 883 796 952 naturaeque
818 892 928 937 munna
949 875 1053 955 paulo,
1077 895 1166 955 quam
1189 888 1271 939 erant
1293 879 1452 953 hacteuus,
1475 885 1505 941 in

153 963 254 1040 mejeri
277 962 343 1024 luce
366 963 473 1027 locere.

661 1156 799 1234 Capita
819 1155 914 1216 lihri
934 1154 988 1216 tv.

237 1310 329 1380 capnt
345 1310 366 1366 1.
392 1310 435 1365 De
452 1308 573 1365 meantia
589 1307 796 1379 proportionum
820 1307 1049 1378 harmonicorum,
1074 1314 1128 1365 tem
1153 1310 1305 1379 sensilium,
1328 1327 1410 1381 quarn
1426 1312 1505 1369 intel·

152 1388 314 1447 lectualium.

238 1468 382 1539 capnon.
401 1467 474 1539 Quot
492 1466 641 1539 qualesque
659 1466 714 1523 sint
731 1467 836 1522 animae
854 1464 1001 1523 facultates
1019 1468 1167 1524 secundum
1185 1467 1350 1527 harmonias.

236 1546 328 1617 Caput
345 1546 393 1601 III.
413 1546 490 1616 Quae
508 1545 562 1601 sint
585 1559 685 1616 genera
708 1560 799 1602 rerum
821 1560 870 1601 ssu
889 1543 1029 1600 sensilium
1052 1561 1102 1601 seu
1123 1545 1375 1616 materiatarum,
1400 1550 1428 1605 iu
1446 1551 1505 1621 qni·

153 1627 199 1681 hus
218 1634 367 1696 expressae
385 1631 449 1683 snnt
466 1625 636 1693 hermoniae,
656 1625 712 1679 sire
730 1639 747 1679 a
765 1623 837 1693 Deo,
856 1625 914 1678 sire
931 1623 966 1677 eh
987 1623 1110 1694 homine,
1134 1632 1162 1680 et
1177 1627 1319 1696 quomodo.

237 1706 328 1775 Gepnt
345 1704 392 1760 tv.
414 1704 486 1773 qut
504 1701 664 1760 incrimiuis
686 1700 722 1757 sit
744 1700 815 1757 inter
838 1701 995 1756 harmonius
1016 1702 1069 1757 hoc
1085 1701 1155 1757 libro
1174 1713 1271 1773 quarto
1297 1713 1325 1761 st
1347 1705 1424 1763 iuter
1441 1706 1505 1765 illu

152 1783 218 1840 hhro
236 1784 319 1841 tertio
336 1784 531 1840 consideratas.
1420 1850 1424 1859 f

239 1863 330 1931 Caput
346 1862 379 1914 V.
405 1863 447 1919 De
473 1863 562 1919 musis
588 1860 740 1917 elflmcium
768 1859 1010 1929 configurationnm
1039 1874 1185 1931 earumque
1212 1877 1325 1918 numero
1356 1869 1385 1919 et
1409 1863 1505 1921 ordine

153 1940 330 2114 “affine
345 2020 393 2077 vr.
413 2019 489 2088 qm
506 2021 544 2077 so
560 2019 685 2089 apem
703 2018 860 2088 mpetum
883 2036 945 2075 eun
963 2019 1147 2076 mauman
1165 1974 1276 2078 norton
1300 2021 1459 2079 innumero
1477 2031 1507 2081 e

153 2116 330 2249 mscgjpun't
345 2178 405 2233 vn.
433 2178 566 2253 Epilogus
590 2178 673 2235 hahet
690 2175 948 2248 contemplationem
970 2180 1084 2232 naturae
1107 2175 1262 2233 sublunaris
1289 2178 1505 2253 facultatumque

154 2259 257 2314 enimse
273 2256 439 2313 lutetiorum.

730 2476 872 2549 ctrur
898 2476 922 2547 l.

205 2627 254 2683 De
272 2624 437 2682 essentis
461 2626 722 2694 proportionum
744 2623 1026 2689 harmonicorum
1047 2630 1115 2681 tum
1139 2623 1334 2696 sensilium,
1359 2643 1452 2695 quem

678 2710 977 2768 intellectualium.

239 2894 287 2955 De
309 2894 526 2959 harmoniarum
550 2894 677 2953 essentia
699 2892 882 2969 disputaturo
905 2891 975 2951 mihi
998 2890 1132 2953 dubitare
1147 2895 1299 2969 contingit,
1323 2901 1419 2956 utrum
1440 2896 1504 2958 cla·

155 2985 276 3055 rius‘sit,
298 2991 430 3043 veterum
452 2982 612 3054 sententias
634 2983 758 3057 primum
780 2982 939 3057 exquirere,
964 2977 1068 3040 deinde
1090 2996 1156 3039 cum
1176 2998 1243 3041 mea
1265 2999 1443 3060 comparare,
1466 3002 1504 3044 au

156 3071 191 3131 eh
214 3071 399 3147 expositione
420 3070 554 3146 proprius
577 3069 737 3128 sententiae
759 3069 895 3145 incipere.
942 3066 1024 3125 Prior
1047 3066 1273 3145 philosophandi
1297 3073 1372 3130 ratio
1387 3081 1506 3148 recepta

157 3170 200 3219 est
222 3159 262 3218 ah
289 3156 423 3217 omnibus
452 3163 482 3214 et
508 3155 609 3216 crebro
636 3154 854 3216 commendetur
874 3154 913 3214 ah
936 3153 1109 3227 Aristotele,
1140 3157 1284 3232 posterior
1310 3161 1406 3233 magis
1432 3176 1504 3219 con-

156 3248 255 3307 venire
279 3243 396 3305 videtur
417 3244 565 3320 praesenti
587 3245 736 3303 materiae.
780 3241 1004 3319 Disputationes
1025 3257 1053 3299 n.
1078 3240 1115 3301 tie
1137 3244 1266 3303 essentia
1287 3243 1505 3306 harmoniarum

156 3335 184 3391 in
206 3334 306 3410 speeie
329 3332 417 3408 pauci
439 3329 607 3406 attigerunt,
630 3340 660 3389 et
681 3333 706 3390 sl
729 3345 788 3405 qna
810 3328 943 3388 dixerunt
965 3327 1001 3388 ds
1023 3329 1214 3390 subsistentia
1230 3348 1368 3406 generum
1391 3341 1420 3393 et
1434 3350 1504 3411 spe·

157 3422 264 3482 cierum
287 3409 566 3487 mathematicorum,
590 3410 669 3494 quod
692 3416 849 3476 harmoniis
871 3417 900 3473 in
924 3417 1023 3493 specie
1045 3418 1138 3493 possit
1158 3416 1308 3495 applicari,
1331 3420 1362 3479 id
1382 3436 1504 3482 necesse

34 3581 36 3586 Ι
157 3518 201 3569 est
222 3511 251 3566 in
275 3505 464 3585 philosophis
487 3504 640 3581 gentilium
663 3504 848 3564 obscuritatis
870 3519 936 3562 esse
958 3501 1092 3582 plenum,
1119 3520 1213 3580 eoque
1235 3506 1352 3567 lectoris
1374 3509 1504 3567 animum

158 3598 230 3655 inter
251 3610 383 3655 amorem
404 3593 685 3671 speciosissimorum
716 3590 884 3667 dogmatum
915 3597 945 3649 et
966 3591 1161 3666 suspicionem
1186 3591 1271 3652 fictae
1293 3596 1334 3653 rei
1361 3594 1502 3655 fluctuare

159 3683 290 3743 dubium.
336 3681 370 3739 lu
393 3681 526 3741 coetibus
548 3663 782 3740 Christianornm'
800 3689 830 3737 et
850 3678 876 3735 si
900 3678 966 3753 quis
987 3687 1205 3737 sacrosanctum
1219 3678 1370 3740 Trinitatis
1391 3689 1503 3757 mysta·
1560 3681 1564 3694 '

158 3774 231 3830 rium
261 3777 417 3845 ortumque
444 3784 540 3828 rernm
568 3768 696 3826 omniurn
725 3783 761 3824 er
793 3763 915 3824 historia
945 3763 1081 3825 Moesica
1108 3764 1192 3826 tlrma
1220 3765 1277 3826 tide
1310 3767 1503 3847 amplectitur,

159 3855 368 3935 disputationis
391 3856 488 3932 capita
510 3861 540 3914 et
561 3854 666 3914 clarius
688 3854 811 3930 proponi
832 3860 958 3929 possunt
979 3859 1009 3912 et
1029 3850 1219 3929 procliviores
1234 3855 1388 3915 inveniunt
1408 3856 1503 3917 lecto·

158 3963 219 4005 rum
241 3947 358 4005 animos
380 3941 418 4002 ad
440 3941 623 4001 credendum.
668 3939 708 4001 Ut
730 3943 817 4017 igitur
845 3937 1014 4002 methodum
1036 3938 1223 4001 dicendorum
1253 3943 1457 4020 expediamus,
1485 3962 1504 4004 a

160 4031 306 4092 iirisione
327 4027 523 4108 incipientium
545 4031 608 4091 erit.
655 4026 744 4087 Aliud
766 4029 842 4088 enim
866 4035 912 4087 est
933 4026 1085 4087 harmonia
1105 4028 1222 4088 sensilis
1244 4030 1293 4091 rel
1316 4033 1342 4090 ei
1364 4025 1502 4108 analoga,
1622 4061 1624 4070 r

159 4120 237 4180 alind
260 4113 414 4180 harmonia
433 4126 546 4182 secreta
575 4124 605 4176 et
624 4133 699 4193 puro
732 4115 865 4175 a'rebus
893 4113 1064 4191 sensilibue3
1095 4114 1163 4175 illae
1190 4116 1299 4177 multae
1328 4126 1412 4194 sunt,
1443 4126 1504 4178 tam

160 4210 271 4268 ratione
294 4197 509 4282 subjectorum,
532 4204 629 4281 specie
652 4202 860 4275 differentium,
883 4218 971 4277 qnam
993 4204 1107 4262 ratione
1127 4202 1359 4279 individuorum,
1388 4215 1420 4264 at
1441 4207 1503 4264 siu·

162 4311 225 4355 cera
245 4294 400 4354 harmonia
421 4301 452 4352 et
473 4311 492 4352 a
513 4291 652 4366 sthecttn
684 4288 840 4350 sensilibus
869 4299 982 4348 recreta
1004 4293 1033 4348 in
1056 4287 1187 4365 qualibet
1207 4293 1305 4368 specie
1327 4309 1386 4351 nus
1408 4300 1453 4352 est
1474 4299 1505 4351 et

162 4381 271 4442 aient
316 4379 408 4440 Verbi
430 4395 537 4450 cansa,
560 4385 605 4437 est
625 4394 685 4437 uus
714 4384 743 4438 et
764 4375 867 4436 cadem
889 4378 1002 4453 species
1029 4375 1210 4451 harmonice,
1242 4394 1318 4455 quae
1339 4396 1358 4437 a
1378 4394 1502 4455 propor-

161 4471 238 4530 tione
260 4466 353 4546 ‹lupla
375 4468 481 4543 oritnr3
502 4465 577 4526 haec
598 4466 623 4523 si
645 4466 721 4524 inest
743 4466 771 4521 in
794 4464 882 4535 sonte,
907 4463 1047 4542 diapason
1063 4463 1176 4536 dicitur,
1200 4466 1224 4523 si
1238 4467 1268 4521 in
1282 4464 1502 4540 radiationibus,

161 4565 295 4633 aspectus
317 4554 470 4633 oppositus
491 4559 688 4630 nuncupatur,
719 4557 749 4611 et
778 4552 808 4608 in
829 4553 942 4610 musico
971 4550 1089 4627 quidem
1112 4558 1270 4627 systemate
1299 4550 1348 4611 vel
1370 4555 1502 4628 superior

162 4652 207 4705 ast
229 4643 275 4704 rel
298 4642 432 4715 interior,
454 4639 503 4701 rel
525 4641 637 4701 acutior
660 4638 706 4698 rel
729 4640 860 4716 gravior,
884 4638 932 4698 rel
955 4654 1061 4698 vocum
1082 4636 1274 4698 humanarum
1295 4638 1343 4699 vel
1365 4655 1502 4700 sonorum

163 4748 199 4790 ex
220 4732 353 4809 organieq
384 4745 439 4788 uec
467 4729 562 4789 minus
593 4728 621 4784 in
648 4725 858 4802 meteorologia
887 4732 933 4785 est
959 4723 1127 4800 multiplex:
1159 4725 1206 4785 vel
1235 4726 1312 4786 enim
1333 4725 1451 4786 Saturni
1473 4733 1503 4787 et

162 4815 249 4878 Joris
270 4817 318 4878 rel
341 4815 461 4877 ultanus
485 4814 623 4894 copulas,
652 4821 681 4872 et
703 4813 750 4873 rel
779 4830 815 4873 ex
837 4813 928 4890 sigula
950 4812 1213 4889 aequinoctialibus
1242 4811 1291 4874 vel
1318 4830 1354 4874 ex
1375 4816 1502 4891 tropicis.

247 4905 294 4965 De
316 4912 441 4982 utroque
461 4901 550 4981 igitur
570 4917 677 4980 genere
699 4902 856 4978 quaeritur,
878 4898 1026 4980 quomodo
1040 4900 1209 4976 subsistunt,
1232 4899 1369 4979 quotque
1391 4918 1444 4984 per
1457 4919 1499 4982 se¹
