3567 5625
241 402 282 464 90
685 393 728 451 De
742 392 905 463 limosum
922 393 1147 454 namuurum

243 592 332 654 opera
351 575 476 655 planum
498 572 672 647 fumabant
696 589 732 634 ex
754 591 813 651 quo
837 576 867 634 iu
891 573 1068 652 quadratum
1082 574 1202 636 redacto
1217 577 1390 638 nascebatur
1403 576 1490 652 linea,
1515 578 1593 640 dieta

240 682 338 726 mese:
370 666 413 724 sic
438 662 502 740 jam
525 661 600 720 duae
622 666 728 734 rectae,
752 667 815 722 tota
837 669 867 723 et
888 680 958 740 pars
980 680 1050 743 una,
1071 662 1198 725 formant
1220 667 1313 741 ipsam
1335 673 1448 742 purtem
1470 665 1592 728 alteram

240 749 461 827 subtrahendo,
484 747 533 811 vel
555 748 631 808 duae
652 755 751 826 partes
774 749 901 811 formant
923 756 1015 811 tetam
1038 749 1182 811 addendo.
1227 752 1293 814 Illic
1314 760 1412 815 rectae
1433 753 1592 815 formantes

241 846 323 904 erant
352 841 427 899 inter
456 855 489 900 ss
518 834 795 897 commensurabiles
822 837 888 900 sola
915 840 1065 917 potentia,
1097 837 1146 900 bic
1181 841 1272 901 missa
1302 843 1593 916 commensuratione,

241 924 373 989 succedit
394 926 591 1004 proportionis
614 922 752 985 identitas
775 925 850 986 inter
871 933 966 988 totum
989 933 1019 988 et
1040 933 1148 1005 partes.
1184 927 1249 988 Illic
1270 931 1466 1006 proportionis
1487 929 1594 988 simili·

203 1063 206 1070 .
239 1015 310 1077 tudo
333 1021 396 1075 erat
409 1016 484 1074 inter
499 1013 641 1072 minorem
657 1019 686 1073 et
700 1011 864 1072 taciendam
885 1017 1020 1091 interque
1045 1013 1210 1075 faciendam
1225 1023 1255 1078 et
1270 1016 1419 1092 maj0rem,
1442 1015 1491 1076 hio
1505 1020 1594 1077 etiam

240 1113 285 1165 est
305 1103 502 1180 proportionis
525 1098 686 1160 similitudo
708 1100 784 1160 inter
805 1101 956 1162 faciendas
979 1101 1053 1162 duas
1081 1104 1216 1180 interque
1238 1120 1338 1164 earum
1361 1099 1449 1165 uuam
1472 1111 1502 1165 et
1523 1121 1594 1183 pro-

239 1193 365 1269 positam
378 1195 485 1263 totam,
517 1189 547 1246 iu
564 1187 777 1248 abstractione:
800 1190 830 1246 in
846 1190 1059 1265 compositione
1072 1207 1143 1250 vero
1159 1192 1235 1253 inter
1248 1190 1447 1253 iadendarum
1461 1195 1549 1252 uuam
1565 1200 1598 1254 et

239 1279 419 1357 propositam
440 1280 572 1354 interque
593 1277 774 1353 propositam
797 1285 827 1336 et
849 1275 1014 1338 taciendam
1038 1276 1170 1340 alteram.
1215 1278 1281 1339 Illic
1307 1280 1396 1357 igitur
1418 1279 1496 1341 datis
1518 1279 1594 1344 dus·

240 1369 294 1427 bus
317 1363 442 1426 dabatur
462 1361 664 1439 reetangqum
686 1362 812 1438 aequale
835 1364 979 1440 quadrato
1009 1363 1161 1426 faciendae
1190 1374 1220 1427 et
1241 1368 1284 1427 sic
1305 1366 1425 1443 pianum
1455 1374 1523 1427 ante
1554 1368 1594 1428 li·

238 1472 339 1515 neam:
369 1451 417 1513 hic
445 1450 644 1524 econtrario,
674 1448 760 1511 iacfis
791 1449 906 1512 duabus
935 1450 1093 1524 iaciendis,
1122 1454 1254 1530 sequitur
1282 1453 1398 1515 demum
1430 1454 1595 1531 aequalitas

238 1544 316 1603 inter
332 1538 536 1617 reetangulum
552 1543 744 1599 extremarum
768 1545 798 1599 et
822 1539 999 1616 quadratum
1022 1539 1134 1602 medias
1152 1539 1246 1622 (liuci.
1270 1541 1326 1602 VI.
1353 1545 1402 1602 1⁷.
1418 1549 1449 1602 et
1462 1542 1501 1602 IL
1522 1539 1593 1624 11.).

306 1627 373 1690 Illic
395 1637 492 1688 rectae
514 1627 673 1686 formantes
695 1624 837 1709 onomata
858 1626 1011 1688 habebant
1034 1628 1309 1691 commensurabilia
1331 1628 1474 1706 quadrato
1496 1636 1594 1692 restae

239 1718 422 1797 propositae,
445 1714 494 1774 bic
515 1713 602 1774 docet
623 1711 769 1788 Euclides,
793 1714 847 1774 Vl.
864 1716 915 1788 30,
938 1722 969 1775 et
990 1731 1106 1790 sumere
1120 1714 1304 1792 quadratum,
1326 1719 1495 1795 propositae
1517 1735 1594 1795 qua·

240 1806 323 1866 drato
353 1800 628 1875 commensurabile,
658 1816 700 1862 sc.
723 1801 960 1881 sesquiutupIum
984 1802 1065 1879 ejus,
1097 1809 1127 1862 et
1155 1805 1193 1864 ab
1216 1803 1305 1880 hujus
1334 1804 1470 1881 quadrati
1499 1804 1592 1867 latera
1672 1857 1675 1868 ,

239 1893 352 1954 auferre
374 1894 524 1951 semissem
546 1890 724 1967 propositae,
749 1896 781 1948 ut
803 1896 894 1950 restet
915 1897 984 1966 pars
1006 1891 1036 1949 in
1057 1892 1211 1967 proposita
1232 1892 1404 1967 statuenda,
1429 1910 1489 1969 qua
1508 1902 1592 1970 parte

206 2025 210 2034 ,
242 1980 279 2041 de
300 1981 452 2058 proposita
474 1976 590 2052 ablata,
611 1974 833 2053 relinquebatur
854 1994 924 2055 pars
948 1976 1041 2038 altera
1063 1978 1205 2054 requisita
1228 1974 1293 2061 (uel
1316 1979 1354 2039 ad
1375 1986 1469 2040 totam
1492 1978 1594 2041 addita

239 2068 330 2128 fiebat
352 2069 440 2128 etiam
463 2066 549 2125 tertis
569 2063 733 2142 requisita).
778 2064 881 2125 stret
904 2065 1073 2126 nominibus
1095 2072 1194 2143 partes
1215 2064 1272 2127 hae
1286 2066 1424 2129 videntur
1437 2085 1595 2130 accensen-

239 2155 294 2216 das
316 2155 420 2233 gradui
443 2160 557 2231 quarto.

289 2308 297 2331 ‚
326 2243 361 2301 In
383 2242 441 2302 hoo
463 2256 533 2302 vero
554 2245 666 2317 puncto
687 2237 815 2300 nobilior
837 2242 903 2318 ipsa
924 2257 1005 2302 mese
1019 2237 1151 2301 redditur
1172 2239 1261 2316 linea,
1284 2259 1489 2320 quamcunque
1505 2259 1595 2304 occu-

242 2333 358 2408 paverit
380 2333 439 2390 ista
460 2326 626 2405 proportio:
650 2324 729 2402 qnod
752 2345 831 2388 mese
853 2328 979 2404 longiori
1002 2333 1122 2403 catena,
1151 2344 1187 2387 ex
1210 2336 1338 2406 quatuor
1359 2328 1492 2391 articulis
1512 2347 1595 2390 com·

239 2419 348 2495 posita,
373 2414 517 2496 dependet
539 2413 577 2474 ab
601 2411 711 2473 effabili
732 2417 893 2492 proposita,
928 2413 1018 2490 hujus
1041 2432 1110 2476 vero
1132 2422 1231 2492 partes
1253 2417 1385 2478 nituntur
1406 2420 1595 2496 proportione

237 2523 305 2582 sua,
336 2523 423 2583 quam
446 2504 556 2564 habent
576 2499 745 2563 immediate
774 2502 929 2580 adipsum
953 2501 1311 2580 effabilempropositam.
1357 2506 1460 2583 quue
1482 2506 1529 2581 iit,
1562 2514 1596 2566 ut

237 2611 338 2654 meson
361 2593 474 2670 possint
495 2608 559 2652 esse
581 2588 702 2663 multae,
726 2589 828 2652 eodem
843 2607 944 2650 omnes
966 2588 1060 2666 gradu
1075 2588 1217 2652 distantes
1240 2592 1277 2652 ab
1301 2592 1417 2668 effabili,
1441 2611 1508 2670 pers
1523 2612 1595 2654 vero

237 2681 332 2759 maior
352 2682 381 2739 in
404 2680 461 2740 hac
483 2679 670 2756 proportione
692 2676 785 2753 ipsius
807 2676 932 2739 effabilis
949 2695 1007 2737 una
1020 2676 1085 2738 sola
1099 2679 1139 2738 sit
1161 2681 1321 2740 eromuino
1337 2681 1478 2759 cujusque
1499 2680 1595 2744 lineae

236 2777 305 2848 post
334 2767 479 2829 effabilem
508 2783 568 2826 une
596 2763 764 2843 singularis.
809 2764 875 2842 Quo
905 2767 1023 2826 nomine
1051 2767 1259 2844 aequiparatur
1288 2768 1352 2844 ejus
1386 2767 1595 2835 demonstratio
1657 2803 1659 2811 v

237 2860 330 2934 primo
354 2853 570 2933 quodammodo
593 2851 707 2930 gradui.
749 2895 755 2906 .

324 2943 449 3020 Quando
472 2944 560 3019 igitur
582 2942 733 3018 proposita
754 2946 834 3000 reeta
852 2940 975 3016 jubetur
997 2957 1062 3001 esse
1084 2946 1148 3001 tota
1172 2939 1295 3018 ejusque
1318 2941 1393 3003 duae
1407 2942 1482 3004 tales
1496 2954 1595 3023 partes

238 3038 432 3111 quaeruntur,
462 3036 533 3089 tunc
555 3027 629 3088 haee
650 3028 807 3104 geometris
830 3026 935 3087 dieitur
957 3030 1050 3089 sectio
1071 3027 1233 3089 secundum
1255 3036 1384 3090 exbema
1406 3038 1436 3091 et
1457 3032 1594 3094 medium.

237 3120 381 3199 Nimirum
402 3116 460 3177 hoc
481 3116 538 3176 sibi
561 3114 627 3176 vuit
648 3131 770 3189 nomen,
799 3113 878 3192 quod
907 3131 972 3175 cum
995 3115 1071 3176 alios
1092 3114 1224 3195 vulgaris
1246 3120 1336 3178 sectio
1361 3120 1449 3179 totins
1473 3121 1503 3179 iu
1524 3140 1595 3199 par·

238 3217 282 3268 tes
305 3206 378 3266 duas
401 3221 459 3265 uou
481 3205 619 3281 respiciat
632 3204 859 3281 proportionem,
882 3208 935 3262 aut
957 3204 984 3262 si
1005 3202 1043 3263 ad
1066 3209 1161 3264 totam
1182 3204 1283 3281 aliqua
1303 3213 1485 3283 comparetur
1506 3210 1535 3268 io
1560 3227 1597 3271 ea

238 3296 441 3374 proportione,
472 3293 501 3350 iu
524 3309 584 3368 qus
612 3297 657 3349 est
678 3294 772 3350 minor
794 3307 862 3369 pars
884 3288 922 3349 ad
951 3290 1105 3367 maj0rem,
1137 3299 1207 3352 tuno
1228 3288 1300 3353 tiant
1322 3300 1450 3371 quatuor
1470 3299 1595 3374 termini,

239 3382 298 3443 duo
321 3382 443 3443 extremi
463 3386 493 3440 et
516 3378 575 3439 duo
597 3375 699 3438 medii:
722 3376 771 3438 bic
794 3384 896 3438 contra
918 3377 990 3438 fiant
1011 3385 1125 3439 tautum
1146 3385 1206 3440 tres
1229 3381 1358 3454 termini,
1388 3388 1461 3455 tota¹
1477 3384 1595 3460 quidem

242 3478 271 3532 et
292 3487 361 3549 pars
383 3470 486 3543 minor,
510 3466 568 3527 duo
592 3468 721 3541 extremi,
743 3482 811 3544 pars
834 3481 905 3527 vero
927 3465 1022 3544 maior
1042 3465 1157 3527 medius
1179 3469 1319 3529 terminus
1342 3470 1454 3532 unicus.

324 3558 439 3618 Dicitur
462 3557 550 3616 etiam
573 3552 676 3614 eadem
709 3553 744 3613 de
773 3571 863 3614 causa
889 3556 980 3614 sectio
1003 3554 1238 3631 proportionalis.
1283 3555 1428 3617 Hodiemi
1443 3564 1472 3618 et
1487 3560 1596 3618 sectio-

237 3664 305 3707 nem
334 3652 364 3706 et
391 3645 607 3723 proportionem
636 3641 701 3718 ejus
725 3642 934 3718 cognominant
956 3640 1101 3714 divinam,
1124 3649 1244 3720 propter
1265 3643 1437 3705 admirabile
1461 3646 1524 3721 ejus
1547 3646 1597 3703 in·

236 3735 356 3812 genium
378 3741 407 3792 et
427 3731 601 3807 multiplicia
622 3728 790 3807 privilegia,
815 3747 938 3806 quorum
959 3731 1149 3807 praecipuum
1172 3736 1232 3805 est,
1261 3730 1341 3808 quod
1369 3749 1484 3810 semper
1511 3741 1595 3810 parte

238 3821 343 3896 majori
365 3818 404 3878 ad
427 3825 518 3878 totam
541 3817 656 3891 addita,
687 3819 851 3893 composita
878 3834 992 3876 rursum
1015 3823 1061 3878 est
1081 3817 1214 3879 similiter
1237 3825 1332 3896 secta;
1363 3825 1394 3879 et
1423 3837 1500 3897 quae
1526 3839 1595 3898 pars

242 3909 336 3987 major
359 3911 437 3980 erat,
460 3906 524 4007 Jam
546 3904 578 3963 tit
599 3906 708 3980 minor,
741 3920 817 3981 quae
839 3910 917 3977 tota,
944 3904 1008 3981 J’am
1038 3904 1133 3982 major
1162 3922 1231 3983 pars
1259 3906 1293 3967 iit
1319 3911 1513 3986 compositae,
1542 3926 1596 3986 per

241 3990 716 4156 Xlllssdgflffhgldopositio.
762 4074 836 4137 Cum
859 4082 957 4135 autem
979 4077 1069 4136 sectio
1092 4076 1160 4137 talis
1182 4079 1211 4137 in
1233 4080 1368 4139 omnibus
1389 4078 1476 4141 lineis
1497 4079 1596 4142 locum

241 4168 359 4244 lrabeat,
383 4169 413 4225 in
437 4165 546 4227 effabili
567 4157 759 4241 longitudine,
782 4164 811 4221 iu
835 4161 945 4224 effabili
968 4162 1033 4224 sola
1054 4167 1196 4241 potentia,
1219 4166 1250 4224 in
1267 4184 1365 4243 mese,
1387 4169 1418 4227 in
1441 4167 1596 4231 duodecim

240 4257 363 4333 reliquis
385 4254 539 4333 speciebus
560 4253 720 4327 recensitis,
743 4253 773 4311 in
794 4250 861 4311 aliis
885 4252 1036 4310 omnibus:
1068 4270 1122 4312 uos
1145 4255 1174 4311 in
1197 4258 1345 4331 praesenti
1369 4270 1456 4333 opere
1480 4257 1595 4320 duabus

239 4346 314 4406 solis
338 4343 402 4421 ejus
424 4341 578 4421 speciebus
599 4340 742 4402 habemus
765 4355 854 4417 opus,
886 4354 963 4416 quae
992 4356 1058 4399 oum
1087 4342 1240 4418 speciebus
1269 4341 1411 4403 hactenus
1441 4343 1596 4422 explicatis

241 4432 427 4507 coincidunt,
453 4428 612 4491 secundum
635 4428 709 4490 duas
730 4427 824 4487 lineas
846 4425 997 4488 secandas.
1035 4426 1111 4487 Nam
1135 4436 1186 4488 aut
1209 4429 1333 4490 effabilis
1357 4437 1401 4490 est
1422 4430 1475 4491 ilia
1496 4432 1595 4510 longi-

238 4519 339 4580 tudine
361 4525 413 4580 aut
433 4520 542 4598 mizon.
586 4515 700 4594 Quodsi
729 4514 853 4577 effabilis
883 4520 929 4575 est
950 4513 1150 4591 longitudine,
1183 4534 1260 4593 quae
1283 4517 1322 4578 ad
1344 4518 1501 4579 secandum
1524 4538 1595 4597 pro·

240 4610 365 4681 ponitur,
389 4614 487 4667 sectae
510 4623 578 4684 pars
600 4605 695 4682 major
716 4604 750 4664 iit
772 4609 909 4682 apotome
932 4610 1054 4680 quartae
1076 4605 1203 4681 speciei,
1228 4612 1258 4663 et
1279 4604 1436 4682 respondet
1458 4610 1484 4668 ei
1507 4608 1595 4668 biuo-

238 4697 325 4755 minis
348 4693 479 4771 ejusdem
502 4701 624 4773 quartae
646 4694 765 4774 speciei,
789 4692 955 4753 communia
977 4707 1043 4751 cum
1066 4693 1131 4768 ipsa
1154 4691 1266 4752 babens
1280 4694 1407 4753 nomina.
1440 4693 1500 4757 Sed
1522 4713 1595 4757 cave

131 4842 133 4845 ,
240 4781 434 4857 contunderis,
457 4799 526 4861 pars
549 4781 668 4861 quidem
688 4782 782 4858 msj0r
805 4778 856 4838 iila
870 4779 977 4838 dicitur
998 4777 1140 4839 relatione
1164 4777 1202 4838 ad
1225 4781 1421 4856 propositam,
1445 4790 1476 4842 at
1492 4783 1596 4843 eadem

239 4876 376 4951 apotome
404 4869 452 4932 iric
481 4870 586 4933 dicitur
614 4886 674 4930 nou
704 4868 845 4931 relatione
875 4864 914 4929 ad
942 4864 1124 4945 propositam
1131 4908 1140 4942 ,
1169 4866 1223 4928 sed
1254 4866 1436 4946 qualitative.
1482 4868 1595 4949 Quodsi
