<?xml version="1.0" encoding="UTF-8"?>
<!DOCTYPE html PUBLIC "-//W3C//DTD XHTML 1.0 Transitional//EN"
    "http://www.w3.org/TR/xhtml1/DTD/xhtml1-transitional.dtd">
<html xmlns="http://www.w3.org/1999/xhtml" xml:lang="en" lang="en">
 <head>
  <title>
</title>
<meta http-equiv="Content-Type" content="text/html;charset=utf-8" />
  <meta name='ocr-system' content='tesseract 3.04.00' />
  <meta name='ocr-capabilities' content='ocr_page ocr_carea ocr_par ocr_line ocrx_word'/>
</head>
<body>
  <div class='ocr_page' id='page_1' title='image "./joanniskepleria24frisgoog_0490.png"; bbox 0 0 3567 5625; ppageno 0'>
   <div class='ocr_carea' id='block_1_1' title="bbox 281 434 1159 507">
    <p class='ocr_par' dir='ltr' id='par_1_1' title="bbox 281 434 1159 507">
     <span class='ocr_line' id='line_1_1' title="bbox 281 434 1159 507; baseline -0.013 -4"><span class='ocrx_word' id='word_1_1' title='bbox 281 443 345 503; x_wconf 73' lang='grc'><strong>466</strong></span> <span class='ocrx_word' id='word_1_2' title='bbox 749 434 918 507; x_wconf 79' lang='lat' dir='ltr'><strong>Appendids</strong></span> <span class='ocrx_word' id='word_1_3' title='bbox 934 434 1159 492; x_wconf 77' lang='lat' dir='ltr'><strong>Hanonimmm</strong></span> 
     </span>
    </p>
   </div>
   <div class='ocr_carea' id='block_1_2' title="bbox 278 612 1633 2090">
    <p class='ocr_par' dir='ltr' id='par_1_2' title="bbox 278 612 1633 2090">
     <span class='ocr_line' id='line_1_2' title="bbox 282 612 1629 693; baseline -0.004 -17"><span class='ocrx_word' id='word_1_4' title='bbox 282 615 399 689; x_wconf 83' lang='lat' dir='ltr'><strong>trudes,</strong></span> <span class='ocrx_word' id='word_1_5' title='bbox 422 621 455 673; x_wconf 89' lang='grc' dir='ltr'><strong>ιιι</strong></span> <span class='ocrx_word' id='word_1_6' title='bbox 477 630 566 692; x_wconf 82' lang='lat' dir='ltr'><strong>supra</strong></span> <span class='ocrx_word' id='word_1_7' title='bbox 587 613 722 691; x_wconf 82' lang='lat' dir='ltr'><strong>planetas</strong></span> <span class='ocrx_word' id='word_1_8' title='bbox 743 631 802 675; x_wconf 89' lang='lat' dir='ltr'><strong>non</strong></span> <span class='ocrx_word' id='word_1_9' title='bbox 824 613 974 693; x_wconf 84' lang='lat' dir='ltr'><strong>planetas,</strong></span> <span class='ocrx_word' id='word_1_10' title='bbox 995 612 1094 674; x_wconf 80' lang='lat' dir='ltr'><strong>Solem</strong></span> <span class='ocrx_word' id='word_1_11' title='bbox 1114 630 1174 674; x_wconf 87' lang='lat' dir='ltr'><strong>non</strong></span> <span class='ocrx_word' id='word_1_12' title='bbox 1198 612 1314 689; x_wconf 81' lang='lat' dir='ltr'><strong>Sclem3</strong></span> <span class='ocrx_word' id='word_1_13' title='bbox 1346 615 1475 691; x_wconf 88' lang='lat' dir='ltr'><strong>quietem</strong></span> <span class='ocrx_word' id='word_1_14' title='bbox 1497 628 1553 689; x_wconf 75' lang='lat' dir='ltr'><strong>ego</strong></span> <span class='ocrx_word' id='word_1_15' title='bbox 1575 612 1629 672; x_wconf 85' lang='lat' dir='ltr'><strong>tibi</strong></span> 
     </span>
     <span class='ocr_line' id='line_1_3' title="bbox 281 699 1632 781; baseline -0.001 -19"><span class='ocrx_word' id='word_1_16' title='bbox 281 719 340 763; x_wconf 84' lang='lat' dir='ltr'><strong>nou</strong></span> <span class='ocrx_word' id='word_1_17' title='bbox 364 704 490 779; x_wconf 78' lang='lat' dir='ltr'><strong>quietem</strong></span> <span class='ocrx_word' id='word_1_18' title='bbox 520 718 668 780; x_wconf 83' lang='lat' dir='ltr'><strong>reponam</strong></span> <span class='ocrx_word' id='word_1_19' title='bbox 713 701 771 762; x_wconf 89' lang='lat' dir='ltr'><strong>Dic</strong></span> <span class='ocrx_word' id='word_1_20' title='bbox 798 719 885 781; x_wconf 79' lang='lat' dir='ltr'><strong>pono</strong></span> <span class='ocrx_word' id='word_1_21' title='bbox 907 702 995 774; x_wconf 80' lang='lat' dir='ltr'><strong>mihi,</strong></span> <span class='ocrx_word' id='word_1_22' title='bbox 1027 719 1087 778; x_wconf 86' lang='lat' dir='ltr'><strong>que</strong></span> <span class='ocrx_word' id='word_1_23' title='bbox 1116 704 1235 778; x_wconf 77' lang='lat' dir='ltr'>regione</span> <span class='ocrx_word' id='word_1_24' title='bbox 1261 700 1362 761; x_wconf 86' lang='lat' dir='ltr'><strong>mnndi</strong></span> <span class='ocrx_word' id='word_1_25' title='bbox 1394 701 1531 762; x_wconf 87' lang='lat' dir='ltr'><strong>tendatur</strong></span> <span class='ocrx_word' id='word_1_26' title='bbox 1552 699 1632 760; x_wconf 75' lang='lat' dir='ltr'><strong>Sela</strong></span> 
     </span>
     <span class='ocr_line' id='line_1_4' title="bbox 286 786 1630 867; baseline -0.004 -17"><span class='ocrx_word' id='word_1_27' title='bbox 286 790 462 850; x_wconf 75' lang='lat' dir='ltr'><strong>addemus?</strong></span> <span class='ocrx_word' id='word_1_28' title='bbox 483 806 559 866; x_wconf 84' lang='lat' dir='ltr'><strong>quae</strong></span> <span class='ocrx_word' id='word_1_29' title='bbox 580 787 714 865; x_wconf 68' lang='lat' dir='ltr'><strong>moneo?</strong></span> <span class='ocrx_word' id='word_1_30' title='bbox 738 807 814 867; x_wconf 84' lang='lat' dir='ltr'><strong>quac</strong></span> <span class='ocrx_word' id='word_1_31' title='bbox 836 788 1019 851; x_wconf 64' lang='lat' dir='ltr'><strong>ammeio?</strong></span> <span class='ocrx_word' id='word_1_32' title='bbox 1039 789 1086 849; x_wconf 91' lang='lat' dir='ltr'><strong>dic</strong></span> <span class='ocrx_word' id='word_1_33' title='bbox 1101 790 1151 849; x_wconf 88' lang='lat' dir='ltr'><strong>obi</strong></span> <span class='ocrx_word' id='word_1_34' title='bbox 1173 791 1247 850; x_wconf 78' lang='lat' dir='ltr'><strong>coeli</strong></span> <span class='ocrx_word' id='word_1_35' title='bbox 1259 789 1455 850; x_wconf 61' lang='lat' dir='ltr'><strong>amitas?</strong></span> <span class='ocrx_word' id='word_1_36' title='bbox 1475 787 1553 848; x_wconf 86' lang='lat' dir='ltr'><strong>unde</strong></span> <span class='ocrx_word' id='word_1_37' title='bbox 1567 786 1630 847; x_wconf 76' lang='lat' dir='ltr'><strong>Soli</strong></span> 
     </span>
     <span class='ocr_line' id='line_1_5' title="bbox 283 874 1631 956; baseline -0.004 -18"><span class='ocrx_word' id='word_1_38' title='bbox 283 894 386 939; x_wconf 86' lang='lat' dir='ltr'><strong>cursus</strong></span> <span class='ocrx_word' id='word_1_39' title='bbox 415 877 509 936; x_wconf 79' lang='lat' dir='ltr'><strong>diurni</strong></span> <span class='ocrx_word' id='word_1_40' title='bbox 532 878 725 956; x_wconf 81' lang='lat' dir='ltr'><strong>principium,</strong></span> <span class='ocrx_word' id='word_1_41' title='bbox 756 878 805 937; x_wconf 89' lang='lat' dir='ltr'><strong>ubl</strong></span> <span class='ocrx_word' id='word_1_42' title='bbox 829 876 917 937; x_wconf 74' lang='lat' dir='ltr'><strong>finis?</strong></span> <span class='ocrx_word' id='word_1_43' title='bbox 962 878 1000 936; x_wconf 83' lang='grc' dir='ltr'>Ει</span> <span class='ocrx_word' id='word_1_44' title='bbox 1021 893 1118 937; x_wconf 78' lang='lat' dir='ltr'><strong>nonne</strong></span> <span class='ocrx_word' id='word_1_45' title='bbox 1140 879 1190 953; x_wconf 85' lang='lat' dir='ltr'><strong>qul</strong></span> <span class='ocrx_word' id='word_1_46' title='bbox 1219 877 1256 935; x_wconf 84' lang='lat' dir='ltr'><strong>cie</strong></span> <span class='ocrx_word' id='word_1_47' title='bbox 1277 876 1326 935; x_wconf 83' lang='lat' dir='ltr'><strong>die</strong></span> <span class='ocrx_word' id='word_1_48' title='bbox 1353 881 1464 950; x_wconf 72' lang='lat' dir='ltr'><strong>merit,</strong></span> <span class='ocrx_word' id='word_1_49' title='bbox 1493 875 1571 936; x_wconf 88' lang='lat' dir='ltr'><strong>idem</strong></span> <span class='ocrx_word' id='word_1_50' title='bbox 1593 874 1631 934; x_wconf 91' lang='lat' dir='ltr'><strong>de</strong></span> 
     </span>
     <span class='ocr_line' id='line_1_6' title="bbox 281 962 1631 1042; baseline 0 -18"><span class='ocrx_word' id='word_1_51' title='bbox 281 973 368 1026; x_wconf 71' lang='lat' dir='ltr'><strong>noem</strong></span> <span class='ocrx_word' id='word_1_52' title='bbox 390 963 539 1041; x_wconf 73' lang='lat' dir='ltr'><strong>quiescit?</strong></span> <span class='ocrx_word' id='word_1_53' title='bbox 584 963 696 1039; x_wconf 83' lang='lat' dir='ltr'><strong>Quodsi</strong></span> <span class='ocrx_word' id='word_1_54' title='bbox 719 964 772 1025; x_wconf 83' lang='lat' dir='ltr'><strong>Sol</strong></span> <span class='ocrx_word' id='word_1_55' title='bbox 802 968 951 1042; x_wconf 73' lang='lat' dir='ltr'><strong>cccacscit</strong></span> <span class='ocrx_word' id='word_1_56' title='bbox 972 981 1111 1024; x_wconf 85' lang='lat' dir='ltr'><strong>occasum</strong></span> <span class='ocrx_word' id='word_1_57' title='bbox 1139 981 1230 1023; x_wconf 82' lang='lat' dir='ltr'><strong>suum</strong></span> <span class='ocrx_word' id='word_1_58' title='bbox 1253 962 1290 1022; x_wconf 88' lang='lat' dir='ltr'><strong>ad</strong></span> <span class='ocrx_word' id='word_1_59' title='bbox 1313 964 1440 1038; x_wconf 75' lang='lat' dir='ltr'><strong>literam,</strong></span> <span class='ocrx_word' id='word_1_60' title='bbox 1470 979 1631 1040; x_wconf 73' lang='lat' dir='ltr'><strong>cognosces</strong></span> 
     </span>
     <span class='ocr_line' id='line_1_7' title="bbox 283 1043 1631 1129; baseline -0.001 -17"><span class='ocrx_word' id='word_1_61' title='bbox 283 1061 313 1112; x_wconf 91' lang='lat' dir='ltr'><strong>et</strong></span> <span class='ocrx_word' id='word_1_62' title='bbox 335 1061 367 1113; x_wconf 90' lang='lat' dir='ltr'><strong>tu</strong></span> <span class='ocrx_word' id='word_1_63' title='bbox 390 1043 468 1112; x_wconf 83' lang='lat' dir='ltr'><strong>Solis</strong></span> <span class='ocrx_word' id='word_1_64' title='bbox 491 1067 638 1111; x_wconf 86' lang='lat' dir='ltr'><strong>occasum.</strong></span> <span class='ocrx_word' id='word_1_65' title='bbox 682 1051 740 1112; x_wconf 88' lang='lat' dir='ltr'><strong>Dic</strong></span> <span class='ocrx_word' id='word_1_66' title='bbox 762 1068 847 1129; x_wconf 82' lang='lat' dir='ltr'><strong>ergo,</strong></span> <span class='ocrx_word' id='word_1_67' title='bbox 877 1068 1005 1128; x_wconf 86' lang='lat' dir='ltr'><strong>quaeso,</strong></span> <span class='ocrx_word' id='word_1_68' title='bbox 1033 1068 1092 1126; x_wconf 88' lang='lat' dir='ltr'><strong>quo</strong></span> <span class='ocrx_word' id='word_1_69' title='bbox 1115 1050 1181 1111; x_wconf 94' lang='lat' dir='ltr'><strong>loco</strong></span> <span class='ocrx_word' id='word_1_70' title='bbox 1208 1059 1349 1110; x_wconf 89' lang='lat' dir='ltr'><strong>terrarum</strong></span> <span class='ocrx_word' id='word_1_71' title='bbox 1377 1053 1417 1110; x_wconf 88' lang='lat' dir='ltr'><strong>sit</strong></span> <span class='ocrx_word' id='word_1_72' title='bbox 1436 1050 1515 1111; x_wconf 79' lang='lat' dir='ltr'><strong>Solis</strong></span> <span class='ocrx_word' id='word_1_73' title='bbox 1542 1066 1631 1110; x_wconf 84' lang='lat' dir='ltr'><strong>occa-</strong></span> 
     </span>
     <span class='ocr_line' id='line_1_8' title="bbox 282 1137 1631 1218; baseline -0.003 -19"><span class='ocrx_word' id='word_1_74' title='bbox 282 1140 357 1199; x_wconf 79' lang='lat' dir='ltr'><strong>sus?</strong></span> <span class='ocrx_word' id='word_1_75' title='bbox 401 1140 458 1199; x_wconf 90' lang='lat' dir='ltr'><strong>Dic</strong></span> <span class='ocrx_word' id='word_1_76' title='bbox 480 1139 531 1198; x_wconf 92' lang='lat' dir='ltr'><strong>ubi</strong></span> <span class='ocrx_word' id='word_1_77' title='bbox 561 1142 590 1196; x_wconf 89' lang='lat' dir='ltr'><strong>in</strong></span> <span class='ocrx_word' id='word_1_78' title='bbox 615 1137 699 1199; x_wconf 90' lang='lat' dir='ltr'><strong>ccalo</strong></span> <span class='ocrx_word' id='word_1_79' title='bbox 729 1157 881 1218; x_wconf 78' lang='lat' dir='ltr'><strong>superum,</strong></span> <span class='ocrx_word' id='word_1_80' title='bbox 913 1155 1052 1216; x_wconf 87' lang='lat' dir='ltr'><strong>quorsum</strong></span> <span class='ocrx_word' id='word_1_81' title='bbox 1075 1138 1125 1198; x_wconf 89' lang='lat' dir='ltr'><strong>illc</strong></span> <span class='ocrx_word' id='word_1_82' title='bbox 1148 1142 1271 1211; x_wconf 87' lang='lat' dir='ltr'><strong>oriatur,</strong></span> <span class='ocrx_word' id='word_1_83' title='bbox 1294 1138 1346 1198; x_wconf 92' lang='lat' dir='ltr'><strong>ubi</strong></span> <span class='ocrx_word' id='word_1_84' title='bbox 1368 1138 1508 1211; x_wconf 84' lang='lat' dir='ltr'><strong>inferum,</strong></span> <span class='ocrx_word' id='word_1_85' title='bbox 1539 1153 1631 1214; x_wconf 71' lang='lat' dir='ltr'><strong>quor-</strong></span> 
     </span>
     <span class='ocr_line' id='line_1_9' title="bbox 282 1224 1631 1304; baseline -0.002 -17"><span class='ocrx_word' id='word_1_86' title='bbox 282 1246 348 1287; x_wconf 90' lang='lat' dir='ltr'><strong>sum</strong></span> <span class='ocrx_word' id='word_1_87' title='bbox 370 1226 487 1286; x_wconf 80' lang='lat' dir='ltr'><strong>decidat</strong></span> <span class='ocrx_word' id='word_1_88' title='bbox 511 1226 557 1284; x_wconf 86' lang='lat' dir='ltr'><strong>vel</strong></span> <span class='ocrx_word' id='word_1_89' title='bbox 581 1224 717 1285; x_wconf 76' lang='lat' dir='ltr'><strong>occidat?</strong></span> <span class='ocrx_word' id='word_1_90' title='bbox 761 1227 819 1286; x_wconf 89' lang='lat' dir='ltr'><strong>Dic</strong></span> <span class='ocrx_word' id='word_1_91' title='bbox 849 1226 930 1303; x_wconf 86' lang='lat' dir='ltr'><strong>quod</strong></span> <span class='ocrx_word' id='word_1_92' title='bbox 959 1226 1032 1286; x_wconf 82' lang='lat' dir='ltr'><strong>coeli</strong></span> <span class='ocrx_word' id='word_1_93' title='bbox 1053 1224 1210 1285; x_wconf 79' lang='lat' dir='ltr'><strong>medium?</strong></span> <span class='ocrx_word' id='word_1_94' title='bbox 1255 1226 1296 1284; x_wconf 79' lang='lat' dir='ltr'><strong>Ex</strong></span> <span class='ocrx_word' id='word_1_95' title='bbox 1326 1243 1357 1285; x_wconf 90' lang='lat' dir='ltr'><strong>re</strong></span> <span class='ocrx_word' id='word_1_96' title='bbox 1387 1229 1454 1304; x_wconf 81' lang='lat' dir='ltr'><strong>lpse</strong></span> <span class='ocrx_word' id='word_1_97' title='bbox 1480 1242 1631 1301; x_wconf 83' lang='lat' dir='ltr'><strong>uunquam</strong></span> 
     </span>
     <span class='ocr_line' id='line_1_10' title="bbox 283 1311 1632 1392; baseline -0.004 -18"><span class='ocrx_word' id='word_1_98' title='bbox 283 1324 317 1374; x_wconf 93' lang='grc' dir='ltr'><strong>ιιι</strong></span> <span class='ocrx_word' id='word_1_99' title='bbox 339 1315 412 1374; x_wconf 85' lang='lat' dir='ltr'><strong>haec</strong></span> <span class='ocrx_word' id='word_1_100' title='bbox 433 1315 505 1373; x_wconf 87' lang='lat' dir='ltr'><strong>milri</strong></span> <span class='ocrx_word' id='word_1_101' title='bbox 529 1313 692 1392; x_wconf 78' lang='lat' dir='ltr'>depromes,</span> <span class='ocrx_word' id='word_1_102' title='bbox 716 1330 752 1374; x_wconf 82' lang='lat' dir='ltr'><strong>ex</strong></span> <span class='ocrx_word' id='word_1_103' title='bbox 775 1330 863 1374; x_wconf 86' lang='lat' dir='ltr'><strong>seusu</strong></span> <span class='ocrx_word' id='word_1_104' title='bbox 886 1316 969 1372; x_wconf 80' lang='lat' dir='ltr'><strong>visus</strong></span> <span class='ocrx_word' id='word_1_105' title='bbox 991 1330 1047 1389; x_wconf 82' lang='lat' dir='ltr'><strong>ego</strong></span> <span class='ocrx_word' id='word_1_106' title='bbox 1071 1315 1124 1373; x_wconf 88' lang='lat' dir='ltr'><strong>tibi</strong></span> <span class='ocrx_word' id='word_1_107' title='bbox 1140 1315 1239 1373; x_wconf 86' lang='lat' dir='ltr'><strong>omnia</strong></span> <span class='ocrx_word' id='word_1_108' title='bbox 1255 1313 1402 1374; x_wconf 72' lang='lat' dir='ltr'><strong>facillime.</strong></span> <span class='ocrx_word' id='word_1_109' title='bbox 1447 1311 1632 1389; x_wconf 84' lang='lat' dir='ltr'><strong>Quinetiam</strong></span> 
     </span>
     <span class='ocr_line' id='line_1_11' title="bbox 285 1399 1631 1478; baseline -0.001 -17"><span class='ocrx_word' id='word_1_110' title='bbox 285 1420 322 1462; x_wconf 89' lang='lat' dir='ltr'><strong>eo</strong></span> <span class='ocrx_word' id='word_1_111' title='bbox 343 1420 390 1462; x_wconf 88' lang='lat' dir='ltr'><strong>res</strong></span> <span class='ocrx_word' id='word_1_112' title='bbox 414 1401 559 1476; x_wconf 76' lang='lat' dir='ltr'><strong>deveniet,</strong></span> <span class='ocrx_word' id='word_1_113' title='bbox 582 1410 615 1459; x_wconf 91' lang='lat' dir='ltr'><strong>ut</strong></span> <span class='ocrx_word' id='word_1_114' title='bbox 637 1404 718 1461; x_wconf 88' lang='lat' dir='ltr'><strong>nesci</strong></span> <span class='ocrx_word' id='word_1_115' title='bbox 742 1409 856 1461; x_wconf 88' lang='lat' dir='ltr'><strong>statuas</strong></span> <span class='ocrx_word' id='word_1_116' title='bbox 871 1400 972 1461; x_wconf 77' lang='lat' dir='ltr'><strong>Solem</strong></span> <span class='ocrx_word' id='word_1_117' title='bbox 994 1404 1086 1460; x_wconf 83' lang='lat' dir='ltr'><strong>instar</strong></span> <span class='ocrx_word' id='word_1_118' title='bbox 1106 1400 1186 1460; x_wconf 88' lang='lat' dir='ltr'><strong>floris</strong></span> <span class='ocrx_word' id='word_1_119' title='bbox 1209 1410 1261 1460; x_wconf 88' lang='lat' dir='ltr'><strong>aut</strong></span> <span class='ocrx_word' id='word_1_120' title='bbox 1276 1404 1325 1460; x_wconf 88' lang='lat' dir='ltr'><strong>ovi</strong></span> <span class='ocrx_word' id='word_1_121' title='bbox 1348 1404 1378 1458; x_wconf 92' lang='lat' dir='ltr'><strong>in</strong></span> <span class='ocrx_word' id='word_1_122' title='bbox 1392 1399 1522 1478; x_wconf 78' lang='lat' dir='ltr'><strong>gallinae</strong></span> <span class='ocrx_word' id='word_1_123' title='bbox 1536 1408 1631 1472; x_wconf 85' lang='lat' dir='ltr'><strong>atero,</strong></span> 
     </span>
     <span class='ocr_line' id='line_1_12' title="bbox 284 1488 1631 1565; baseline -0.002 -16"><span class='ocrx_word' id='word_1_124' title='bbox 284 1502 317 1550; x_wconf 89' lang='lat' dir='ltr'><strong>ut</strong></span> <span class='ocrx_word' id='word_1_125' title='bbox 345 1489 535 1549; x_wconf 85' lang='lat' dir='ltr'><strong>advenientes</strong></span> <span class='ocrx_word' id='word_1_126' title='bbox 564 1488 647 1547; x_wconf 84' lang='lat' dir='ltr'><strong>velut</strong></span> <span class='ocrx_word' id='word_1_127' title='bbox 673 1505 692 1546; x_wconf 92' lang='lat' dir='ltr'><strong>a</strong></span> <span class='ocrx_word' id='word_1_128' title='bbox 719 1488 882 1565; x_wconf 84' lang='lat' dir='ltr'><strong>longinquo</strong></span> <span class='ocrx_word' id='word_1_129' title='bbox 913 1488 980 1548; x_wconf 93' lang='lat' dir='ltr'><strong>loco</strong></span> <span class='ocrx_word' id='word_1_130' title='bbox 1006 1490 1135 1547; x_wconf 76' lang='lat' dir='ltr'><strong>somnies</strong></span> <span class='ocrx_word' id='word_1_131' title='bbox 1158 1498 1295 1565; x_wconf 84' lang='lat' dir='ltr'><strong>nepotes,</strong></span> <span class='ocrx_word' id='word_1_132' title='bbox 1326 1506 1378 1547; x_wconf 88' lang='lat' dir='ltr'><strong>seu</strong></span> <span class='ocrx_word' id='word_1_133' title='bbox 1406 1491 1631 1565; x_wconf 67' lang='lat' dir='ltr'><strong>omanorum</strong></span> 
     </span>
     <span class='ocr_line' id='line_1_13' title="bbox 279 1563 1633 1654; baseline -0.003 -18"><span class='ocrx_word' id='word_1_134' title='bbox 279 1584 506 1654; x_wconf 65' lang='lat' dir='ltr'><strong>metaneam</strong></span> <span class='ocrx_word' id='word_1_135' title='bbox 534 1563 564 1635; x_wconf 80' lang='lat' dir='ltr'><strong>ct</strong></span> <span class='ocrx_word' id='word_1_136' title='bbox 585 1575 727 1635; x_wconf 83' lang='lat' dir='ltr'><strong>abeuntes</strong></span> <span class='ocrx_word' id='word_1_137' title='bbox 757 1577 842 1652; x_wconf 87' lang='lat' dir='ltr'><strong>quasi</strong></span> <span class='ocrx_word' id='word_1_138' title='bbox 872 1582 1074 1652; x_wconf 77' lang='lat' dir='ltr'><strong>posttergans</strong></span> <span class='ocrx_word' id='word_1_139' title='bbox 1102 1575 1242 1651; x_wconf 89' lang='lat' dir='ltr'><strong>majores,</strong></span> <span class='ocrx_word' id='word_1_140' title='bbox 1276 1578 1443 1636; x_wconf 86' lang='lat' dir='ltr'><strong>slintarlm</strong></span> <span class='ocrx_word' id='word_1_141' title='bbox 1465 1575 1556 1636; x_wconf 79' lang='lat' dir='ltr'><strong>Terra</strong></span> <span class='ocrx_word' id='word_1_142' title='bbox 1578 1576 1633 1634; x_wconf 87' lang='lat' dir='ltr'><strong>tibi</strong></span> 
     </span>
     <span class='ocr_line' id='line_1_14' title="bbox 283 1661 1632 1740; baseline -0.002 -16"><span class='ocrx_word' id='word_1_143' title='bbox 283 1673 343 1724; x_wconf 86' lang='lat' dir='ltr'><strong>stat</strong></span> <span class='ocrx_word' id='word_1_144' title='bbox 372 1666 410 1724; x_wconf 79' lang='lat' dir='ltr'><strong>etl</strong></span> <span class='ocrx_word' id='word_1_145' title='bbox 434 1664 547 1738; x_wconf 80' lang='lat' dir='ltr'><strong>literam</strong></span> <span class='ocrx_word' id='word_1_146' title='bbox 574 1663 671 1739; x_wconf 87' lang='lat' dir='ltr'><strong>adque</strong></span> <span class='ocrx_word' id='word_1_147' title='bbox 694 1665 736 1723; x_wconf 88' lang='lat' dir='ltr'><strong>rei</strong></span> <span class='ocrx_word' id='word_1_148' title='bbox 760 1664 928 1736; x_wconf 84' lang='lat' dir='ltr'><strong>veritatem,</strong></span> <span class='ocrx_word' id='word_1_149' title='bbox 960 1671 990 1722; x_wconf 84' lang='lat' dir='ltr'><strong>et</strong></span> <span class='ocrx_word' id='word_1_150' title='bbox 1011 1679 1069 1722; x_wconf 90' lang='lat' dir='ltr'><strong>nun</strong></span> <span class='ocrx_word' id='word_1_151' title='bbox 1098 1662 1204 1722; x_wconf 82' lang='lat' dir='ltr'><strong>derare</strong></span> <span class='ocrx_word' id='word_1_152' title='bbox 1231 1662 1334 1724; x_wconf 88' lang='lat' dir='ltr'><strong>eadem</strong></span> <span class='ocrx_word' id='word_1_153' title='bbox 1362 1661 1553 1740; x_wconf 68' lang='lat' dir='ltr'><strong>intelligenda</strong></span> <span class='ocrx_word' id='word_1_154' title='bbox 1576 1671 1632 1722; x_wconf 87' lang='lat' dir='ltr'><strong>est.</strong></span> 
     </span>
     <span class='ocr_line' id='line_1_15' title="bbox 286 1749 1632 1830; baseline -0.001 -19"><span class='ocrx_word' id='word_1_155' title='bbox 286 1750 370 1830; x_wconf 80' lang='lat' dir='ltr'><strong>Quid</strong></span> <span class='ocrx_word' id='word_1_156' title='bbox 387 1753 514 1828; x_wconf 81' lang='lat' dir='ltr'><strong>pionius</strong></span> <span class='ocrx_word' id='word_1_157' title='bbox 536 1767 594 1810; x_wconf 82' lang='lat' dir='ltr'><strong>esse</strong></span> <span class='ocrx_word' id='word_1_158' title='bbox 612 1751 709 1827; x_wconf 75' lang='grc' dir='ltr'>ροιειι</span> <span class='ocrx_word' id='word_1_159' title='bbox 730 1750 772 1809; x_wconf 81' lang='lat' dir='ltr'><strong>ud</strong></span> <span class='ocrx_word' id='word_1_160' title='bbox 793 1749 1031 1826; x_wconf 80' lang='lat' dir='ltr'><strong>approbandum</strong></span> <span class='ocrx_word' id='word_1_161' title='bbox 1053 1751 1095 1823; x_wconf 86' lang='lat' dir='ltr'><strong>el,</strong></span> <span class='ocrx_word' id='word_1_162' title='bbox 1127 1752 1177 1826; x_wconf 87' lang='lat' dir='ltr'><strong>qui</strong></span> <span class='ocrx_word' id='word_1_163' title='bbox 1200 1749 1293 1811; x_wconf 89' lang='lat' dir='ltr'><strong>oculis</strong></span> <span class='ocrx_word' id='word_1_164' title='bbox 1321 1757 1424 1828; x_wconf 80' lang='lat' dir='ltr'><strong>captus</strong></span> <span class='ocrx_word' id='word_1_165' title='bbox 1447 1759 1507 1824; x_wconf 87' lang='lat' dir='ltr'><strong>est,</strong></span> <span class='ocrx_word' id='word_1_166' title='bbox 1531 1749 1632 1810; x_wconf 84' lang='lat' dir='ltr'><strong>Solem</strong></span> 
     </span>
     <span class='ocr_line' id='line_1_16' title="bbox 278 1836 1630 1913; baseline -0.001 -17"><span class='ocrx_word' id='word_1_167' title='bbox 278 1838 378 1898; x_wconf 70' lang='lat' dir='ltr'><strong>sideri</strong></span> <span class='ocrx_word' id='word_1_168' title='bbox 408 1839 512 1898; x_wconf 86' lang='lat' dir='ltr'><strong>celeris</strong></span> <span class='ocrx_word' id='word_1_169' title='bbox 542 1838 710 1897; x_wconf 84' lang='lat' dir='ltr'><strong>homiuibus</strong></span> <span class='ocrx_word' id='word_1_170' title='bbox 736 1836 871 1898; x_wconf 76' lang='lat' dir='ltr'><strong>moveri?</strong></span> <span class='ocrx_word' id='word_1_171' title='bbox 916 1836 955 1896; x_wconf 86' lang='grc' dir='ltr'>Ει</span> <span class='ocrx_word' id='word_1_172' title='bbox 976 1836 1046 1913; x_wconf 80' lang='lat' dir='ltr'><strong>quid</strong></span> <span class='ocrx_word' id='word_1_173' title='bbox 1069 1845 1115 1911; x_wconf 88' lang='lat' dir='ltr'><strong>tu,</strong></span> <span class='ocrx_word' id='word_1_174' title='bbox 1145 1837 1300 1898; x_wconf 72' lang='lat' dir='ltr'><strong>Roberte‘i</strong></span> <span class='ocrx_word' id='word_1_175' title='bbox 1340 1837 1442 1898; x_wconf 78' lang='lat' dir='ltr'><strong>Liceat</strong></span> <span class='ocrx_word' id='word_1_176' title='bbox 1471 1839 1548 1897; x_wconf 85' lang='lat' dir='ltr'><strong>enim</strong></span> <span class='ocrx_word' id='word_1_177' title='bbox 1579 1854 1630 1896; x_wconf 89' lang='lat' dir='ltr'><strong>re·</strong></span> 
     </span>
     <span class='ocr_line' id='line_1_17' title="bbox 283 1924 1630 2004; baseline 0.001 -20"><span class='ocrx_word' id='word_1_178' title='bbox 283 1935 420 2002; x_wconf 82' lang='lat' dir='ltr'><strong>torquere</strong></span> <span class='ocrx_word' id='word_1_179' title='bbox 442 1935 522 1985; x_wconf 88' lang='lat' dir='ltr'><strong>taam</strong></span> <span class='ocrx_word' id='word_1_180' title='bbox 545 1928 715 1985; x_wconf 88' lang='lat' dir='ltr'><strong>orationem.</strong></span> <span class='ocrx_word' id='word_1_181' title='bbox 760 1925 807 1985; x_wconf 75' lang='lat' dir='ltr'><strong>An</strong></span> <span class='ocrx_word' id='word_1_182' title='bbox 829 1931 931 2001; x_wconf 81' lang='lat' dir='ltr'><strong>putas,</strong></span> <span class='ocrx_word' id='word_1_183' title='bbox 952 1925 1112 2001; x_wconf 65' lang='lat' dir='ltr'><strong>mopiam</strong></span> <span class='ocrx_word' id='word_1_184' title='bbox 1139 1928 1311 1984; x_wconf 67' lang='lat' dir='ltr'><strong>maceratis</strong></span> <span class='ocrx_word' id='word_1_185' title='bbox 1333 1932 1361 1985; x_wconf 82' lang='lat' dir='ltr'><strong>et</strong></span> <span class='ocrx_word' id='word_1_186' title='bbox 1378 1928 1509 2004; x_wconf 63' lang='lat' dir='ltr'><strong>masada</strong></span> <span class='ocrx_word' id='word_1_187' title='bbox 1528 1924 1630 1985; x_wconf 76' lang='lat' dir='ltr'><strong>oodo-</strong></span> 
     </span>
     <span class='ocr_line' id='line_1_18' title="bbox 281 2003 1631 2090; baseline -0.002 -17"><span class='ocrx_word' id='word_1_188' title='bbox 281 2031 355 2073; x_wconf 75' lang='lat' dir='ltr'><strong>nrm</strong></span> <span class='ocrx_word' id='word_1_189' title='bbox 376 2013 507 2074; x_wconf 75' lang='lat' dir='ltr'><strong>mosoc·</strong></span> <span class='ocrx_word' id='word_1_190' title='bbox 529 2011 604 2072; x_wconf 79' lang='lat' dir='ltr'><strong>odeo</strong></span> <span class='ocrx_word' id='word_1_191' title='bbox 630 2013 722 2090; x_wconf 75' lang='lat' dir='ltr'><strong>fuisse</strong></span> <span class='ocrx_word' id='word_1_192' title='bbox 743 2015 933 2084; x_wconf 59' lang='lat' dir='ltr'><strong>mosamius,</strong></span> <span class='ocrx_word' id='word_1_193' title='bbox 965 2020 1017 2071; x_wconf 88' lang='lat' dir='ltr'><strong>aut</strong></span> <span class='ocrx_word' id='word_1_194' title='bbox 1046 2003 1128 2087; x_wconf 78' lang='lat' dir='ltr'><strong>quod</strong></span> <span class='ocrx_word' id='word_1_195' title='bbox 1149 2019 1318 2090; x_wconf 80' lang='lat' dir='ltr'><strong>temporum</strong></span> <span class='ocrx_word' id='word_1_196' title='bbox 1346 2020 1376 2070; x_wconf 82' lang='lat' dir='ltr'><strong>et</strong></span> <span class='ocrx_word' id='word_1_197' title='bbox 1396 2020 1535 2073; x_wconf 74' lang='lat' dir='ltr'><strong>munaum</strong></span> <span class='ocrx_word' id='word_1_198' title='bbox 1556 2012 1631 2089; x_wconf 83' lang='lat' dir='ltr'><strong>pic·</strong></span> 
     </span>
    </p>
   </div>
   <div class='ocr_carea' id='block_1_3' title="bbox 154 2098 1630 2177">
    <p class='ocr_par' dir='ltr' id='par_1_3' title="bbox 154 2098 1630 2177">
     <span class='ocr_line' id='line_1_19' title="bbox 154 2098 1630 2177; baseline -0.002 -16"><span class='ocrx_word' id='word_1_199' title='bbox 154 2122 159 2144; x_wconf 79' lang='lat'><strong><em>¹</em></strong></span> <span class='ocrx_word' id='word_1_200' title='bbox 281 2105 473 2161; x_wconf 74' lang='lat' dir='ltr'><strong>cetariorum</strong></span> <span class='ocrx_word' id='word_1_201' title='bbox 496 2100 657 2161; x_wconf 68' lang='lat' dir='ltr'><strong>calculatio</strong></span> <span class='ocrx_word' id='word_1_202' title='bbox 685 2101 757 2177; x_wconf 81' lang='lat' dir='ltr'><strong>ipsis</strong></span> <span class='ocrx_word' id='word_1_203' title='bbox 778 2101 866 2158; x_wconf 79' lang='lat' dir='ltr'><strong>feerit</strong></span> <span class='ocrx_word' id='word_1_204' title='bbox 897 2115 972 2176; x_wconf 81' lang='lat' dir='ltr'><strong>opus</strong></span> <span class='ocrx_word' id='word_1_205' title='bbox 998 2099 1214 2175; x_wconf 85' lang='lat' dir='ltr'><strong>quotidianum,</strong></span> <span class='ocrx_word' id='word_1_206' title='bbox 1244 2118 1280 2159; x_wconf 85' lang='lat' dir='ltr'><strong>ex</strong></span> <span class='ocrx_word' id='word_1_207' title='bbox 1302 2098 1427 2159; x_wconf 82' lang='lat' dir='ltr'><strong>Tabulis</strong></span> <span class='ocrx_word' id='word_1_208' title='bbox 1453 2108 1527 2177; x_wconf 77' lang='lat' dir='ltr'><strong>puto</strong></span> <span class='ocrx_word' id='word_1_209' title='bbox 1551 2099 1630 2159; x_wconf 85' lang='lat' dir='ltr'><strong>Pm-</strong></span> 
     </span>
    </p>
   </div>
   <div class='ocr_carea' id='block_1_4' title="bbox 282 2184 1633 2524">
    <p class='ocr_par' dir='ltr' id='par_1_4' title="bbox 282 2184 1633 2524">
     <span class='ocr_line' id='line_1_20' title="bbox 282 2184 1630 2264; baseline -0.002 -16"><span class='ocrx_word' id='word_1_210' title='bbox 282 2188 408 2248; x_wconf 82' lang='lat' dir='ltr'><strong>tenicisi</strong></span> <span class='ocrx_word' id='word_1_211' title='bbox 436 2194 488 2247; x_wconf 86' lang='lat' dir='ltr'><strong>ant</strong></span> <span class='ocrx_word' id='word_1_212' title='bbox 509 2187 552 2246; x_wconf 88' lang='lat' dir='ltr'><strong>illi</strong></span> <span class='ocrx_word' id='word_1_213' title='bbox 574 2189 648 2247; x_wconf 84' lang='lat' dir='ltr'><strong>forte</strong></span> <span class='ocrx_word' id='word_1_214' title='bbox 671 2186 831 2246; x_wconf 75' lang='grc' dir='ltr'>ὀοοιήιιιιι</span> <span class='ocrx_word' id='word_1_215' title='bbox 858 2189 987 2263; x_wconf 81' lang='lat' dir='ltr'><strong>optioam</strong></span> <span class='ocrx_word' id='word_1_216' title='bbox 1009 2184 1140 2245; x_wconf 84' lang='lat' dir='ltr'><strong>Euclidis</strong></span> <span class='ocrx_word' id='word_1_217' title='bbox 1170 2194 1222 2246; x_wconf 85' lang='lat' dir='ltr'><strong>aut</strong></span> <span class='ocrx_word' id='word_1_218' title='bbox 1245 2186 1428 2262; x_wconf 83' lang='lat' dir='ltr'><strong>Vitellionis,</strong></span> <span class='ocrx_word' id='word_1_219' title='bbox 1459 2203 1550 2264; x_wconf 85' lang='lat' dir='ltr'><strong>quam</strong></span> <span class='ocrx_word' id='word_1_220' title='bbox 1578 2189 1630 2245; x_wconf 84' lang='lat' dir='ltr'><strong>vix</strong></span> 
     </span>
     <span class='ocr_line' id='line_1_21' title="bbox 282 2270 1629 2351; baseline -0.001 -17"><span class='ocrx_word' id='word_1_221' title='bbox 282 2275 370 2335; x_wconf 82' lang='lat' dir='ltr'><strong>leodic</strong></span> <span class='ocrx_word' id='word_1_222' title='bbox 392 2277 567 2335; x_wconf 81' lang='lat' dir='ltr'><strong>centesimus</strong></span> <span class='ocrx_word' id='word_1_223' title='bbox 589 2292 624 2333; x_wconf 86' lang='lat' dir='ltr'><strong>ex</strong></span> <span class='ocrx_word' id='word_1_224' title='bbox 646 2274 769 2335; x_wconf 82' lang='lat' dir='ltr'><strong>literatis</strong></span> <span class='ocrx_word' id='word_1_225' title='bbox 791 2273 926 2349; x_wconf 76' lang='lat' dir='ltr'><strong>adspicit,</strong></span> <span class='ocrx_word' id='word_1_226' title='bbox 950 2270 1144 2351; x_wconf 72' lang='lat' dir='ltr'><strong>perdicione.</strong></span> <span class='ocrx_word' id='word_1_227' title='bbox 1178 2282 1212 2332; x_wconf 92' lang='grc' dir='ltr'><strong>ιιι</strong></span> <span class='ocrx_word' id='word_1_228' title='bbox 1233 2272 1427 2335; x_wconf 74' lang='lat' dir='ltr'><strong>differentiam</strong></span> <span class='ocrx_word' id='word_1_229' title='bbox 1448 2277 1523 2334; x_wconf 89' lang='lat' dir='ltr'><strong>iuter</strong></span> <span class='ocrx_word' id='word_1_230' title='bbox 1546 2277 1629 2335; x_wconf 84' lang='lat' dir='ltr'><strong>veri·</strong></span> 
     </span>
     <span class='ocr_line' id='line_1_22' title="bbox 282 2357 1631 2423; baseline -0.002 -1"><span class='ocrx_word' id='word_1_231' title='bbox 282 2371 373 2423; x_wconf 88' lang='lat' dir='ltr'><strong>tatem</strong></span> <span class='ocrx_word' id='word_1_232' title='bbox 395 2379 498 2422; x_wconf 83' lang='lat' dir='ltr'><strong>sanem</strong></span> <span class='ocrx_word' id='word_1_233' title='bbox 520 2372 551 2421; x_wconf 89' lang='lat' dir='ltr'><strong>et</strong></span> <span class='ocrx_word' id='word_1_234' title='bbox 573 2363 726 2422; x_wconf 81' lang='lat' dir='ltr'><strong>veritatem</strong></span> <span class='ocrx_word' id='word_1_235' title='bbox 748 2362 790 2422; x_wconf 88' lang='lat' dir='ltr'><strong>rei</strong></span> <span class='ocrx_word' id='word_1_236' title='bbox 812 2369 873 2419; x_wconf 89' lang='lat' dir='ltr'><strong>tam</strong></span> <span class='ocrx_word' id='word_1_237' title='bbox 895 2370 1025 2420; x_wconf 82' lang='lat' dir='ltr'><strong>rcumtac</strong></span> <span class='ocrx_word' id='word_1_238' title='bbox 1046 2359 1176 2421; x_wconf 80' lang='lat' dir='ltr'><strong>seirent?</strong></span> <span class='ocrx_word' id='word_1_239' title='bbox 1220 2357 1347 2421; x_wconf 84' lang='lat' dir='ltr'><strong>Omnino</strong></span> <span class='ocrx_word' id='word_1_240' title='bbox 1362 2360 1491 2422; x_wconf 83' lang='lat' dir='ltr'><strong>Roberte</strong></span> <span class='ocrx_word' id='word_1_241' title='bbox 1513 2365 1559 2420; x_wconf 86' lang='lat' dir='ltr'><strong>tui</strong></span> <span class='ocrx_word' id='word_1_242' title='bbox 1584 2361 1631 2420; x_wconf 94' lang='lat' dir='ltr'><strong>illi</strong></span> 
     </span>
     <span class='ocr_line' id='line_1_23' title="bbox 282 2446 1633 2524; baseline 0 -14"><span class='ocrx_word' id='word_1_243' title='bbox 282 2452 441 2510; x_wconf 68' lang='lat' dir='ltr'><strong>aeconomi</strong></span> <span class='ocrx_word' id='word_1_244' title='bbox 464 2466 501 2509; x_wconf 79' lang='lat' dir='ltr'><strong>cs</strong></span> <span class='ocrx_word' id='word_1_245' title='bbox 522 2449 605 2508; x_wconf 60' lang='lat' dir='ltr'><strong>tabu</strong></span> <span class='ocrx_word' id='word_1_246' title='bbox 628 2447 789 2522; x_wconf 77' lang='lat' dir='ltr'><strong>Isruscdor,</strong></span> <span class='ocrx_word' id='word_1_247' title='bbox 813 2465 939 2524; x_wconf 83' lang='lat' dir='ltr'><strong>quorum</strong></span> <span class='ocrx_word' id='word_1_248' title='bbox 961 2449 1035 2506; x_wconf 86' lang='lat' dir='ltr'><strong>inter</strong></span> <span class='ocrx_word' id='word_1_249' title='bbox 1057 2446 1161 2506; x_wconf 84' lang='lat' dir='ltr'><strong>laudea</strong></span> <span class='ocrx_word' id='word_1_250' title='bbox 1176 2464 1396 2524; x_wconf 86' lang='lat' dir='ltr'><strong>commemoras,</strong></span> <span class='ocrx_word' id='word_1_251' title='bbox 1417 2449 1480 2508; x_wconf 81' lang='lat' dir='ltr'><strong>dier</strong></span> <span class='ocrx_word' id='word_1_252' title='bbox 1496 2458 1525 2508; x_wconf 85' lang='lat' dir='ltr'><strong>et</strong></span> <span class='ocrx_word' id='word_1_253' title='bbox 1539 2450 1633 2510; x_wconf 81' lang='lat' dir='ltr'><strong>horca</strong></span> 
     </span>
    </p>
   </div>
   <div class='ocr_carea' id='block_1_5' title="bbox 154 2525 1640 2620">
    <p class='ocr_par' dir='ltr' id='par_1_5' title="bbox 154 2525 1640 2620">
     <span class='ocr_line' id='line_1_24' title="bbox 154 2525 1640 2620; baseline 0.005 -27"><span class='ocrx_word' id='word_1_254' title='bbox 154 2569 158 2576; x_wconf 45' lang='grc' dir='ltr'>ι</span> <span class='ocrx_word' id='word_1_255' title='bbox 283 2525 432 2598; x_wconf 63' lang='lat' dir='ltr'><strong>eleemonis</strong></span> <span class='ocrx_word' id='word_1_256' title='bbox 458 2537 660 2611; x_wconf 68' lang='lat' dir='ltr'><strong>wucrca’berc</strong></span> <span class='ocrx_word' id='word_1_257' title='bbox 683 2534 833 2596; x_wconf 74' lang='lat' dir='ltr'><strong>Irrci&#39;ls&#39;tie</strong></span> <span class='ocrx_word' id='word_1_258' title='bbox 855 2532 896 2615; x_wconf 87' lang='lat' dir='ltr'><strong>(id</strong></span> <span class='ocrx_word' id='word_1_259' title='bbox 921 2544 969 2594; x_wconf 86' lang='lat' dir='ltr'><strong>est</strong></span> <span class='ocrx_word' id='word_1_260' title='bbox 991 2533 1097 2594; x_wconf 83' lang='lat' dir='ltr'><strong>Esaiae</strong></span> <span class='ocrx_word' id='word_1_261' title='bbox 1128 2537 1232 2595; x_wconf 88' lang='lat' dir='ltr'><strong>faciem</strong></span> <span class='ocrx_word' id='word_1_262' title='bbox 1255 2553 1431 2613; x_wconf 73' lang='lat' dir='ltr'><strong>conspuere,</strong></span> <span class='ocrx_word' id='word_1_263' title='bbox 1465 2554 1531 2614; x_wconf 82' lang='lat' dir='ltr'><strong>cap.</strong></span> <span class='ocrx_word' id='word_1_264' title='bbox 1555 2534 1640 2620; x_wconf 63' lang='lat' dir='ltr'><strong>st),</strong></span> 
     </span>
    </p>
   </div>
   <div class='ocr_carea' id='block_1_6' title="bbox 282 2621 1642 4627">
    <p class='ocr_par' dir='ltr' id='par_1_6' title="bbox 282 2621 1634 3226">
     <span class='ocr_line' id='line_1_25' title="bbox 282 2621 1631 2704; baseline -0.002 -19"><span class='ocrx_word' id='word_1_265' title='bbox 282 2625 314 2685; x_wconf 79' lang='lat' dir='ltr'><strong>ht</strong></span> <span class='ocrx_word' id='word_1_266' title='bbox 335 2633 471 2704; x_wconf 77' lang='lat' dir='ltr'><strong>poterant</strong></span> <span class='ocrx_word' id='word_1_267' title='bbox 492 2626 591 2682; x_wconf 82' lang='lat' dir='ltr'><strong>omnia</strong></span> <span class='ocrx_word' id='word_1_268' title='bbox 613 2622 732 2697; x_wconf 89' lang='lat' dir='ltr'><strong>docere,</strong></span> <span class='ocrx_word' id='word_1_269' title='bbox 761 2640 796 2682; x_wconf 90' lang='lat' dir='ltr'><strong>ex</strong></span> <span class='ocrx_word' id='word_1_270' title='bbox 828 2623 993 2699; x_wconf 67' lang='lat' dir='ltr'><strong>usucaptis</strong></span> <span class='ocrx_word' id='word_1_271' title='bbox 1020 2621 1132 2681; x_wconf 83' lang='lat' dir='ltr'><strong>scilieet</strong></span> <span class='ocrx_word' id='word_1_272' title='bbox 1160 2632 1190 2682; x_wconf 86' lang='lat' dir='ltr'><strong>et</strong></span> <span class='ocrx_word' id='word_1_273' title='bbox 1218 2626 1398 2700; x_wconf 74' lang='lat' dir='ltr'><strong>experientia</strong></span> <span class='ocrx_word' id='word_1_274' title='bbox 1419 2641 1475 2684; x_wconf 88' lang='lat' dir='ltr'><strong>sua</strong></span> <span class='ocrx_word' id='word_1_275' title='bbox 1500 2623 1631 2684; x_wconf 84' lang='lat' dir='ltr'><strong>militari.</strong></span> 
     </span>
     <span class='ocr_line' id='line_1_26' title="bbox 282 2708 1634 2792; baseline -0.001 -20"><span class='ocrx_word' id='word_1_276' title='bbox 282 2712 321 2772; x_wconf 80' lang='lat' dir='ltr'><strong>Et</strong></span> <span class='ocrx_word' id='word_1_277' title='bbox 342 2713 414 2791; x_wconf 82' lang='lat' dir='ltr'><strong>proh</strong></span> <span class='ocrx_word' id='word_1_278' title='bbox 438 2712 533 2771; x_wconf 86' lang='lat' dir='ltr'><strong>Deum</strong></span> <span class='ocrx_word' id='word_1_279' title='bbox 555 2709 763 2784; x_wconf 79' lang='lat' dir='ltr'><strong>immortalem,</strong></span> <span class='ocrx_word' id='word_1_280' title='bbox 794 2716 931 2786; x_wconf 69' lang='lat' dir='ltr'><strong>circatae</strong></span> <span class='ocrx_word' id='word_1_281' title='bbox 951 2710 999 2767; x_wconf 80' lang='lat' dir='ltr'><strong>iric</strong></span> <span class='ocrx_word' id='word_1_282' title='bbox 1023 2711 1059 2767; x_wconf 84' lang='lat' dir='ltr'><strong>ia</strong></span> <span class='ocrx_word' id='word_1_283' title='bbox 1082 2708 1191 2769; x_wconf 85' lang='lat' dir='ltr'><strong>Bibliia</strong></span> <span class='ocrx_word' id='word_1_284' title='bbox 1213 2727 1300 2771; x_wconf 82' lang='lat' dir='ltr'><strong>error</strong></span> <span class='ocrx_word' id='word_1_285' title='bbox 1320 2708 1365 2792; x_wconf 86' lang='lat' dir='ltr'><strong>(ut</strong></span> <span class='ocrx_word' id='word_1_286' title='bbox 1391 2714 1449 2774; x_wconf 85' lang='lat' dir='ltr'><strong>tuis</strong></span> <span class='ocrx_word' id='word_1_287' title='bbox 1479 2712 1578 2771; x_wconf 83' lang='lat' dir='ltr'><strong>verbis</strong></span> <span class='ocrx_word' id='word_1_288' title='bbox 1602 2719 1634 2771; x_wconf 86' lang='lat' dir='ltr'><strong>et</strong></span> 
     </span>
     <span class='ocr_line' id='line_1_27' title="bbox 284 2793 1632 2880; baseline -0.002 -19"><span class='ocrx_word' id='word_1_289' title='bbox 284 2800 417 2880; x_wconf 78' lang='lat' dir='ltr'><strong>exemplo</strong></span> <span class='ocrx_word' id='word_1_290' title='bbox 441 2800 530 2860; x_wconf 89' lang='lat' dir='ltr'><strong>ctiam</strong></span> <span class='ocrx_word' id='word_1_291' title='bbox 553 2799 601 2859; x_wconf 92' lang='lat' dir='ltr'><strong>hlc</strong></span> <span class='ocrx_word' id='word_1_292' title='bbox 624 2793 811 2877; x_wconf 80' lang='lat' dir='ltr'><strong>exclamem),</strong></span> <span class='ocrx_word' id='word_1_293' title='bbox 839 2795 919 2873; x_wconf 89' lang='lat' dir='ltr'><strong>quod</strong></span> <span class='ocrx_word' id='word_1_294' title='bbox 942 2796 1014 2857; x_wconf 82' lang='lat' dir='ltr'><strong>febri</strong></span> <span class='ocrx_word' id='word_1_295' title='bbox 1035 2798 1230 2879; x_wconf 77' lang='lat' dir='ltr'><strong>praecipitur,</strong></span> <span class='ocrx_word' id='word_1_296' title='bbox 1252 2807 1286 2859; x_wconf 90' lang='grc' dir='ltr'><strong>ιιι</strong></span> <span class='ocrx_word' id='word_1_297' title='bbox 1308 2811 1458 2859; x_wconf 80' lang='lat' dir='ltr'><strong>menturae</strong></span> <span class='ocrx_word' id='word_1_298' title='bbox 1481 2797 1632 2874; x_wconf 86' lang='lat' dir='ltr'><strong>rationali,</strong></span> 
     </span>
     <span class='ocr_line' id='line_1_28' title="bbox 283 2884 1631 2963; baseline -0.001 -16"><span class='ocrx_word' id='word_1_299' title='bbox 283 2886 431 2960; x_wconf 85' lang='lat' dir='ltr'><strong>audiendi,</strong></span> <span class='ocrx_word' id='word_1_300' title='bbox 455 2897 507 2946; x_wconf 87' lang='lat' dir='ltr'><strong>aut</strong></span> <span class='ocrx_word' id='word_1_301' title='bbox 529 2885 609 2963; x_wconf 85' lang='lat' dir='ltr'><strong>quod</strong></span> <span class='ocrx_word' id='word_1_302' title='bbox 631 2885 722 2945; x_wconf 83' lang='lat' dir='ltr'><strong>Htcot</strong></span> <span class='ocrx_word' id='word_1_303' title='bbox 746 2887 797 2945; x_wconf 64' lang='lat'><strong>3&amp;</strong></span> <span class='ocrx_word' id='word_1_304' title='bbox 819 2892 945 2961; x_wconf 79' lang='lat' dir='ltr'><strong>negatur</strong></span> <span class='ocrx_word' id='word_1_305' title='bbox 965 2884 1020 2944; x_wconf 82' lang='lat' dir='ltr'><strong>ilbi</strong></span> <span class='ocrx_word' id='word_1_306' title='bbox 1043 2888 1172 2961; x_wconf 79' lang='lat' dir='ltr'><strong>cognitio</strong></span> <span class='ocrx_word' id='word_1_307' title='bbox 1202 2890 1267 2947; x_wconf 63' lang='lat' dir='ltr'><strong>triae</strong></span> <span class='ocrx_word' id='word_1_308' title='bbox 1290 2885 1363 2948; x_wconf 88' lang='lat' dir='ltr'><strong>lucia</strong></span> <span class='ocrx_word' id='word_1_309' title='bbox 1391 2897 1421 2947; x_wconf 87' lang='lat' dir='ltr'><strong>et</strong></span> <span class='ocrx_word' id='word_1_310' title='bbox 1443 2888 1631 2948; x_wconf 86' lang='lat' dir='ltr'><strong>tenebrarum</strong></span> 
     </span>
     <span class='ocr_line' id='line_1_29' title="bbox 282 2971 1633 3052; baseline 0.001 -18"><span class='ocrx_word' id='word_1_311' title='bbox 282 2975 474 3051; x_wconf 86' lang='lat' dir='ltr'><strong>limitumqac,</strong></span> <span class='ocrx_word' id='word_1_312' title='bbox 498 2991 586 3050; x_wconf 84' lang='lat' dir='ltr'><strong>quarn</strong></span> <span class='ocrx_word' id='word_1_313' title='bbox 608 2981 640 3032; x_wconf 89' lang='lat' dir='ltr'><strong>tu</strong></span> <span class='ocrx_word' id='word_1_314' title='bbox 662 2982 759 3033; x_wconf 84' lang='lat' dir='ltr'><strong>tamen</strong></span> <span class='ocrx_word' id='word_1_315' title='bbox 782 2971 1003 3037; x_wconf 85' lang='lat' dir='ltr'><strong>evidentissima</strong></span> <span class='ocrx_word' id='word_1_316' title='bbox 1018 2972 1208 3049; x_wconf 78' lang='lat' dir='ltr'><strong>¹pyramidum</strong></span> <span class='ocrx_word' id='word_1_317' title='bbox 1229 2975 1344 3052; x_wconf 84' lang='lat' dir='ltr'><strong>pletura</strong></span> <span class='ocrx_word' id='word_1_318' title='bbox 1366 2975 1414 3034; x_wconf 85' lang='lat' dir='ltr'><strong>sel</strong></span> <span class='ocrx_word' id='word_1_319' title='bbox 1441 2975 1535 3034; x_wconf 91' lang='lat' dir='ltr'><strong>oculis</strong></span> <span class='ocrx_word' id='word_1_320' title='bbox 1558 2992 1633 3035; x_wconf 88' lang='lat' dir='ltr'><strong>con-</strong></span> 
     </span>
     <span class='ocr_line' id='line_1_30' title="bbox 283 3059 1634 3140; baseline 0.003 -21"><span class='ocrx_word' id='word_1_321' title='bbox 283 3062 463 3140; x_wconf 79' lang='lat' dir='ltr'><strong>spiciendam</strong></span> <span class='ocrx_word' id='word_1_322' title='bbox 485 3062 653 3121; x_wconf 80' lang='lat' dir='ltr'><strong>exhibuisti.</strong></span> <span class='ocrx_word' id='word_1_323' title='bbox 697 3059 776 3132; x_wconf 85' lang='lat' dir='ltr'><strong>Etsi,</strong></span> <span class='ocrx_word' id='word_1_324' title='bbox 798 3067 832 3118; x_wconf 85' lang='lat' dir='ltr'><strong>ct</strong></span> <span class='ocrx_word' id='word_1_325' title='bbox 851 3061 914 3136; x_wconf 78' lang='lat' dir='ltr'><strong>Jam</strong></span> <span class='ocrx_word' id='word_1_326' title='bbox 936 3075 1025 3136; x_wconf 83' lang='lat' dir='ltr'><strong>saepe</strong></span> <span class='ocrx_word' id='word_1_327' title='bbox 1048 3059 1170 3134; x_wconf 87' lang='lat' dir='ltr'><strong>dictum,</strong></span> <span class='ocrx_word' id='word_1_328' title='bbox 1201 3070 1260 3121; x_wconf 86' lang='lat' dir='ltr'><strong>stat</strong></span> <span class='ocrx_word' id='word_1_329' title='bbox 1282 3059 1414 3121; x_wconf 88' lang='lat' dir='ltr'><strong>doctrina</strong></span> <span class='ocrx_word' id='word_1_330' title='bbox 1436 3061 1472 3122; x_wconf 89' lang='lat' dir='ltr'><strong>de</strong></span> <span class='ocrx_word' id='word_1_331' title='bbox 1494 3061 1634 3138; x_wconf 84' lang='lat' dir='ltr'><strong>planeta·</strong></span> 
     </span>
     <span class='ocr_line' id='line_1_31' title="bbox 284 3146 1358 3226; baseline -0.001 -17"><span class='ocrx_word' id='word_1_332' title='bbox 284 3166 348 3209; x_wconf 89' lang='lat' dir='ltr'><strong>mm</strong></span> <span class='ocrx_word' id='word_1_333' title='bbox 371 3149 541 3224; x_wconf 85' lang='lat' dir='ltr'><strong>harmonia,</strong></span> <span class='ocrx_word' id='word_1_334' title='bbox 563 3150 653 3210; x_wconf 79' lang='lat' dir='ltr'><strong>etlam</strong></span> <span class='ocrx_word' id='word_1_335' title='bbox 675 3150 700 3207; x_wconf 88' lang='lat' dir='ltr'><strong>si</strong></span> <span class='ocrx_word' id='word_1_336' title='bbox 723 3149 791 3224; x_wconf 84' lang='lat' dir='ltr'><strong>quis</strong></span> <span class='ocrx_word' id='word_1_337' title='bbox 812 3146 933 3206; x_wconf 79' lang='lat' dir='ltr'><strong>Terram</strong></span> <span class='ocrx_word' id='word_1_338' title='bbox 956 3164 986 3206; x_wconf 89' lang='lat' dir='ltr'><strong>re</strong></span> <span class='ocrx_word' id='word_1_339' title='bbox 1009 3164 1080 3206; x_wconf 82' lang='lat' dir='ltr'><strong>vera</strong></span> <span class='ocrx_word' id='word_1_340' title='bbox 1101 3156 1179 3207; x_wconf 87' lang='lat' dir='ltr'><strong>stare</strong></span> <span class='ocrx_word' id='word_1_341' title='bbox 1200 3159 1358 3226; x_wconf 79' lang='lat' dir='ltr'><strong>supponat</strong></span> 
     </span>
    </p>

    <p class='ocr_par' dir='ltr' id='par_1_7' title="bbox 283 3233 1642 4627">
     <span class='ocr_line' id='line_1_32' title="bbox 370 3233 1634 3315; baseline -0.001 -18"><span class='ocrx_word' id='word_1_342' title='bbox 370 3236 440 3297; x_wconf 87' lang='lat' dir='ltr'><strong>Jam</strong></span> <span class='ocrx_word' id='word_1_343' title='bbox 471 3239 559 3296; x_wconf 86' lang='lat' dir='ltr'><strong>ctiam</strong></span> <span class='ocrx_word' id='word_1_344' title='bbox 591 3235 683 3296; x_wconf 77' lang='lat' dir='ltr'><strong>veluti</strong></span> <span class='ocrx_word' id='word_1_345' title='bbox 706 3235 742 3296; x_wconf 90' lang='lat' dir='ltr'><strong>de</strong></span> <span class='ocrx_word' id='word_1_346' title='bbox 765 3250 845 3294; x_wconf 86' lang='lat' dir='ltr'><strong>novo</strong></span> <span class='ocrx_word' id='word_1_347' title='bbox 868 3233 1001 3294; x_wconf 86' lang='lat' dir='ltr'><strong>lancinas</strong></span> <span class='ocrx_word' id='word_1_348' title='bbox 1031 3234 1187 3295; x_wconf 84' lang='lat' dir='ltr'><strong>interualla</strong></span> <span class='ocrx_word' id='word_1_349' title='bbox 1213 3239 1365 3312; x_wconf 77' lang='lat' dir='ltr'><strong>regionum</strong></span> <span class='ocrx_word' id='word_1_350' title='bbox 1392 3235 1634 3315; x_wconf 78' lang='lat' dir='ltr'><strong>planetariorum,</strong></span> 
     </span>
     <span class='ocr_line' id='line_1_33' title="bbox 284 3320 1635 3403; baseline -0.001 -20"><span class='ocrx_word' id='word_1_351' title='bbox 284 3327 395 3403; x_wconf 84' lang='lat' dir='ltr'><strong>primus</strong></span> <span class='ocrx_word' id='word_1_352' title='bbox 427 3333 496 3401; x_wconf 81' lang='lat' dir='ltr'><strong>post</strong></span> <span class='ocrx_word' id='word_1_353' title='bbox 525 3340 618 3384; x_wconf 89' lang='lat' dir='ltr'><strong>anuos</strong></span> <span class='ocrx_word' id='word_1_354' title='bbox 640 3324 680 3383; x_wconf 71' lang='lat'><strong>25</strong></span> <span class='ocrx_word' id='word_1_355' title='bbox 712 3339 801 3400; x_wconf 83' lang='lat' dir='ltr'><strong>quam</strong></span> <span class='ocrx_word' id='word_1_356' title='bbox 823 3320 997 3399; x_wconf 85' lang='lat' dir='ltr'><strong>Mysterium</strong></span> <span class='ocrx_word' id='word_1_357' title='bbox 1021 3320 1302 3399; x_wconf 62' lang='lat' dir='ltr'><strong>cosmographiam</strong></span> <span class='ocrx_word' id='word_1_358' title='bbox 1324 3332 1369 3385; x_wconf 87' lang='lat' dir='ltr'><strong>ast</strong></span> <span class='ocrx_word' id='word_1_359' title='bbox 1390 3324 1514 3397; x_wconf 78' lang='lat' dir='ltr'><strong>adlmm,</strong></span> <span class='ocrx_word' id='word_1_360' title='bbox 1546 3332 1635 3400; x_wconf 82' lang='lat' dir='ltr'><strong>post·</strong></span> 
     </span>
     <span class='ocr_line' id='line_1_34' title="bbox 283 3407 1633 3490; baseline 0 -19"><span class='ocrx_word' id='word_1_361' title='bbox 283 3430 372 3490; x_wconf 86' lang='lat' dir='ltr'><strong>qaam</strong></span> <span class='ocrx_word' id='word_1_362' title='bbox 398 3412 461 3488; x_wconf 83' lang='lat' dir='ltr'><strong>jam</strong></span> <span class='ocrx_word' id='word_1_363' title='bbox 490 3412 610 3471; x_wconf 82' lang='lat' dir='ltr'><strong>tandem</strong></span> <span class='ocrx_word' id='word_1_364' title='bbox 641 3414 774 3470; x_wconf 84' lang='lat' dir='ltr'><strong>iteratam</strong></span> <span class='ocrx_word' id='word_1_365' title='bbox 805 3407 963 3469; x_wconf 88' lang='lat' dir='ltr'><strong>editionem</strong></span> <span class='ocrx_word' id='word_1_366' title='bbox 994 3416 1177 3471; x_wconf 85' lang='lat' dir='ltr'><strong>extorserunt</strong></span> <span class='ocrx_word' id='word_1_367' title='bbox 1210 3412 1314 3487; x_wconf 79' lang='lat' dir='ltr'><strong>amiel3</strong></span> <span class='ocrx_word' id='word_1_368' title='bbox 1346 3411 1411 3486; x_wconf 70' lang='lat' dir='ltr'><strong>ubl,</strong></span> <span class='ocrx_word' id='word_1_369' title='bbox 1443 3413 1469 3470; x_wconf 92' lang='lat' dir='ltr'><strong>si</strong></span> <span class='ocrx_word' id='word_1_370' title='bbox 1492 3428 1633 3488; x_wconf 83' lang='lat' dir='ltr'><strong>usquam,</strong></span> 
     </span>
     <span class='ocr_line' id='line_1_35' title="bbox 283 3494 1634 3576; baseline -0.001 -16"><span class='ocrx_word' id='word_1_371' title='bbox 283 3501 437 3560; x_wconf 76' lang='lat' dir='ltr'><strong>noemma</strong></span> <span class='ocrx_word' id='word_1_372' title='bbox 459 3499 597 3559; x_wconf 84' lang='lat' dir='ltr'><strong>cohaeret</strong></span> <span class='ocrx_word' id='word_1_373' title='bbox 619 3500 714 3557; x_wconf 88' lang='lat' dir='ltr'><strong>oratio</strong></span> <span class='ocrx_word' id='word_1_374' title='bbox 736 3505 797 3556; x_wconf 80' lang='lat' dir='ltr'><strong>tna</strong></span> <span class='ocrx_word' id='word_1_375' title='bbox 844 3494 971 3555; x_wconf 84' lang='lat' dir='ltr'><strong>Omnino</strong></span> <span class='ocrx_word' id='word_1_376' title='bbox 994 3495 1129 3574; x_wconf 80' lang='lat' dir='ltr'><strong>stupidus</strong></span> <span class='ocrx_word' id='word_1_377' title='bbox 1152 3512 1207 3573; x_wconf 72' lang='lat' dir='ltr'><strong>ego</strong></span> <span class='ocrx_word' id='word_1_378' title='bbox 1229 3514 1310 3573; x_wconf 81' lang='lat' dir='ltr'><strong>sure,</strong></span> <span class='ocrx_word' id='word_1_379' title='bbox 1338 3502 1390 3576; x_wconf 84' lang='lat' dir='ltr'><strong>qui</strong></span> <span class='ocrx_word' id='word_1_380' title='bbox 1412 3515 1490 3557; x_wconf 90' lang='lat' dir='ltr'><strong>nunc</strong></span> <span class='ocrx_word' id='word_1_381' title='bbox 1512 3498 1634 3559; x_wconf 89' lang='lat' dir='ltr'><strong>demam</strong></span> 
     </span>
     <span class='ocr_line' id='line_1_36' title="bbox 285 3583 1635 3663; baseline -0.001 -16"><span class='ocrx_word' id='word_1_382' title='bbox 285 3586 487 3648; x_wconf 82' lang='lat' dir='ltr'><strong>animadverte</strong></span> <span class='ocrx_word' id='word_1_383' title='bbox 510 3586 597 3660; x_wconf 80' lang='lat' dir='ltr'><strong>clare,</strong></span> <span class='ocrx_word' id='word_1_384' title='bbox 619 3583 699 3661; x_wconf 80' lang='lat' dir='ltr'><strong>quod</strong></span> <span class='ocrx_word' id='word_1_385' title='bbox 721 3600 811 3662; x_wconf 81' lang='lat' dir='ltr'><strong>supra</strong></span> <span class='ocrx_word' id='word_1_386' title='bbox 826 3583 951 3643; x_wconf 79' lang='lat' dir='ltr'><strong>olfacere</strong></span> <span class='ocrx_word' id='word_1_387' title='bbox 966 3587 1060 3661; x_wconf 86' lang='lat' dir='ltr'><strong>coepi,</strong></span> <span class='ocrx_word' id='word_1_388' title='bbox 1083 3593 1112 3645; x_wconf 89' lang='lat' dir='ltr'><strong>tc</strong></span> <span class='ocrx_word' id='word_1_389' title='bbox 1126 3586 1198 3644; x_wconf 84' lang='lat' dir='ltr'><strong>milrl</strong></span> <span class='ocrx_word' id='word_1_390' title='bbox 1213 3584 1344 3660; x_wconf 75' lang='lat' dir='ltr'><strong>illudere,</strong></span> <span class='ocrx_word' id='word_1_391' title='bbox 1367 3594 1401 3646; x_wconf 85' lang='lat' dir='ltr'><strong>ut</strong></span> <span class='ocrx_word' id='word_1_392' title='bbox 1414 3585 1527 3644; x_wconf 83' lang='lat' dir='ltr'><strong>habeas</strong></span> <span class='ocrx_word' id='word_1_393' title='bbox 1550 3585 1635 3663; x_wconf 84' lang='lat' dir='ltr'><strong>quod</strong></span> 
     </span>
     <span class='ocr_line' id='line_1_37' title="bbox 284 3671 1634 3750; baseline 0 -17"><span class='ocrx_word' id='word_1_394' title='bbox 284 3674 390 3749; x_wconf 86' lang='lat' dir='ltr'><strong>rideas,</strong></span> <span class='ocrx_word' id='word_1_395' title='bbox 413 3676 439 3733; x_wconf 91' lang='lat' dir='ltr'><strong>si</strong></span> <span class='ocrx_word' id='word_1_396' title='bbox 462 3691 528 3732; x_wconf 79' lang='lat' dir='ltr'><strong>cuae</strong></span> <span class='ocrx_word' id='word_1_397' title='bbox 550 3675 708 3750; x_wconf 79' lang='lat' dir='ltr'><strong>scriptione</strong></span> <span class='ocrx_word' id='word_1_398' title='bbox 729 3671 814 3730; x_wconf 86' lang='lat' dir='ltr'><strong>nihili</strong></span> <span class='ocrx_word' id='word_1_399' title='bbox 834 3689 881 3731; x_wconf 91' lang='lat' dir='ltr'><strong>me</strong></span> <span class='ocrx_word' id='word_1_400' title='bbox 912 3672 942 3728; x_wconf 88' lang='lat' dir='ltr'><strong>in</strong></span> <span class='ocrx_word' id='word_1_401' title='bbox 965 3675 1186 3749; x_wconf 83' lang='lat' dir='ltr'><strong>occupationem</strong></span> <span class='ocrx_word' id='word_1_402' title='bbox 1209 3675 1399 3749; x_wconf 81' lang='lat' dir='ltr'><strong>compegeris.</strong></span> <span class='ocrx_word' id='word_1_403' title='bbox 1445 3673 1634 3750; x_wconf 78' lang='lat' dir='ltr'><strong>Pergendum</strong></span> 
     </span>
     <span class='ocr_line' id='line_1_38' title="bbox 285 3758 1637 3839; baseline -0.001 -17"><span class='ocrx_word' id='word_1_404' title='bbox 285 3770 382 3822; x_wconf 65' lang='lat' dir='ltr'><strong>nmen</strong></span> <span class='ocrx_word' id='word_1_405' title='bbox 394 3768 475 3820; x_wconf 81' lang='lat' dir='ltr'><strong>taum</strong></span> <span class='ocrx_word' id='word_1_406' title='bbox 487 3763 619 3839; x_wconf 83' lang='lat' dir='ltr'><strong>aequiori</strong></span> <span class='ocrx_word' id='word_1_407' title='bbox 630 3763 737 3832; x_wconf 89' lang='lat' dir='ltr'><strong>animo,</strong></span> <span class='ocrx_word' id='word_1_408' title='bbox 753 3758 832 3836; x_wconf 87' lang='lat' dir='ltr'><strong>qnod</strong></span> <span class='ocrx_word' id='word_1_409' title='bbox 847 3758 914 3817; x_wconf 84' lang='lat' dir='ltr'><strong>linis</strong></span> <span class='ocrx_word' id='word_1_410' title='bbox 926 3767 1058 3835; x_wconf 73' lang='lat' dir='ltr'><strong>apparet</strong></span> <span class='ocrx_word' id='word_1_411' title='bbox 1091 3758 1220 3818; x_wconf 85' lang='lat' dir='ltr'><strong>Primam</strong></span> <span class='ocrx_word' id='word_1_412' title='bbox 1231 3760 1537 3820; x_wconf 82' lang='lat' dir='ltr'><strong>haecdirncnrioaum</strong></span> <span class='ocrx_word' id='word_1_413' title='bbox 1550 3764 1637 3822; x_wconf 79' lang='lat' dir='ltr'><strong>ratio</strong></span> 
     </span>
     <span class='ocr_line' id='line_1_39' title="bbox 285 3844 1636 3925; baseline 0 -16"><span class='ocrx_word' id='word_1_414' title='bbox 285 3866 344 3909; x_wconf 88' lang='lat' dir='ltr'><strong>non</strong></span> <span class='ocrx_word' id='word_1_415' title='bbox 368 3856 413 3909; x_wconf 90' lang='lat' dir='ltr'><strong>ast</strong></span> <span class='ocrx_word' id='word_1_416' title='bbox 434 3851 581 3925; x_wconf 87' lang='lat' dir='ltr'><strong>ipsissima</strong></span> <span class='ocrx_word' id='word_1_417' title='bbox 601 3848 765 3906; x_wconf 69' lang='lat' dir='ltr'><strong>damonia</strong></span> <span class='ocrx_word' id='word_1_418' title='bbox 785 3863 870 3906; x_wconf 81' lang='lat' dir='ltr'><strong>uera.</strong></span> <span class='ocrx_word' id='word_1_419' title='bbox 916 3844 1031 3906; x_wconf 89' lang='lat' dir='ltr'><strong>Deinde</strong></span> <span class='ocrx_word' id='word_1_420' title='bbox 1053 3845 1188 3908; x_wconf 69' lang='lat' dir='ltr'><strong>mouerit</strong></span> <span class='ocrx_word' id='word_1_421' title='bbox 1210 3847 1335 3907; x_wconf 86' lang='lat' dir='ltr'><strong>mundns</strong></span> <span class='ocrx_word' id='word_1_422' title='bbox 1362 3851 1462 3909; x_wconf 85' lang='lat' dir='ltr'><strong>statim</strong></span> <span class='ocrx_word' id='word_1_423' title='bbox 1484 3848 1524 3908; x_wconf 87' lang='lat' dir='ltr'><strong>ab</strong></span> <span class='ocrx_word' id='word_1_424' title='bbox 1546 3850 1636 3909; x_wconf 85' lang='lat' dir='ltr'><strong>initio</strong></span> 
     </span>
     <span class='ocr_line' id='line_1_40' title="bbox 286 3933 1637 4016; baseline -0.001 -19"><span class='ocrx_word' id='word_1_425' title='bbox 286 3953 477 4013; x_wconf 80' lang='lat' dir='ltr'><strong>quaecunque</strong></span> <span class='ocrx_word' id='word_1_426' title='bbox 505 3945 537 3995; x_wconf 86' lang='lat' dir='ltr'><strong>tu</strong></span> <span class='ocrx_word' id='word_1_427' title='bbox 568 3935 657 4009; x_wconf 89' lang='lat' dir='ltr'><strong>diois,</strong></span> <span class='ocrx_word' id='word_1_428' title='bbox 688 3952 768 3995; x_wconf 91' lang='lat' dir='ltr'><strong>meas</strong></span> <span class='ocrx_word' id='word_1_429' title='bbox 791 3941 868 3993; x_wconf 86' lang='lat' dir='ltr'><strong>certe</strong></span> <span class='ocrx_word' id='word_1_430' title='bbox 898 3933 1067 3993; x_wconf 83' lang='lat' dir='ltr'><strong>harmonias</strong></span> <span class='ocrx_word' id='word_1_431' title='bbox 1093 3950 1152 3995; x_wconf 89' lang='lat' dir='ltr'><strong>non</strong></span> <span class='ocrx_word' id='word_1_432' title='bbox 1184 3935 1300 4009; x_wconf 78' lang='lat' dir='ltr'><strong>lubuit,</strong></span> <span class='ocrx_word' id='word_1_433' title='bbox 1330 3952 1390 4014; x_wconf 84' lang='lat' dir='ltr'><strong>quo</strong></span> <span class='ocrx_word' id='word_1_434' title='bbox 1419 3944 1551 4016; x_wconf 81' lang='lat' dir='ltr'><strong>tempore</strong></span> <span class='ocrx_word' id='word_1_435' title='bbox 1571 3954 1637 3997; x_wconf 83' lang='lat' dir='ltr'><strong>noa</strong></span> 
     </span>
     <span class='ocr_line' id='line_1_41' title="bbox 286 4019 1637 4101; baseline 0.001 -18"><span class='ocrx_word' id='word_1_436' title='bbox 286 4024 390 4084; x_wconf 85' lang='lat' dir='ltr'><strong>habuit</strong></span> <span class='ocrx_word' id='word_1_437' title='bbox 412 4024 546 4100; x_wconf 77' lang='lat' dir='ltr'><strong>planetas</strong></span> <span class='ocrx_word' id='word_1_438' title='bbox 569 4029 723 4082; x_wconf 87' lang='lat' dir='ltr'><strong>currentes.</strong></span> <span class='ocrx_word' id='word_1_439' title='bbox 768 4020 877 4091; x_wconf 80' lang='lat' dir='ltr'><strong>Tertio,</strong></span> <span class='ocrx_word' id='word_1_440' title='bbox 901 4019 1113 4080; x_wconf 84' lang='lat' dir='ltr'><strong>firmamentum</strong></span> <span class='ocrx_word' id='word_1_441' title='bbox 1136 4038 1191 4098; x_wconf 75' lang='lat' dir='ltr'><strong>ego</strong></span> <span class='ocrx_word' id='word_1_442' title='bbox 1214 4021 1326 4083; x_wconf 89' lang='lat' dir='ltr'><strong>nullum</strong></span> <span class='ocrx_word' id='word_1_443' title='bbox 1345 4040 1477 4101; x_wconf 83' lang='lat' dir='ltr'><strong>uuquam</strong></span> <span class='ocrx_word' id='word_1_444' title='bbox 1497 4026 1571 4100; x_wconf 81' lang='lat' dir='ltr'><strong>petii</strong></span> <span class='ocrx_word' id='word_1_445' title='bbox 1595 4025 1637 4085; x_wconf 85' lang='lat' dir='ltr'><strong>ab</strong></span> 
     </span>
     <span class='ocr_line' id='line_1_42' title="bbox 287 4107 1637 4188; baseline 0.001 -18"><span class='ocrx_word' id='word_1_446' title='bbox 287 4112 460 4171; x_wconf 79' lang='lat' dir='ltr'><strong>auctoritate</strong></span> <span class='ocrx_word' id='word_1_447' title='bbox 483 4119 630 4183; x_wconf 83' lang='lat' dir='ltr'><strong>veterum,</strong></span> <span class='ocrx_word' id='word_1_448' title='bbox 658 4107 711 4169; x_wconf 89' lang='lat' dir='ltr'><strong>scd</strong></span> <span class='ocrx_word' id='word_1_449' title='bbox 733 4126 753 4167; x_wconf 91' lang='lat' dir='ltr'><strong>a</strong></span> <span class='ocrx_word' id='word_1_450' title='bbox 775 4109 902 4181; x_wconf 86' lang='lat' dir='ltr'><strong>ratione,</strong></span> <span class='ocrx_word' id='word_1_451' title='bbox 932 4125 1008 4183; x_wconf 89' lang='lat' dir='ltr'><strong>quae</strong></span> <span class='ocrx_word' id='word_1_452' title='bbox 1030 4110 1056 4166; x_wconf 91' lang='lat' dir='ltr'><strong>si</strong></span> <span class='ocrx_word' id='word_1_453' title='bbox 1086 4125 1140 4185; x_wconf 87' lang='lat' dir='ltr'><strong>pm</strong></span> <span class='ocrx_word' id='word_1_454' title='bbox 1162 4111 1331 4187; x_wconf 80' lang='lat' dir='ltr'><strong>regionibus</strong></span> <span class='ocrx_word' id='word_1_455' title='bbox 1355 4110 1540 4188; x_wconf 58' lang='lat' dir='ltr'><strong>phocarum</strong></span> <span class='ocrx_word' id='word_1_456' title='bbox 1563 4120 1637 4186; x_wconf 84' lang='lat' dir='ltr'><strong>stat,</strong></span> 
     </span>
     <span class='ocr_line' id='line_1_43' title="bbox 287 4195 1640 4277; baseline 0 -18"><span class='ocrx_word' id='word_1_457' title='bbox 287 4198 367 4277; x_wconf 84' lang='lat' dir='ltr'><strong>quod</strong></span> <span class='ocrx_word' id='word_1_458' title='bbox 389 4198 501 4258; x_wconf 85' lang='lat' dir='ltr'><strong>scilicet</strong></span> <span class='ocrx_word' id='word_1_459' title='bbox 523 4198 579 4257; x_wconf 86' lang='lat' dir='ltr'><strong>hae</strong></span> <span class='ocrx_word' id='word_1_460' title='bbox 603 4196 800 4257; x_wconf 76' lang='lat' dir='ltr'><strong>conformatae</strong></span> <span class='ocrx_word' id='word_1_461' title='bbox 822 4198 880 4253; x_wconf 89' lang='lat' dir='ltr'><strong>sint</strong></span> <span class='ocrx_word' id='word_1_462' title='bbox 902 4195 940 4255; x_wconf 85' lang='lat' dir='ltr'><strong>ad</strong></span> <span class='ocrx_word' id='word_1_463' title='bbox 965 4198 982 4253; x_wconf 80' lang='lat'><strong>5</strong></span> <span class='ocrx_word' id='word_1_464' title='bbox 1006 4211 1138 4274; x_wconf 84' lang='lat' dir='ltr'><strong>corpore,</strong></span> <span class='ocrx_word' id='word_1_465' title='bbox 1167 4196 1196 4256; x_wconf 90' lang='lat' dir='ltr'><strong>ld</strong></span> <span class='ocrx_word' id='word_1_466' title='bbox 1219 4197 1290 4256; x_wconf 86' lang='lat' dir='ltr'><strong>milri</strong></span> <span class='ocrx_word' id='word_1_467' title='bbox 1312 4200 1385 4258; x_wconf 87' lang='lat' dir='ltr'><strong>satis</strong></span> <span class='ocrx_word' id='word_1_468' title='bbox 1408 4206 1462 4260; x_wconf 84' lang='lat' dir='ltr'><strong>est.</strong></span> <span class='ocrx_word' id='word_1_469' title='bbox 1507 4198 1556 4258; x_wconf 73' lang='lat' dir='ltr'><strong>‘ru</strong></span> <span class='ocrx_word' id='word_1_470' title='bbox 1578 4198 1640 4259; x_wconf 80' lang='lat' dir='ltr'><strong>lias</strong></span> 
     </span>
     <span class='ocr_line' id='line_1_44' title="bbox 285 4281 1639 4363; baseline 0.001 -19"><span class='ocrx_word' id='word_1_471' title='bbox 285 4288 414 4346; x_wconf 84' lang='lat' dir='ltr'><strong>rationes</strong></span> <span class='ocrx_word' id='word_1_472' title='bbox 437 4283 578 4358; x_wconf 79' lang='lat' dir='ltr'><strong>dissolve,</strong></span> <span class='ocrx_word' id='word_1_473' title='bbox 610 4285 634 4342; x_wconf 90' lang='lat' dir='ltr'><strong>si</strong></span> <span class='ocrx_word' id='word_1_474' title='bbox 663 4292 730 4343; x_wconf 87' lang='lat' dir='ltr'><strong>luae</strong></span> <span class='ocrx_word' id='word_1_475' title='bbox 752 4281 932 4343; x_wconf 88' lang='lat' dir='ltr'><strong>conclusioni</strong></span> <span class='ocrx_word' id='word_1_476' title='bbox 965 4286 1009 4341; x_wconf 81' lang='lat' dir='ltr'><strong>ris</strong></span> <span class='ocrx_word' id='word_1_477' title='bbox 1032 4282 1147 4344; x_wconf 88' lang='lat' dir='ltr'><strong>credere</strong></span> <span class='ocrx_word' id='word_1_478' title='bbox 1174 4284 1314 4360; x_wconf 85' lang='lat' dir='ltr'><strong>lectores,</strong></span> <span class='ocrx_word' id='word_1_479' title='bbox 1342 4285 1426 4363; x_wconf 80' lang='lat' dir='ltr'><strong>quod</strong></span> <span class='ocrx_word' id='word_1_480' title='bbox 1445 4285 1639 4346; x_wconf 76' lang='lat' dir='ltr'><strong>debilissimo</strong></span> 
     </span>
     <span class='ocr_line' id='line_1_45' title="bbox 286 4368 1641 4450; baseline -0.001 -18"><span class='ocrx_word' id='word_1_481' title='bbox 286 4377 349 4432; x_wconf 63' lang='lat' dir='ltr'><strong>aaut</strong></span> <span class='ocrx_word' id='word_1_482' title='bbox 370 4391 454 4433; x_wconf 72' lang='lat' dir='ltr'><strong>mma</strong></span> <span class='ocrx_word' id='word_1_483' title='bbox 468 4373 648 4433; x_wconf 72' lang='lat' dir='ltr'><strong>harmonice</strong></span> <span class='ocrx_word' id='word_1_484' title='bbox 662 4370 841 4431; x_wconf 68' lang='lat' dir='ltr'><strong>mandasses</strong></span> <span class='ocrx_word' id='word_1_485' title='bbox 855 4369 1070 4448; x_wconf 68' lang='lat' dir='ltr'><strong>fusrdomenta</strong></span> <span class='ocrx_word' id='word_1_486' title='bbox 1115 4368 1238 4447; x_wconf 84' lang='lat' dir='ltr'><strong>Quarto,</strong></span> <span class='ocrx_word' id='word_1_487' title='bbox 1262 4371 1341 4449; x_wconf 85' lang='lat' dir='ltr'><strong>quud</strong></span> <span class='ocrx_word' id='word_1_488' title='bbox 1357 4375 1487 4433; x_wconf 85' lang='lat' dir='ltr'><strong>causaris</strong></span> <span class='ocrx_word' id='word_1_489' title='bbox 1510 4372 1641 4450; x_wconf 73' lang='lat' dir='ltr'><strong>difficil-</strong></span> 
     </span>
     <span class='ocr_line' id='line_1_46' title="bbox 285 4454 1641 4538; baseline 0.001 -18"><span class='ocrx_word' id='word_1_490' title='bbox 285 4463 395 4521; x_wconf 76' lang='lat' dir='ltr'><strong>limum</strong></span> <span class='ocrx_word' id='word_1_491' title='bbox 422 4463 561 4519; x_wconf 78' lang='lat' dir='ltr'><strong>inuenire</strong></span> <span class='ocrx_word' id='word_1_492' title='bbox 587 4459 665 4518; x_wconf 82' lang='lat' dir='ltr'><strong>iulio</strong></span> <span class='ocrx_word' id='word_1_493' title='bbox 692 4459 765 4518; x_wconf 76' lang='lat' dir='ltr'><strong>coeli</strong></span> <span class='ocrx_word' id='word_1_494' title='bbox 791 4465 904 4517; x_wconf 80' lang='lat' dir='ltr'><strong>secretu</strong></span> <span class='ocrx_word' id='word_1_495' title='bbox 930 4454 1062 4534; x_wconf 77' lang='lat' dir='ltr'><strong>(musam</strong></span> <span class='ocrx_word' id='word_1_496' title='bbox 1092 4458 1205 4519; x_wconf 88' lang='lat' dir='ltr'><strong>scilicet</strong></span> <span class='ocrx_word' id='word_1_497' title='bbox 1234 4462 1346 4521; x_wconf 87' lang='lat' dir='ltr'><strong>numeri</strong></span> <span class='ocrx_word' id='word_1_498' title='bbox 1374 4461 1641 4538; x_wconf 77' lang='lat' dir='ltr'><strong>proportionisqua</strong></span> 
     </span>
     <span class='ocr_line' id='line_1_47' title="bbox 286 4543 1642 4627; baseline 0 -19"><span class='ocrx_word' id='word_1_499' title='bbox 286 4546 411 4627; x_wconf 87' lang='lat' dir='ltr'><strong>orbium)</strong></span> <span class='ocrx_word' id='word_1_500' title='bbox 431 4551 504 4608; x_wconf 77' lang='lat' dir='ltr'><strong>‘aiae</strong></span> <span class='ocrx_word' id='word_1_501' title='bbox 535 4546 711 4623; x_wconf 68' lang='lat' dir='ltr'><strong>odjumsrrw</strong></span> <span class='ocrx_word' id='word_1_502' title='bbox 741 4548 879 4627; x_wconf 26' lang='lat' dir='ltr'><strong>spiritus!</strong></span> <span class='ocrx_word' id='word_1_503' title='bbox 896 4543 1010 4622; x_wconf 78' lang='lat' dir='ltr'><strong>divini,</strong></span> <span class='ocrx_word' id='word_1_504' title='bbox 1044 4564 1079 4606; x_wconf 83' lang='lat' dir='ltr'><strong>cx</strong></span> <span class='ocrx_word' id='word_1_505' title='bbox 1111 4562 1147 4606; x_wconf 92' lang='lat' dir='ltr'><strong>eo</strong></span> <span class='ocrx_word' id='word_1_506' title='bbox 1175 4563 1234 4606; x_wconf 91' lang='lat' dir='ltr'><strong>non</strong></span> <span class='ocrx_word' id='word_1_507' title='bbox 1263 4549 1411 4624; x_wconf 86' lang='lat' dir='ltr'><strong>sequitur,</strong></span> <span class='ocrx_word' id='word_1_508' title='bbox 1448 4563 1559 4607; x_wconf 68' lang='lat' dir='ltr'><strong>mnam</strong></span> <span class='ocrx_word' id='word_1_509' title='bbox 1588 4567 1642 4608; x_wconf 82' lang='lat' dir='ltr'><strong>me</strong></span> 
     </span>
    </p>
   </div>
   <div class='ocr_carea' id='block_1_7' title="bbox 285 4618 1764 4887">
    <p class='ocr_par' dir='ltr' id='par_1_8' title="bbox 285 4618 1764 4887">
     <span class='ocr_line' id='line_1_48' title="bbox 285 4618 1764 4713; baseline -0.001 -16"><span class='ocrx_word' id='word_1_510' title='bbox 285 4636 434 4713; x_wconf 60' lang='lat' dir='ltr'><strong>felicem</strong></span> <span class='ocrx_word' id='word_1_511' title='bbox 463 4653 563 4695; x_wconf 76' lang='lat' dir='ltr'><strong>measa</strong></span> <span class='ocrx_word' id='word_1_512' title='bbox 589 4633 761 4693; x_wconf 64' lang='lat' dir='ltr'><strong>ammaim</strong></span> <span class='ocrx_word' id='word_1_513' title='bbox 789 4634 920 4691; x_wconf 78' lang='lat' dir='ltr'><strong>creatori</strong></span> <span class='ocrx_word' id='word_1_514' title='bbox 938 4631 1084 4709; x_wconf 76' lang='lat' dir='ltr'><strong>fabr-ioue</strong></span> <span class='ocrx_word' id='word_1_515' title='bbox 1129 4633 1312 4695; x_wconf 67' lang='lat' dir='ltr'><strong>Difficillime</strong></span> <span class='ocrx_word' id='word_1_516' title='bbox 1337 4618 1464 4711; x_wconf 82' lang='lat' dir='ltr'><strong>namque</strong></span> <span class='ocrx_word' id='word_1_517' title='bbox 1491 4635 1549 4694; x_wconf 82' lang='lat' dir='ltr'><strong>fait</strong></span> <span class='ocrx_word' id='word_1_518' title='bbox 1571 4642 1643 4697; x_wconf 78' lang='lat' dir='ltr'><strong>tots</strong></span> <span class='ocrx_word' id='word_1_519' title='bbox 1763 4652 1764 4657; x_wconf 50' lang='lat'>¹</span> 
     </span>
     <span class='ocr_line' id='line_1_49' title="bbox 286 4718 1764 4799; baseline -0.005 -15"><span class='ocrx_word' id='word_1_520' title='bbox 286 4725 465 4783; x_wconf 77' lang='lat' dir='ltr'><strong>mnonomia</strong></span> <span class='ocrx_word' id='word_1_521' title='bbox 491 4730 632 4798; x_wconf 76' lang='lat' dir='ltr'><strong>tantoque</strong></span> <span class='ocrx_word' id='word_1_522' title='bbox 662 4719 822 4792; x_wconf 81' lang='lat' dir='ltr'><strong>difficilior,</strong></span> <span class='ocrx_word' id='word_1_523' title='bbox 852 4726 963 4794; x_wconf 86' lang='lat' dir='ltr'><strong>quanto</strong></span> <span class='ocrx_word' id='word_1_524' title='bbox 986 4722 1104 4797; x_wconf 82' lang='lat' dir='ltr'><strong>propior</strong></span> <span class='ocrx_word' id='word_1_525' title='bbox 1125 4722 1231 4799; x_wconf 80' lang='lat' dir='ltr'><strong>origini</strong></span> <span class='ocrx_word' id='word_1_526' title='bbox 1261 4739 1350 4799; x_wconf 78' lang='lat' dir='ltr'><strong>suae3</strong></span> <span class='ocrx_word' id='word_1_527' title='bbox 1384 4723 1507 4782; x_wconf 83' lang='lat' dir='ltr'><strong>iuuenta</strong></span> <span class='ocrx_word' id='word_1_528' title='bbox 1532 4732 1639 4784; x_wconf 75' lang='lat' dir='ltr'><strong>mmoa</strong></span> <span class='ocrx_word' id='word_1_529' title='bbox 1763 4718 1764 4797; x_wconf 71' lang='lat' dir='ltr'>J</span> 
     </span>
     <span class='ocr_line' id='line_1_50' title="bbox 287 4804 1764 4887; baseline -0.003 -16"><span class='ocrx_word' id='word_1_530' title='bbox 287 4817 333 4871; x_wconf 89' lang='lat' dir='ltr'><strong>est</strong></span> <span class='ocrx_word' id='word_1_531' title='bbox 359 4817 389 4870; x_wconf 84' lang='lat' dir='ltr'><strong>et</strong></span> <span class='ocrx_word' id='word_1_532' title='bbox 415 4812 575 4870; x_wconf 87' lang='lat' dir='ltr'><strong>constituta</strong></span> <span class='ocrx_word' id='word_1_533' title='bbox 596 4806 666 4882; x_wconf 79' lang='lat' dir='ltr'><strong>illa,</strong></span> <span class='ocrx_word' id='word_1_534' title='bbox 694 4825 784 4883; x_wconf 88' lang='lat' dir='ltr'><strong>quem</strong></span> <span class='ocrx_word' id='word_1_535' title='bbox 804 4822 859 4865; x_wconf 88' lang='lat' dir='ltr'><strong>nos</strong></span> <span class='ocrx_word' id='word_1_536' title='bbox 882 4805 970 4867; x_wconf 85' lang='lat' dir='ltr'><strong>hodie</strong></span> <span class='ocrx_word' id='word_1_537' title='bbox 997 4807 1147 4884; x_wconf 84' lang='lat' dir='ltr'><strong>callemus,</strong></span> <span class='ocrx_word' id='word_1_538' title='bbox 1178 4825 1237 4868; x_wconf 89' lang='lat' dir='ltr'><strong>non</strong></span> <span class='ocrx_word' id='word_1_539' title='bbox 1260 4827 1279 4869; x_wconf 88' lang='lat' dir='ltr'><strong>a</strong></span> <span class='ocrx_word' id='word_1_540' title='bbox 1299 4808 1410 4887; x_wconf 79' lang='lat' dir='ltr'><strong>populo</strong></span> <span class='ocrx_word' id='word_1_541' title='bbox 1432 4809 1504 4884; x_wconf 78' lang='lat' dir='ltr'><strong>uer,</strong></span> <span class='ocrx_word' id='word_1_542' title='bbox 1536 4810 1594 4871; x_wconf 87' lang='lat' dir='ltr'><strong>sed</strong></span> <span class='ocrx_word' id='word_1_543' title='bbox 1619 4831 1640 4873; x_wconf 85' lang='lat' dir='ltr'><strong>a</strong></span> <span class='ocrx_word' id='word_1_544' title='bbox 1763 4804 1764 4849; x_wconf 35' lang='grc' dir='ltr'><strong>ἴ</strong></span> 
     </span>
    </p>
   </div>
   <div class='ocr_carea' id='block_1_8' title="bbox 288 4892 1642 4977">
    <p class='ocr_par' dir='ltr' id='par_1_9' title="bbox 288 4868 1764 4993">
     <span class='ocr_line' id='line_1_51' title="bbox 288 4892 1642 4977; baseline -0.001 -19"><span class='ocrx_word' id='word_1_545' title='bbox 288 4895 454 4974; x_wconf 81' lang='lat' dir='ltr'><strong>Chaldaeis,</strong></span> <span class='ocrx_word' id='word_1_546' title='bbox 475 4897 632 4977; x_wconf 74' lang='lat' dir='ltr'><strong>Aegyptiis</strong></span> <span class='ocrx_word' id='word_1_547' title='bbox 653 4901 684 4956; x_wconf 90' lang='lat' dir='ltr'><strong>et</strong></span> <span class='ocrx_word' id='word_1_548' title='bbox 698 4893 828 4956; x_wconf 79' lang='lat' dir='ltr'><strong>Graecia</strong></span> <span class='ocrx_word' id='word_1_549' title='bbox 872 4892 911 4953; x_wconf 85' lang='lat' dir='ltr'><strong>Et</strong></span> <span class='ocrx_word' id='word_1_550' title='bbox 932 4896 998 4971; x_wconf 87' lang='lat' dir='ltr'><strong>qnls</strong></span> <span class='ocrx_word' id='word_1_551' title='bbox 1018 4912 1070 4956; x_wconf 89' lang='lat' dir='ltr'><strong>ore</strong></span> <span class='ocrx_word' id='word_1_552' title='bbox 1090 4894 1165 4956; x_wconf 87' lang='lat' dir='ltr'><strong>duro</strong></span> <span class='ocrx_word' id='word_1_553' title='bbox 1180 4896 1311 4973; x_wconf 65' lang='lat' dir='ltr'><strong>mauis,</strong></span> <span class='ocrx_word' id='word_1_554' title='bbox 1332 4899 1423 4959; x_wconf 73' lang='lat' dir='ltr'><strong>edam</strong></span> <span class='ocrx_word' id='word_1_555' title='bbox 1444 4895 1506 4957; x_wconf 82' lang='lat' dir='ltr'><strong>illis</strong></span> <span class='ocrx_word' id='word_1_556' title='bbox 1527 4897 1642 4959; x_wconf 75' lang='grc' dir='ltr'>ἀαιαιιι</span> 
     </span>
    </p>
   </div>
   <div class='ocr_carea' id='block_1_9' title="bbox 0 0 1795 5625">
    <p class='ocr_par' dir='ltr' id='par_1_10' title="bbox 0 0 1795 5625">
     <span class='ocr_line' id='line_1_52' title="bbox 0 0 1795 5625; baseline 0 0"><span class='ocrx_word' id='word_1_557' title='bbox 0 0 1795 5625; x_wconf 95' lang='lat' dir='ltr'><strong> </strong></span> 
     </span>
    </p>
   </div>
  </div>
 </body>
</html>
