3567 5625
668 381 751 438 mter
766 380 815 436 n1.
835 381 924 451 oque
940 380 1014 437 vrn.
1126 437 1130 446 ,
1453 383 1515 444 att

155 556 340 627 ¹expressisse
363 556 448 625 mama
473 555 637 625 emphatice,
665 572 728 612 cum
753 555 803 610 eit:
834 571 962 612 nummos
980 556 1087 612 animae
1105 555 1258 611 mundanae
1283 555 1391 622 penitus
1416 554 1517 611 inditos
1606 582 1616 606 t

168 653 278 693 causam
300 639 431 706 praebere
449 643 477 690 et
490 636 617 690 mundani
635 644 725 691 motus
743 644 771 690 et
789 635 909 690 musicae
927 635 1117 691 continentiae.
1153 634 1221 687 Ioem
1245 631 1310 687 alibi
1327 632 1396 688 haec
1414 633 1442 687 in
1459 649 1518 687 eor·

170 731 235 784 pore
253 715 347 770 muudi
364 711 509 769 intervalla
526 729 587 769 esse
611 713 646 769 ad
664 714 810 783 imaginem
828 715 1010 770 contextionis
1029 715 1146 783 animae3
1165 712 1238 782 quod
1250 718 1341 767 temen
1359 714 1444 781 magis
1457 728 1517 781 per·

167 802 236 851 met
253 795 519 928 {wille-Etiam
543 874 570 926 in
589 872 709 927 secundo
732 871 785 926 hoc
802 880 961 940 argumento
985 870 1135 927 condensat
1153 870 1306 940 emphases.
1341 870 1412 924 Nam
1429 879 1457 924 et
1474 884 1517 924 or·

167 952 260 1006 dinata
282 951 444 1020 regularitas
469 952 595 1019 utrinque
618 951 770 1006 inculcatur
794 953 895 1019 obiter,
924 960 951 1007 et
974 950 1112 1006 circularis
1130 951 1262 1005 connexio
1287 948 1400 1019 prolixe.
1436 947 1516 1017 Dicit,

166 1029 238 1084 sicut
255 1030 389 1085 motiones
407 1029 541 1085 coelestes
560 1030 710 1097 (aethaeum
728 1041 819 1086 autem
837 1033 984 1094 circulum,
1008 1030 1059 1086 sub
1078 1046 1132 1098 quo
1150 1030 1213 1084 illac
1230 1027 1368 1095 incedunt,
1387 1025 1515 1082 subintel·

166 1107 268 1175 tellige)
286 1107 315 1162 iu
333 1123 363 1162 ee
379 1108 454 1177 ipsas
471 1106 590 1161 reflexae
607 1108 669 1176 sint,
689 1110 727 1165 sic
740 1110 821 1165 etiam
835 1111 864 1164 in
874 1117 1019 1179 systemate
1032 1110 1155 1179 perlecto
1169 1122 1299 1164 sonorum
1312 1106 1433 1161 ordinem
1450 1120 1515 1183 quo·

166 1185 309 1241 dammodo
326 1187 355 1241 in
374 1203 404 1241 se
420 1187 509 1256 ipsum
526 1186 622 1256 redire,
641 1206 695 1243 non
713 1197 804 1244 tamen
817 1188 977 1245 omnimode.

254 1267 327 1321 Nota
344 1267 378 1321 X.
413 1268 483 1322 Nam
501 1266 612 1336 planeta
630 1267 738 1335 quidem
763 1283 890 1324 emensus
916 1275 1003 1323 totum
1032 1266 1136 1322 zodiaci
1159 1267 1278 1335 spatium
1304 1266 1375 1320 redit
1398 1266 1427 1320 in
1449 1263 1517 1320 illud

167 1344 258 1414 ipsum
275 1353 416 1415 puuctum,
435 1345 485 1402 snb
504 1361 558 1415 quo
576 1347 737 1410 constiterat
754 1348 839 1417 initio,
857 1350 885 1402 et
902 1347 1003 1416 inipso
1016 1345 1127 1401 ruffiaco
1146 1344 1250 1400 initium
1269 1350 1296 1402 et
1309 1344 1370 1399 finis
1383 1349 1448 1399 sunt
1459 1343 1516 1397 uni·

167 1438 228 1476 cum
247 1430 275 1477 et
293 1424 374 1494 plene
391 1426 536 1481 identicnm
555 1432 701 1496 punctnm;
722 1434 751 1482 at
766 1428 795 1482 in
812 1426 887 1496 lyrae
906 1426 980 1482 sonis
997 1440 1087 1494 neque
1103 1425 1164 1480 loco
1186 1439 1275 1492 neque
1293 1430 1429 1494 potestate
1446 1423 1516 1478 idem

167 1502 250 1572 plane
269 1512 313 1559 est
330 1506 435 1560 initium
454 1521 516 1561 cnm
533 1505 595 1561 fine.
632 1506 756 1562 Chordce
773 1506 844 1561 enim
862 1505 1011 1575 parallelae
1029 1507 1101 1560 inter
1113 1519 1143 1559 se
1161 1510 1256 1560 tensae
1274 1509 1339 1558 sunt
1351 1503 1444 1559 ordine
1457 1516 1515 1565 sun,

166 1597 182 1635 a
201 1582 319 1637 sinistris
338 1583 373 1637 ed
393 1584 504 1640 dextras
523 1582 642 1639 velutin
659 1584 758 1640 bucam
775 1592 878 1640 rectam
890 1584 1064 1653 procedente,
1084 1582 1129 1638 uhi
1140 1580 1298 1651 longissime
1319 1581 1403 1635 distat
1413 1579 1515 1635 initium

168 1677 185 1714 a
203 1660 268 1717 fine.
305 1662 401 1718 Ordini
417 1663 548 1718 linearum
567 1671 718 1719 erectarum
736 1665 832 1719 tribuit
850 1663 951 1718 lineam
969 1661 1052 1718 veluti
1069 1668 1179 1727 rectem,
1202 1661 1266 1728 quia
1283 1659 1425 1716 intervalla
1442 1658 1516 1713 bina·

166 1756 225 1794 rnm
245 1749 274 1795 et
291 1741 414 1796 binarum
433 1742 569 1798 dimetitur
586 1743 678 1811 atqua
695 1753 782 1810 recta,
806 1759 903 1799 secans
921 1743 982 1797 illas
1005 1737 1272 1809 perpendiculariter.
1307 1736 1412 1792 Eodem
1436 1736 1516 1791 modo

167 1827 195 1873 ct
215 1820 322 1876 ratione
345 1822 502 1890 potestatis,
528 1823 636 1890 quando
662 1823 757 1892 incipit
783 1822 917 1891 plectrum
939 1836 956 1874 a
979 1835 1046 1874 sono
1071 1817 1229 1888 gravissimo
1253 1816 1403 1885 procedens
1421 1830 1515 1892 sersus

167 1898 315 1968 acutiores,
334 1916 390 1954 non
407 1900 478 1955 redit
495 1900 540 1955 ille
559 1901 653 1956 ordine
671 1900 706 1956 ad
723 1900 868 1971 pristinum
885 1897 1082 1972 gravissimum,
1101 1896 1150 1951 sed
1163 1895 1292 1950 continuo
1305 1893 1392 1949 tendit
1410 1894 1445 1950 ad
1456 1910 1517 1949 acu·

167 1975 264 2044 tiores,
289 1985 317 2032 et
338 1978 366 2032 in
387 1977 442 2032 fine
468 1980 622 2046 systematis
644 1978 767 2048 persenit
793 1979 827 2034 ad
852 1979 971 2033 omnium
996 1977 1189 2032 centesimum.
1232 1975 1310 2030 Hanc
1334 1973 1518 2029 diversitatem

166 2055 338 2111 musicalium
357 2073 374 2112 a
391 2058 555 2114 coelestibus
573 2058 676 2113 latetur
692 2058 873 2127 Ptolemaeus,
901 2058 954 2112 hoc
971 2064 1062 2112 tamen
1080 2072 1135 2110 non
1153 2055 1281 2110 obstante
1302 2053 1384 2109 alium
1402 2053 1519 2123 aliquem

167 2143 324 2201 respectum
341 2135 491 2192 identitatis
509 2137 625 2206 invenit,
651 2152 730 2204 quem
749 2144 889 2207 comparat
908 2153 970 2191 cnm
988 2133 1129 2204 identitate
1147 2133 1273 2203 principii
1298 2139 1326 2187 et
1343 2133 1405 2187 finis
1423 2132 1451 2186 in
1468 2132 1518 2187 cir·

167 2211 237 2267 culis
256 2219 285 2267 et
303 2215 467 2270 motionibus
485 2214 658 2273 coelestibus.
1560 2215 1563 2220 ’

257 2292 330 2346 Nota
348 2293 396 2348 Xl.
432 2294 459 2348 Is
478 2309 542 2350 vero
560 2305 701 2364 respectus
722 2311 777 2349 non
796 2303 839 2348 est
853 2293 940 2362 ipsius
958 2306 1008 2362 per
1026 2305 1056 2346 se
1078 2290 1210 2346 acuminis
1233 2297 1261 2344 et
1278 2289 1421 2359 gravitatis
1439 2303 1518 2344 sono-

164 2384 225 2422 rum
243 2371 308 2437 (etsi
325 2373 407 2426 etiam
424 2373 476 2429 hae
495 2381 559 2429 sunt
577 2374 744 2431 differentiae
763 2373 896 2442 quaedam
915 2369 1055 2442 generales
1073 2369 1234 2424 facultatum
1252 2369 1280 2422 iu
1298 2368 1390 2440 soum),
1411 2367 1522 2422 sedeat

165 2450 254 2518 primo
273 2452 441 2520 specialioris
464 2454 579 2524 alicujus
598 2470 726 2510 sonorum
744 2451 897 2519 facultatis,
924 2465 994 2519 qnae
1013 2453 1056 2504 est
1078 2463 1206 2503 sonorum
1229 2463 1263 2502 ex
1281 2443 1408 2515 opposito
1425 2443 1523 2499 identi-

166 2543 275 2597 eorum,
301 2545 364 2600 sen,
390 2540 421 2585 nt
438 2534 524 2588 nostri
542 2533 638 2588 musici
656 2531 810 2600 appellant,
832 2529 965 2597 diapason
983 2527 1152 2593 iacientium,
1180 2523 1299 2580 secundo
1318 2531 1361 2578 est
1378 2529 1520 2592 respectus

166 2606 248 2661 mam
267 2617 379 2667 mutuae
396 2612 563 2669 habitudinis
581 2628 718 2680 sonorum,
736 2625 807 2679 qnae
825 2609 937 2678 propria
955 2615 998 2662 est
1014 2607 1067 2661 illis
1081 2604 1156 2661 souis
1169 2602 1321 2671 quindecim
1333 2601 1361 2656 in
1373 2608 1520 2670 systemate

167 2685 302 2752 perlecto.
337 2691 407 2746 Nam
426 2694 489 2759 quia
506 2692 679 2747 Ptolemaeus
698 2689 794 2745 statuit
808 2695 912 2757 septem
926 2687 1031 2756 species
1044 2684 1185 2753 diapason,
1203 2680 1266 2735 illae
1276 2680 1304 2734 in
1318 2696 1372 2735 uno
1385 2687 1413 2734 et
1425 2679 1520 2734 eodem

168 2764 287 2834 simplici
305 2776 451 2838 systemate
469 2771 549 2827 nnius
567 2771 699 2841 diapason
716 2785 772 2826 non
790 2776 908 2839 possunt
925 2764 1041 2835 ostendi,
1060 2763 1112 2819 nisi
1125 2761 1240 2819 subinde
1258 2759 1374 2817 chordas
1388 2760 1446 2827 ejus
1459 2767 1520 2815 octo

169 2842 276 2911 aliquas
303 2847 381 2902 aliter
406 2856 488 2917 atque
509 2850 588 2905 aliter
605 2850 715 2919 tendas3
738 2858 767 2906 at
791 2849 814 2904 si
837 2849 890 2903 duo
909 2847 1040 2916 diapason
1065 2850 1214 2912 systemata
1238 2858 1299 2896 cum
1318 2840 1426 2895 chordis
1444 2837 1521 2906 quin-

169 2923 257 2978 decim
276 2925 485 2998 conjungantur,
503 2929 547 2983 hic
561 2929 619 2996 jam
637 2945 731 2985 omnes
749 2930 854 2999 species
874 2929 1005 2997 diapason
1024 2923 1160 2991 designari
1172 2927 1296 2991 possunt.
1334 2918 1401 2973 Vide
1414 2933 1448 2971 cx
1460 2931 1520 2969 mec

168 3001 235 3057 libro
254 3001 305 3056 111.
331 3021 389 3073 cap.
407 3008 447 3061 15,
483 3007 557 3077 Ergo
576 3010 600 3061 si
616 3009 732 3063 maxime
752 3009 810 3075 jam
828 3006 938 3061 tertium
963 3004 1170 3073 adjungeretur,
1194 3014 1249 3053 non
1273 2997 1336 3052 inde
1360 2996 1521 3052 elicerentur

167 3097 254 3136 norae
267 3082 379 3150 ¹aliquae
397 3085 502 3153 species
521 3085 606 3154 ipsius
627 3087 768 3156 diapason,
787 3085 836 3141 sed
854 3085 966 3139 eaedem
984 3097 1091 3150 rursus,
1111 3093 1181 3148 qnae
1198 3078 1301 3147 primae
1320 3080 1398 3131 erant
1414 3073 1443 3127 in
1460 3088 1521 3142 per·

168 3162 240 3217 lecto
260 3171 417 3232 systemate,
435 3164 621 3219 tantummodo
641 3165 690 3219 sub
709 3163 875 3220 acutioribus
895 3163 969 3217 souis
988 3157 1208 3227 comprehensae.
1244 3156 1281 3210 Et
1299 3155 1338 3208 sic
1356 3153 1462 3223 gemina
1479 3169 1521 3207 ra·

170 3244 243 3296 tione
262 3242 302 3305 fit,
323 3250 354 3296 ut
372 3243 453 3297 etiam
472 3245 499 3298 in
518 3251 664 3313 systemate
681 3244 803 3314 perlecto
823 3260 875 3297 vox
893 3243 921 3295 iu
934 3239 1063 3295 circulum
1077 3235 1273 3304 quodammodo
1286 3235 1388 3301 redeat,
1406 3232 1521 3302 primum

168 3322 273 3375 ratione
291 3338 387 3375 uocum
400 3322 574 3393 singularum,
594 3324 657 3392 quia
675 3331 819 3392 postquam
834 3321 888 3376 aG
907 3334 999 3374 omnes
1012 3318 1146 3372 diversum
1165 3313 1231 3383 quid
1249 3318 1405 3381 sonuerunt,
1427 3314 1523 3364 cetura

169 3399 277 3453 demum
293 3416 313 3470 9
330 3399 402 3454 idem
420 3400 618 3467 quodammodo
637 3412 716 3457 sonat
734 3420 795 3457 cum
815 3402 854 3469 G,
878 3401 1021 3455 etiterum
1046 3393 1217 3463 quindecima
1230 3409 1266 3463 99
1290 3391 1362 3444 idem
1381 3404 1442 3444 cum
1458 3406 1477 3458 9
1494 3394 1522 3442 et

168 3494 228 3533 cum
249 3478 286 3547 G,
306 3478 404 3534 deinde
422 3481 526 3536 ratione
545 3479 625 3534 seriei
642 3496 738 3535 vocum
757 3488 828 3547 octo,
847 3493 917 3546 quae
936 3475 1032 3543 series,
1051 3473 1074 3528 si
1092 3471 1202 3526 altiores
1221 3468 1386 3525 adderentur
1403 3464 1521 3555 chordae

169 3557 311 3626 systemati
328 3557 463 3629 perlecto,
488 3559 581 3614 eadem
600 3558 702 3614 rediret
708 3580 715 3630 ;
740 3576 794 3627 quo
814 3557 922 3615 nomine
940 3569 1033 3609 omnes
1052 3551 1158 3621 species
1177 3548 1308 3618 diapason
1325 3545 1359 3601 ab
1378 3560 1459 3634 nureo
1478 3558 1521 3611 sy·

168 3643 283 3689 stemate
300 3636 424 3704 perfecto
443 3636 616 3692 determinari
643 3636 716 3691 etin
734 3635 801 3691 illud
826 3632 975 3703 constringi
996 3639 1070 3687 recte
1088 3630 1222 3685 dicuntur.
1258 3628 1296 3682 Et
1319 3634 1349 3681 ut
1372 3625 1400 3678 in
1418 3621 1520 3678 circulo

167 3712 226 3766 sola
241 3713 380 3782 positione
399 3715 478 3770 datur
495 3716 673 3785 principium,
697 3732 752 3770 non
771 3716 853 3770 etiam
871 3720 980 3778 natura,
1003 3713 1043 3767 sic
1061 3712 1142 3765 ctiam
1164 3710 1192 3763 in
1210 3709 1263 3763 hoc
1287 3705 1411 3776 perlecto
1430 3707 1517 3771 syste-

167 3801 238 3847 mate
256 3796 414 3863 usuvenit,
437 3803 468 3851 nt
490 3798 560 3851 inter
584 3795 690 3851 infinita
714 3791 1063 3865 diapasonmnaquaelihet
1085 3791 1191 3845 illarum
1215 3787 1377 3843 chordarum
1403 3791 1521 3853 systema

166 3873 279 3942 incipiat
296 3887 384 3941 neque
402 3889 435 3928 ea
452 3883 557 3943 septem
583 3876 642 3943 ejus
663 3876 769 3945 species
789 3873 922 3943 diapason
942 3872 1020 3941 justu
1044 3871 1114 3927 serie
1132 3868 1246 3924 ordinet
1282 3864 1320 3919 Et
1342 3862 1471 3932 emplius,
1497 3860 1521 3914 si

166 3950 271 4020 lubeat,
295 3953 401 4021 specics
419 3953 467 4009 illa
485 3954 631 4024 diapason,
656 3970 726 4024 quae
745 3953 865 4008 tenditur
883 3951 918 4006 ah
936 3952 963 4005 A
981 3950 1009 4005 in
1026 3967 1053 4019 a,
1072 3954 1163 4018 potest
1182 3945 1263 3999 etiam
1281 3943 1364 4012 incipi
1383 3944 1417 3997 ab
1437 3959 1468 4011 c,
1493 3948 1521 4030 et

168 4031 279 4085 extendi
302 4048 352 4100 per
370 4032 444 4088 locos
463 4034 557 4089 ordine
576 4034 754 4089 succedentes
777 4034 851 4088 ultra
869 4030 1024 4102 supremam
1042 4027 1171 4084 chordam
1187 4042 1236 4097 99,
1262 4023 1390 4091 quodque
1414 4018 1521 4075 excedit

167 4118 236 4173 (cum
255 4127 310 4165 nou
328 4121 490 4182 prorogetur
509 4120 629 4185 systema
646 4112 798 4182 perlectum
816 4127 905 4179 usque
923 4110 950 4164 in
969 4118 1014 4166 aa)
1032 4112 1124 4177 potest
1142 4105 1177 4160 ab
1195 4102 1273 4171 intra,
1292 4101 1385 4157 aGiu
1397 4100 1425 4154 A
1442 4099 1519 4165 addi;

166 4190 217 4243 erit
242 4191 314 4245 enim
332 4192 425 4247 eadem
444 4194 549 4263 species
572 4198 709 4263 potestate
732 4190 950 4257 intervallorum,
978 4186 1090 4257 perinde
1114 4182 1192 4237 acsi
1216 4195 1344 4249 suprema
1360 4197 1379 4251 9
1395 4175 1439 4232 vel
1455 4176 1520 4231 der-

164 4268 232 4326 tima
247 4288 284 4342 99
297 4271 394 4340 juncta
412 4280 486 4328 esset
503 4274 573 4328 imae
590 4270 633 4326 rel
652 4270 801 4325 sinistimae
821 4271 858 4332 G,
877 4276 908 4324 ut
922 4270 980 4335 jam
997 4264 1130 4335 sequitur.

252 4366 326 4423 Nota
343 4371 404 4427 XII.
440 4371 551 4426 Zodinci
572 4369 735 4440 principium
756 4374 800 4431 est
822 4373 954 4436 punctum
977 4357 1175 4431 aequinoctiale
1197 4373 1309 4411 vernum
1336 4371 1385 4410 seu
1411 4354 1516 4409 initium

165 4446 281 4519 Arietis,
306 4458 335 4507 et
356 4451 409 4505 hoc
435 4451 521 4507 nohis.
558 4452 595 4504 At
621 4448 680 4515 ejus
698 4446 759 4502 loco
783 4449 811 4501 in
836 4446 912 4500 zonis
925 4440 1145 4498 meridionalibns
1168 4445 1210 4492 est
1227 4436 1389 4506 principium
1411 4433 1519 4493 Librae,

165 4528 243 4584 Haec
260 4537 364 4602 puncta
381 4530 434 4586 etsi
456 4537 554 4585 natura
575 4534 697 4583 motuum
721 4532 867 4594 monstrat,
894 4532 994 4578 utnon
1017 4535 1066 4589 pro
1084 4517 1244 4575 necessariis
1259 4514 1363 4570 zodiaci
1381 4512 1520 4584 principiis

164 4611 295 4677 obtrudit,
314 4626 457 4681 possemus
475 4610 547 4665 enirn
564 4608 637 4662 illam
655 4609 736 4661 etiam
755 4605 864 4661 aliunde
882 4603 1016 4671 incipere,
1041 4599 1139 4654 honam
1157 4597 1290 4651 rationem
1308 4594 1403 4650 secuti.
1440 4591 1519 4647 Valet

163 4690 248 4758 igitur
265 4691 318 4747 hoc
335 4690 443 4746 initium
460 4689 546 4758 thesi,
570 4689 609 4743 sie
626 4695 729 4754 tamem
755 4695 785 4742 ut
803 4686 872 4741 haec
888 4683 988 4755 positio
1012 4693 1108 4736 causas
1126 4674 1281 4765 probabiles
1307 4679 1440 4766 enatura
1461 4687 1518 4763 mu·

162 4776 268 4827 tuetur.
304 4772 334 4826 Si
352 4787 429 4841 ergo,
447 4769 550 4838 inquit,
573 4767 601 4822 in
620 4771 767 4834 systemate
783 4764 908 4833 perlecto
925 4775 1000 4817 mese
1017 4754 1176 4826 aequalibus
1194 4752 1343 4807 intervallis
1361 4758 1465 4842 remota
1483 4758 1519 4813 sut

164 4858 196 4908 et
212 4866 231 4906 a
245 4849 517 4921 proslambanomene
536 4854 565 4902 et
581 4862 598 4903 a
614 4852 687 4914 nete,
705 4849 733 4898 et
750 4841 774 4898 si
792 4841 910 4899 circulus
927 4838 1054 4896 zodiacus
1072 4836 1101 4892 in
1117 4833 1228 4905 longum
1240 4838 1379 4904 exmnsus,
1397 4837 1518 4893 saccone
