3567 5625
705 461 911 523 aucmenta
1437 461 1479 531 ii

146 644 266 708 ciendae
286 646 380 707 unias.
431 642 739 724 (iumitsquesactiu
760 643 812 706 illa
833 641 930 707 eain
951 641 1043 705 alteru
1065 645 1195 705 ammo
1218 641 1307 720 n‚0
1336 639 1479 726 diocesi,

145 750 204 795 cum
231 733 307 794 fides
334 736 446 811 magra
475 732 546 811 est),
580 740 648 794 tuuc
677 737 723 793 est
753 731 884 810 ejusdem
915 729 953 791 ad
982 747 1015 793 se
1043 732 1139 811 ipsum
1166 731 1251 810 logos
1282 732 1479 809 aequalitatis,

144 824 263 883 mierms
278 823 442 883 unicum
476 820 517 881 At
538 838 604 881 cum
625 828 671 882 cat
690 821 783 881 sectio
804 822 836 880 in
850 820 875 879 Β
890 819 1057 893 medietate,
1079 821 1228 899 portiones
1242 818 1316 879 dunt
1329 820 1479 898 aequales.

145 910 187 971 Aa
207 909 264 970 hue
283 909 434 989 punctuli
455 910 486 968 in
507 916 601 970 utram
623 908 695 970 uelis
717 915 829 989 partem
850 909 942 969 sectio
963 907 1106 983 ambulet,
1135 923 1249 987 semper
1270 907 1363 970 altera
1383 909 1479 989 portio

144 1000 232 1059 mium
258 1000 315 1059 erit
343 997 516 1073 medietate,
538 995 628 1059 altera
655 997 757 1074 majnr.
801 995 851 1057 Sic
878 997 978 1073 itaqua
1007 1013 1120 1075 semper
1147 1014 1184 1057 ax
1212 995 1305 1056 tribus
1334 999 1364 1057 in
1392 995 1481 1079 piena

144 1085 321 1166 supplicibus
341 1086 501 1146 harmoniis
521 1101 582 1146 uua
603 1093 648 1146 est
668 1088 743 1145 inita
765 1093 910 1161 octauam,
932 1100 992 1145 uua
1013 1093 1096 1146 extra
1117 1090 1147 1145 et
1167 1097 1263 1163 supra

243 1171 334 1251 Quod
354 1172 441 1233 Phile
463 1180 493 1234 et
512 1172 697 1234 Ptolemaeus
719 1179 863 1250 quartam·
872 1172 973 1233 dicunt
992 1185 1133 1252 prumam,
1156 1171 1298 1234 Boethius
1319 1172 1477 1247 minimam,

144 1261 171 1320 id
191 1261 238 1322 rel
259 1261 331 1323 ideo
352 1261 401 1333 dt,
423 1263 493 1338 quia
513 1259 550 1323 de
570 1262 703 1341 periectis
724 1261 897 1338 loquuntur,
919 1260 968 1321 vel
990 1263 1060 1338 quia
1082 1268 1211 1321 emerunt
1231 1261 1262 1319 in
1283 1258 1480 1321 adstructioue

144 1353 279 1410 tonorum.
327 1348 437 1409 Verum
468 1349 545 1411 emm
573 1357 633 1422 cst,
667 1347 740 1410 duca
767 1366 891 1428 magnus
921 1355 1007 1409 tonos
1030 1346 1052 1434 ξ
1073 1364 1132 1409 nnn
1153 1349 1247 1410 iacere
1268 1350 1397 1421 tertiam,
1426 1345 1479 1408 aed

144 1436 210 1517 plm.
247 1436 309 1498 Sed
333 1436 430 1508 video,
451 1438 505 1498 tibi
525 1433 712 1498 Ptolemaeae
733 1439 858 1498 musices
880 1452 946 1497 esse
968 1439 1092 1518 cupiam.
1126 1434 1239 1513 Quodsi
1259 1436 1334 1498 iiber
1354 1449 1412 1496 neu
1435 1439 1481 1496 eat

144 1542 258 1603 magum
282 1530 315 1585 et
337 1541 478 1585 eumenus
499 1526 615 1598 nuncio,
638 1541 705 1585 eum
725 1525 824 1586 videre
846 1527 943 1603 cupio.

238 1613 366 1673 Aurium
382 1612 526 1689 judicium
547 1612 653 1691 duplex
676 1619 735 1685 est,
756 1613 893 1690 mauide
922 1611 958 1674 da
987 1610 1242 1690 qualibuscunque
1268 1609 1427 1671 hamoniis
1450 1615 1480 1671 et

143 1698 260 1777 speciale
283 1717 352 1761 em
375 1699 527 1779 uoluptate
548 1699 587 1760 de
608 1702 748 1761 suavibus
769 1702 936 1762 harmoniis.
964 1699 1006 1759 At
1027 1700 1094 1781 plus
1116 1700 1206 1761 distat
1227 1693 1351 1779 eppone
1371 1702 1480 1777 impet·

143 1785 211 1848 iacta
230 1795 260 1850 et
280 1789 417 1848 insuavis
437 1789 476 1848 ab
498 1784 670 1868 dscppcusq
692 1789 912 1850 concinnatione
932 1803 1047 1864 uocum,
1071 1783 1298 1869 quam-ippum
1310 1787 1480 1867 imperieeta

143 1874 303 1954 aperiecta
326 1882 356 1937 et
376 1877 471 1936 suavi.
508 1876 605 1937 Voces
628 1879 705 1938 enim
725 1894 782 1939 uon
805 1885 943 1938 coeuntes
966 1875 1086 1937 laedunt
1107 1894 1201 1938 aures.
1244 1874 1283 1935 Et
1303 1877 1479 1955 memineris,

142 1979 186 2023 me
201 1963 284 2041 ioqui
306 1980 369 2024 nun
389 1962 427 2025 de
448 1965 583 2043 practicis
603 1965 762 2025 humentis
791 1966 879 2046 (quae
902 1966 982 2024 uarie
1004 1961 1200 2045 disputantur)
1227 1961 1339 2024 cedde
1361 1962 1480 2024 theore-

142 2052 209 2111 licis
249 2052 473 2118 Porroaeataa
494 2053 536 2112 aii
558 2051 673 2114 &icius
691 2067 796 2113 sonare
817 2069 906 2130 quan
935 2054 1104 2130 septimam,
1135 2051 1167 2111 id
1188 2057 1292 2112 muna
1309 2065 1429 2112 smum
1450 2056 1481 2112 et

144 2137 415 2200 lanoucattuucm
436 2148 497 2212 sat,
518 2148 552 2200 ut
572 2141 597 2200 si
620 2139 717 2212 dicas,
740 2143 815 2200 lucu
834 2155 954 2218 ugrum
977 2147 1007 2200 et
1028 2148 1173 2200 munuum
1194 2137 1267 2198 uilsll
1288 2140 1436 2199 interesse.

236 2227 422 2306 aspectuum
443 2227 588 2290 efficaciae
609 2227 697 2290 fldem
716 2229 810 2309 prima
831 2227 969 2289 conciliet
990 2229 1181 2306 experientia,
1205 2241 1281 2305 quae
1303 2223 1378 2287 adeo
1401 2225 1481 2286 clara

143 2311 193 2393 att
221 2322 255 2375 ut
278 2332 347 2378 earn
368 2332 427 2375 nun
449 2317 542 2394 possit
568 2332 693 2394 negare,
722 2317 778 2376 nisi
807 2318 858 2393 qul
888 2312 1033 2395 circumc
1062 2333 1120 2378 non
1142 2316 1205 2377 init
1249 2311 1309 2376 Sed
1331 2312 1480 2392 distinguo

142 2402 209 2462 ister
228 2420 330 2481 apere,
352 2403 465 2464 fortiter
487 2420 573 2480 apere
595 2413 626 2466 et
645 2405 731 2465 aliter
751 2422 848 2481 apere.
879 2406 915 2465 Iu
938 2402 1080 2482 qualitate
1094 2403 1481 2492 quantumquantum

143 2497 189 2562 ott,
209 2508 262 2568 pro
276 2489 452 2552 habitudine
466 2491 600 2567 satiem,
623 2493 652 2550 iu
667 2494 830 2568 quantitate
844 2500 875 2552 et
888 2493 1011 2554 vertute
1032 2509 1140 2569 magua
1161 2488 1312 2552 certitudo.
1351 2487 1479 2566 Quaeso,

143 2575 324 2639 iouuitumne
353 2585 413 2654 eat,
443 2573 645 2659 qucd’Aprili
674 2585 738 2639 tntu
769 2577 887 2640 insolita
915 2581 971 2641 init
1000 2581 1129 2655 siccitas,
1165 2577 1217 2639 Sci
1248 2577 1369 2652 rubeus,
1400 2574 1480 2637 celer

145 2664 250 2726 munita
272 2665 432 2752 pollentior
452 2670 558 2729 virtute
581 2667 680 2727 emnia
708 2676 922 2748 corrumpente,
952 2685 1041 2748 qnam
1071 2676 1190 2729 externa
1218 2663 1339 2746 speciei
1374 2657 1479 2724 Nonne

144 2752 315 2830 quadratura
334 2754 391 2815 tuit
410 2752 528 2816 Saturni
549 2759 579 2816 et
599 2752 686 2816 iovis
717 2754 873 2817 diuturna?
917 2756 954 2817 Et
977 2756 1047 2835 quid
1070 2763 1128 2835 est,
1160 2752 1240 2833 quod
1272 2754 1348 2814 circa
1373 2752 1479 2813 testum

144 2838 241 2905 Jacobi
264 2850 332 2903 tcta
352 2842 411 2905 iere
434 2842 531 2922 Styria
554 2842 748 2923 dysenteriam
770 2845 860 2905 sensit
882 2842 1107 2906 creberrimam?
1129 2840 1206 2920 Quia
1219 2858 1324 2921 nempe
1338 2841 1484 2901 materiae

140 2927 195 3002 jnm
215 2930 378 3011 dispositae
399 2939 635 3010 supervenerunt,
657 2932 750 3011 primo
773 2931 904 3011 quintilis
925 2932 1042 2994 Saturni
1065 2940 1095 2995 et
1108 2930 1204 3007 invia,
1227 2928 1295 2991 iude
1317 2927 1479 3006 triangulus

143 3013 252 3077 Saturni
284 3026 317 3080 et
345 3018 458 3078 Martis.
511 3018 703 3081 comantem
725 3030 860 3099 aspectus
884 3022 923 3080 sit
943 3020 1069 3096 schesis,
1098 3020 1209 3081 schesis
1231 3034 1301 3079 vern
1323 3014 1427 3078 relatio
1449 3021 1480 3075 et

142 3104 309 3167 relationum
330 3105 548 3167 tundamentum
570 3110 765 3184 quantitatum
787 3125 932 3183 excessus,
952 3108 1017 3185 jure
1040 3109 1128 3186 igitur
1149 3109 1238 3170 etiam
1258 3106 1290 3167 iu
1311 3103 1479 3182 aspectibus

141 3189 167 3250 id
185 3201 294 3254 natura
314 3191 435 3255 habebit
454 3210 507 3274 pro
530 3197 651 3270 eximin,
674 3192 754 3274 quud
775 3198 804 3256 iu
829 3198 921 3279 loyca
941 3198 1133 3274 geometricis.

234 3280 391 3343 Hactenus
412 3282 600 3362 pugnandum
619 3282 691 3343 mihi
711 3284 780 3360 init,
800 3283 865 3359 jam
886 3292 971 3346 crunt
991 3288 1080 3345 etiam
1102 3279 1261 3363 ejicienda,
1283 3296 1360 3359 quae
1382 3278 1476 3354 affara,

141 3367 253 3430 auxilia
310 3366 379 3429 dam
401 3371 454 3430 tibi
477 3372 554 3453 loyes
575 3372 743 3448 geometrici
765 3371 895 3433 iecerunt
917 3374 1082 3449 opinionem
1104 3372 1141 3432 de
1163 3369 1278 3431 occulta
1299 3369 1479 3449 praestantia

141 3458 294 3533 septenarii
314 3458 529 3535 suspicarisque
552 3457 588 3519 de
609 3458 711 3519 ecdem
732 3458 915 3537 planetarum
937 3476 1066 3522 numero.
1115 3459 1180 3536 Ego
1202 3473 1273 3516 vern
1295 3473 1332 3516 ex
1353 3456 1480 3534 mystica

141 3559 323 3605 numerorum
351 3544 423 3604 nihil
452 3545 575 3623 probare
606 3545 689 3620 volu,
718 3562 773 3607 nec
799 3555 871 3626 pute
899 3564 995 3628 posse.
1044 3547 1089 3608 Ex
1115 3545 1357 3624 geometricorum
1383 3556 1478 3602 rerum

140 3632 298 3709 testudine
335 3630 371 3694 da
407 3634 577 3711 corporibus
619 3631 747 3712 deputo.
808 3635 848 3694 iit
883 3637 910 3694 si
944 3636 1061 3712 quaeris
1096 3648 1249 3695 numam
1282 3630 1476 3710 planetarum,

141 3734 224 3795 quare
246 3721 299 3780 iric
320 3722 366 3795 sit,
388 3737 447 3780 non
467 3719 552 3795 alius,
575 3736 641 3781 enm
663 3736 720 3799 ego
741 3718 844 3782 uideor
863 3724 894 3782 iu
916 3721 1017 3783 libello
1038 3739 1104 3784 meu
1126 3720 1332 3800 penieetissime
1355 3717 1480 3778 mnan·

140 3812 253 3883 amase,
278 3815 312 3867 ut
333 3823 418 3870 neme
439 3809 577 3888 ambigat,
599 3810 649 3885 qui
670 3825 730 3871 unu
753 3808 876 3889 ambigit
898 3808 997 3871 Solem
1019 3817 1111 3884 stare,
1134 3808 1253 3871 Terram
1274 3809 1395 3868 moveri.
1430 3805 1477 3866 De
1548 3848 1563 3877 ,

140 3891 199 3955 lixis
222 3910 295 3957 seso
316 3894 397 3959 aliud
420 3894 514 3958 dicere
536 3913 595 3956 uun
616 3913 744 3975 possum,
767 3914 858 3974 quam
878 3895 1007 3963 diruam
1029 3915 1094 3978 cap.
1110 3898 1139 3963 i.
1162 3894 1255 3961 linsiit
1270 3897 1337 3957 mei
1365 3892 1479 3959 tonan

141 3985 212 4043 cuim
232 3990 319 4044 taam
338 3983 425 4045 nobis
445 3983 540 4045 adhuc
561 3986 647 4063 eopia
667 3992 799 4064 superest
820 3984 1078 4049 Archimedem
1103 3993 1133 4047 et
1154 3984 1393 4046 undatim
1411 3997 1479 4042 cer·

140 4086 247 4148 porum,
271 4078 306 4130 ut
325 4072 436 4131 numeri
457 4074 598 4133 tationem
619 4073 692 4133 inire
713 4071 780 4133 iude
802 4077 923 4152 possint,
946 4075 971 4133 si
985 4076 1065 4152 prius
1085 4080 1255 4153 numeratae
1273 4078 1342 4132 actu
1362 4070 1477 4130 inerim

141 4156 178 4217 At
198 4157 339 4239 quamdiu
361 4182 396 4220 sc
418 4152 463 4221 dn
483 4159 563 4236 latet,
587 4182 620 4221 co
643 4165 716 4221 duur
736 4160 858 4222 ridicula
879 4163 1055 4239 quaerimus.

238 4245 334 4324 Quas
355 4245 474 4323 medum
494 4266 558 4311 sora
572 4246 695 4309 advena
709 4251 822 4326 premit,
846 4257 877 4313 ut
890 4246 1099 4329 promotuum
1120 4254 1173 4309 tua
1193 4242 1381 4323 initiandis
1402 4243 1477 4307 uncis

141 4333 243 4397 studiis
264 4337 310 4395 uti
328 4352 480 4412 nequeam.
524 4335 641 4411 Scribis,
664 4342 694 4396 tc
714 4338 828 4407 mttere
850 4337 998 4415 aramma
1018 4336 1167 4416 'lycaonis
1188 4331 1404 4414 Epistolammr
1436 4330 1479 4391 lit

141 4416 202 4482 aaa
230 4422 300 4484 iibri
325 4432 453 4485 mato
475 4432 643 4501 ommate
664 4425 778 4504 scapio
799 4423 897 4485 (lavit
918 4424 1116 4486 imodostm
1138 4428 1169 4484 et
1189 4418 1348 4498 murgam,
1378 4418 1477 4493 uragu

141 4506 401 4587 Iamdudum,
437 4528 533 4572 messa
566 4513 696 4589 gentium
729 4511 908 4574 Damasecul
941 4520 971 4573 et
1001 4509 1187 4572 Heraclidam
1218 4508 1388 4580 Postieumq
1425 4504 1477 4563 siu

143 4593 311 4675 numu,
340 4604 378 4659 du
407 4603 506 4659 statim
531 4601 720 4674 remitterem,
751 4599 898 4685 uidebaris
919 4599 976 4661 hoe
1003 4598 1102 4661 tinello
1125 4599 1256 4670 dum,
1285 4594 1475 4670 mutium,

144 4688 299 4746 mudum
320 4686 501 4749 incommode
523 4702 629 4749 carere.
673 4685 715 4746 At
742 4695 857 4762 conda,
888 4704 938 4748 cur
964 4687 1069 4748 matra
1096 4692 1211 4765 paterer
1238 4687 1389 4742 oneratum
1411 4697 1475 4741 esse

145 4772 336 4848 bledanum,
367 4778 437 4852 quin
468 4777 565 4857 petius
597 4772 762 4836 evomerem
794 4774 901 4836 librum
933 4792 992 4836 uon
1025 4780 1111 4836 antea
1142 4770 1263 4832 vnum?
1298 4767 1476 4830 Ocmsiuues

144 4860 303 4922 menet
324 4863 449 4924 emesae
492 4863 600 4941 Itaque
618 4862 690 4924 uicit
711 4864 871 4941 tentantia,
900 4871 935 4925 ut
954 4865 1107 4925 retinerem
1126 4858 1234 4921 durum
1254 4860 1379 4935 interea,
1406 4857 1476 4918 dum

145 4946 216 5009 redit
235 4951 367 5012 mucius.
411 4949 448 5012 ld
465 4952 493 5013 si
512 4950 669 5014 metuam
688 4950 746 5013 nat
764 4960 825 5030 est,
848 4954 969 5033 lgncme
989 4953 1102 5031 ignaua.
1205 4972 1207 4981 ⁴
