3567 5625
554 381 733 478 Harmouicis.
770 422 852 479 Liber
865 422 913 478 111.
933 424 1020 491 Caput
1039 424 1075 480 X.
1298 427 1300 434 '
1429 428 1488 489 169

135 597 178 654 sin
200 603 300 655 antem
321 598 426 658 musici
455 600 510 678 ipsi
533 608 646 677 ponunt
668 607 780 662 tantum
803 604 878 663 iuter
907 603 943 676 b,
975 601 1044 680 bet
1068 605 1143 664 inter
1166 602 1220 680 dp,
1255 620 1279 660 e.
1326 600 1418 680 Igitur
1441 601 1490 662 vel
1550 639 1553 644 ι

137 686 205 758 ipsis
229 687 374 760 organicis
397 689 624 747 assentientibus
655 689 702 748 vel
725 707 744 749 a
767 690 798 748 D
827 690 876 749 vel
900 708 919 749 a
944 687 971 750 G
993 698 1123 769 systema
1155 696 1286 750 nostrum
1316 707 1490 768 consurgere

137 771 235 842 debet,
262 779 294 830 ut
316 774 493 849 exprimatur
515 793 624 835 merum
646 785 776 854 systema
798 777 940 837 naturale.
1123 781 1128 784 “

221 858 261 916 At
283 877 378 936 neque
400 877 419 919 a
440 861 473 919 D
494 871 622 940 systema
645 864 776 924 naturale
799 867 924 942 incipere
947 871 1053 942 potest.
1099 865 1152 925 Est
1167 866 1244 924 culm
1267 865 1339 941 ipsis
1362 865 1392 923 in
1407 882 1488 925 more

136 947 276 1021 positum,
300 950 485 1008 semitonium
507 967 615 1027 ponere
639 944 770 1024 interd,
795 952 848 1029 dp,
874 955 906 1014 in
928 969 993 1013 meo
1016 969 1086 1012 vero
1109 951 1236 1013 naturali
1259 959 1418 1030 systemate
1443 960 1514 1016 cot

138 1036 193 1092 imo
216 1033 283 1094 loco
306 1035 433 1110 lemma,
458 1036 536 1113 quod
559 1040 655 1098 miuus
678 1047 723 1100 est
745 1041 911 1100 semitonio.

265 1150 369 1199 system·
383 1155 493 1196 naturale.
568 1173 571 1180 ·
650 1157 808 1208 'transpositio
822 1159 914 1210 rojecta.
1073 1158 1231 1210 Troutposltlo
1245 1157 1291 1198 alls
1304 1155 1395 1209 relecto.

42 1427 46 1432 ,
139 1250 1488 1440 Qfflfflr

713 1695 854 1766 CAPUT
881 1694 920 1765 X.

260 1837 312 1890 De
330 1837 576 1895 Tetroobordis
594 1846 628 1894 et
646 1856 710 1897 usu
728 1823 941 1912 syllabarum
958 1847 1014 1909 nt,
1032 1855 1079 1908 re,
1098 1841 1157 1909 nri,
1176 1841 1229 1909 ss,
1247 1840 1313 1908 sol,
1330 1840 1373 1897 lo.

224 2015 382 2076 Veteribus
406 2021 544 2080 usitatum
567 2027 638 2094 erat,
661 2027 790 2098 systema
813 2028 937 2081 octavae
960 2018 1140 2095 distinguere
1163 2018 1192 2075 iu
1216 2015 1275 2075 duo
1298 2015 1493 2088 tetrachorda,

144 2102 226 2178 idque
256 2103 453 2166 diversimode
480 2124 533 2184 pro
562 2107 681 2170 diversa
706 2111 866 2168 intentione
894 2109 1081 2166 musicorum.
1134 2103 1190 2165 Vel
1223 2105 1300 2164 euim
1340 2099 1497 2181 conjuncta

143 2199 229 2264 erant,
254 2209 444 2269 synemmena
466 2193 560 2269 dicta,
584 2211 642 2253 uno
664 2212 737 2254 sono
760 2194 931 2255 intermedio
955 2201 1082 2268 statuto,
1106 2193 1156 2268 qui
1179 2199 1296 2252 etcum
1317 2194 1494 2267 gravissimo

143 2278 211 2336 intra
233 2287 265 2337 et
287 2296 354 2338 cum
376 2283 545 2342 acutissimo
567 2299 656 2360 supra
678 2282 824 2344 efficiebat
847 2284 1045 2356 diatessaron,
1075 2280 1177 2356 itaque
1206 2287 1353 2339 extremas
1385 2278 1495 2339 elfioie-

144 2364 210 2424 bant
231 2366 418 2427 intervallum
440 2369 599 2444 dissonum,
624 2370 752 2447 dihepta‚
777 2378 806 2431 et
828 2389 918 2448 supra
940 2379 1027 2430 tonus
1047 2385 1121 2428 unus
1144 2367 1421 2442 subintelligebatur
1442 2383 1496 2426 ac·

145 2451 258 2529 oedere3
289 2457 403 2531 quoties
425 2459 502 2517 enim
526 2457 596 2517 ordo
619 2457 789 2534 postulabat
816 2460 934 2537 pulsare
963 2464 1100 2518 octavam
1123 2475 1160 2529 o,
1189 2452 1350 2531 pulsabant
1371 2456 1496 2530 primam

145 2542 184 2612 A,
207 2543 293 2615 quasi
317 2560 352 2601 ex
376 2548 510 2620 opposito
534 2545 692 2604 identioum
714 2562 818 2605 sonum
841 2547 985 2620 edentem,
1009 2543 1182 2624 dssrpmroe.
1228 2540 1295 2601 Hoc
1317 2549 1404 2620 pecto
1436 2557 1495 2600 non

146 2643 208 2685 vere
231 2626 290 2686 duo
313 2631 497 2691 tetrachorda
520 2643 610 2705 erent,
634 2632 685 2691 sed
709 2633 766 2693 duo
790 2634 907 2710 quidem
925 2632 1105 2693 diatessaron
1121 2628 1286 2703 intervalla,
1310 2645 1402 2688 unum
1426 2646 1496 2687 vero

145 2713 388 2794 heptachordum
416 2720 464 2779 vel
487 2719 634 2796 disjuncta
656 2727 737 2780 erant
766 2721 952 2782 tetrachorda
980 2718 1136 2780 intervallo
1165 2720 1252 2777 unius
1276 2719 1337 2776 toni
1368 2716 1496 2794 majoris,
1588 2785 1594 2792 ¹
1665 2697 1671 2706 ⁴

144 2799 352 2880 diezeugmena
374 2804 468 2881 dicta,
493 2807 571 2885 quod
594 2826 689 2867 rerum
711 2815 816 2869 natura
839 2811 946 2870 suadet
968 2812 1057 2869 etism
1084 2808 1114 2865 in
1137 2813 1237 2866 nostra
1259 2806 1427 2884 systematis
1451 2804 1498 2863 di-

146 2892 266 2966 visione,
289 2894 321 2951 in
343 2912 402 2971 qua
422 2896 542 2956 interius
565 2894 779 2955 tetrachordum
802 2898 892 2958 habet
918 2894 953 2971 G,
977 2900 1011 2970 A,
1035 2894 1062 2979 i),
1085 2911 1109 2967 ο,
1132 2895 1267 2972 ruperint
1289 2893 1318 2967 d,
1341 2911 1374 2967 e,
1395 2893 1445 2970 (dr
1467 2891 1497 2968 εὗ

145 2978 193 3035 nbi
223 2980 298 3038 iuter
320 2998 335 3040 c
358 2983 430 3042 etd
460 2992 547 3042 tonus
574 2983 669 3060 major
690 2985 817 3044 interest.
863 2986 1011 3045 Fortassis
1034 2986 1098 3063 ipso
1131 2985 1221 3042 ctiam
1243 2982 1302 3041 situ
1334 2980 1498 3057 disjunctas

145 3074 225 3124 erent
247 3074 373 3143 quatuor
394 3073 470 3130 imae
493 3069 619 3132 chordae
642 3090 660 3131 a
684 3079 810 3148 quatuor
832 3073 1042 3149 superioribus,
1064 3069 1165 3131 relicto
1188 3087 1229 3130 sc.
1253 3069 1409 3129 interstitio
1432 3085 1497 3127 ma·
1529 3073 1534 3083 ’
1607 3144 1612 3157 ἢ

141 3151 197 3225 jori
221 3154 295 3214 inter
316 3155 401 3239 hines
423 3157 596 3218 limitaneas.

330 3311 494 3367 ‘Tetrachorda
507 3324 657 3361 synemmena.
892 3312 1048 3353 Tetrachorda
1062 3284 1230 3361 hoseumont.
1445 3316 1450 3325 '

232 3392 894 3562 fflsfffflffi—
931 3388 1400 3547 -εῖαΐξῧὲἓέ
1516 3538 1518 3541 ,

233 3634 330 3693 Causa
353 3632 424 3707 ipsis
447 3632 595 3709 cogitandi
625 3632 842 3713 dexsystemate
864 3630 1040 3691 tetrachordi
1062 3631 1116 3690 luit
1142 3634 1215 3705 istc,
1245 3629 1325 3707 quod
1348 3628 1498 3704 videbant,

140 3726 169 3780 in
196 3740 258 3781 uua
279 3721 461 3780 diatesseron
484 3724 675 3781 consonantia
698 3738 764 3781 esse
787 3728 872 3779 tonos
895 3717 970 3777 duos
991 3721 1089 3791 semis,
1114 3726 1143 3779 et
1158 3735 1211 3778 nos
1233 3716 1376 3779 habemus
1397 3725 1501 3778 tonum

141 3809 294 3886 majorem,
317 3809 458 3867 minorem
482 3816 511 3868 et
533 3811 718 3868 semitonium
742 3810 771 3866 in
794 3805 975 3869 diatessaron
998 3806 1136 3883 perlecto.
1160 3808 1190 3865 in
1210 3805 1418 3868 concordantia
1440 3807 1500 3865 sci·
1560 3876 1565 3883 ,
1592 3868 1596 3875 ,

142 3899 216 3957 licet
238 3898 341 3955 minori
365 3890 448 3975 (nam
472 3892 511 3977 *κδ
534 3905 564 3956 et
586 3893 629 3979 ⁵!ss
652 3914 690 3955 ne
713 3894 831 3972 quidem
860 3911 914 3972 pro
937 3894 1151 3954 concordantiis
1173 3894 1372 3968 habebantur)
1403 3895 1502 3953 omnia

139 3986 289 4045 elementa
312 3984 472 4057 concinna3
496 3992 526 4043 et
540 3985 726 4043 semitonium
742 3980 859 4059 quidem
876 3982 925 4041 vel
940 3985 998 4043 imo
1014 3982 1089 4049 loco,
1113 3983 1161 4043 vel
1177 3982 1284 4055 medio,
1308 3982 1356 4041 vel
1377 3997 1500 4041 summo.

140 4072 248 4133 Omnis
270 4074 361 4150 igitur
383 4080 486 4130 cantus
512 4071 665 4131 videbatur
688 4073 760 4147 ipsis
783 4070 990 4147 comprehendi
1013 4071 1104 4130 tribus
1121 4070 1369 4132 tetrachordorum
1391 4069 1499 4128 formis.

130 4238 912 4410 ·„÷22‡0l{2—-·--÷1
951 4308 1071 4350 --ss—

276 4419 334 4461 Tou.
385 4418 441 4460 Tou.
484 4420 542 4459 Sem.
742 4419 798 4459 Ten.
841 4418 900 4458 Sem.
954 4409 1020 4458 Tou-⁸
1182 4415 1242 4458 Sem.
1297 4416 1352 4455 Tou.
1388 4414 1446 4456 rou.

232 4544 307 4603 ldihi
343 4543 573 4621 multiplicantur
600 4547 709 4606 lormac
743 4541 991 4605 tetrachordorum
1028 4549 1146 4619 propter
1182 4541 1399 4600 distinctionem
1428 4539 1502 4598 inter

139 4642 250 4706 tonos,
280 4635 421 4691 minorem
450 4642 481 4692 et
503 4640 657 4707 maiorem3
693 4648 746 4710 pro
776 4632 869 4691 tribus
901 4632 978 4690 enirn
1000 4647 1052 4690 sex
1073 4629 1147 4688 fiunt
1170 4636 1199 4689 ct
1220 4630 1251 4686 in
1273 4644 1332 4687 uno
1357 4627 1499 4703 diapason

138 4721 305 4795 pleraeque
333 4721 482 4795 geminam
511 4723 611 4798 itaque
637 4721 781 4781 habemus
812 4721 902 4779 ctiam
932 4725 1056 4778 naturae
1084 4715 1232 4793 quoddam
1261 4715 1431 4792 suffragium
1462 4714 1501 4773 ed
1585 4780 1589 4786 ,

139 4807 354 4881 distinguenda
385 4808 585 4883 tetrachorda,
616 4825 683 4867 narn
713 4808 847 4883 superius
879 4813 923 4866 cst
955 4806 1082 4866 interiori
1106 4801 1322 4882 quodammodo
1353 4801 1448 4863 simile
1471 4804 1499 4860 iu

139 4896 338 4975 dispositione
360 4895 580 4958 intervallorum
604 4895 831 4957 elementarium.
