3567 5625
765 419 907 491 Apologia.
1447 414 1507 511 dii

164 595 280 656 Moneri
304 597 403 658 Solem
427 600 503 658 circa
526 600 655 676 corporis
678 617 762 660 axem
785 599 972 675 immobilem,
995 598 1088 659 oculis
1110 601 1202 675 patet,
1225 593 1278 655 sed
1300 590 1512 654 asucnonricie.

161 685 224 744 Non
256 692 354 745 tamen
384 688 409 743 is
432 685 475 744 illi
497 694 594 745 motus
625 688 702 747 inest
731 688 769 747 ob
792 688 925 762 luminis,
958 705 1046 764 quam
1070 693 1102 745 tu
1125 684 1273 755 celebras,
1306 680 1511 752 mobilitatem,

161 791 226 831 nam
261 773 309 831 bic
331 782 427 832 motus
450 773 567 832 luminis
590 782 634 833 eet
662 778 729 835 sine
751 783 895 851 tempore,
930 778 992 835 reri
1013 783 1110 834 motus
1132 781 1201 832 suut
1225 773 1256 830 in
1278 778 1417 845 ternpore.
1465 765 1511 826 lid

160 868 270 919 motum
294 876 364 919 nero
388 861 491 920 ceteris
513 860 639 937 planetis
662 862 851 922 inserendum
874 881 948 942 opas
973 880 1038 922 esse
1054 860 1117 921 Soli
1139 869 1220 921 motu
1241 858 1351 938 proprii
1372 856 1510 931 corporis,

162 947 190 1007 id
220 956 266 1007 est
296 947 466 1024 dogmatum
496 966 586 1007 uuum
618 949 712 1009 dictae
748 952 908 1028 Epitomes.
963 950 1073 1010 Terrae
1101 955 1217 1009 motum
1245 954 1281 1006 tu
1302 945 1444 1023 refactous'
1476 945 1510 1001 iss

158 1036 284 1112 pbpsico
312 1043 445 1095 tractatu
475 1035 696 1096 Moerocossni?
751 1039 789 1096 At
820 1038 943 1099 eundem
973 1055 1028 1114 ego
1058 1036 1164 1097 Terrae
1193 1043 1304 1094 motum
1337 1029 1452 1090 delendi
1482 1031 1511 1088 in

161 1123 297 1199 Epitome
321 1122 469 1182 doctrinae
491 1124 660 1200 sphaericae
683 1125 834 1201 diurnum,
869 1131 898 1185 in
920 1127 995 1186 libro
1019 1131 1081 1200 eius
1104 1123 1158 1184 IV.
1181 1121 1340 1203 (doetrinae
1362 1118 1510 1178 theoricae

160 1209 264 1289 primo)
288 1226 426 1271 annuum.
472 1211 656 1272 Contendant
690 1215 763 1273 inter
791 1231 823 1273 se
844 1214 912 1275 libri
935 1215 1039 1286 nosbi,
1071 1210 1205 1289 judicent
1225 1226 1295 1270 nero
1320 1211 1509 1284 spectatores,

160 1297 189 1355 id
211 1306 257 1356 est
278 1299 410 1357 lectores.
456 1298 580 1359 Falleris
595 1309 691 1359 tamen
715 1303 740 1360 si
755 1311 852 1377 putas,
875 1310 975 1379 erepto
992 1300 1062 1361 mibi
1077 1300 1185 1360 'l‘errae
1200 1304 1278 1374 ructu
1296 1294 1400 1356 cadere
1415 1309 1509 1352 mearo

161 1385 369 1460 Harmoniam
401 1383 514 1446 scilicet
542 1404 600 1445 non
630 1387 725 1463 legisti
755 1406 791 1449 ne
815 1390 933 1448 titulum
958 1387 1075 1462 quidem
1102 1386 1169 1447 libri
1196 1385 1302 1461 quInti,
1337 1382 1388 1441 ubi
1411 1387 1510 1457 aperte

107 1543 110 1548 ¹
160 1490 275 1546 moneo,
300 1480 332 1531 nt
355 1479 385 1531 et
408 1489 471 1550 cap.
496 1475 524 1533 3.
551 1474 600 1533 iol.
625 1478 697 1546 275,
720 1485 817 1536 stante
841 1481 929 1538 etiam
952 1476 1060 1536 Brabei
1082 1475 1237 1546 sententia,
1262 1473 1309 1531 eui
1329 1469 1420 1529 Terra
1440 1475 1508 1542 stat,

160 1560 260 1619 valere
282 1560 465 1619 harmonicas
489 1560 759 1634 demonstrationes,
784 1582 857 1640 qaas
881 1564 982 1623 doceo.
1027 1563 1113 1639 Piget
1135 1560 1253 1620 tandem
1280 1565 1323 1618 tot
1345 1555 1510 1617 contradic·
1558 1619 1562 1628 ⁸
1612 1602 1618 1614 .

161 1651 273 1706 tionum
287 1648 504 1708 'faciendarum
550 1649 625 1708 Nam
648 1650 718 1726 quid
741 1654 861 1711 interest
883 1651 961 1732 (pag.
980 1649 1046 1729 20),
1070 1655 1210 1727 quantum
1233 1655 1267 1706 tu
1278 1646 1447 1722 perceperis
1468 1642 1514 1703 od*

158 1736 237 1794 bunc
259 1752 355 1810 sapae
376 1735 464 1810 dum,
489 1739 539 1811 qui
563 1740 770 1797 astronomiam
794 1742 912 1817 Insuper
941 1738 1051 1800 lrabere
1080 1738 1181 1796 lateris
1209 1737 1355 1808 etiamque
1378 1738 1509 1792 contems-

160 1825 223 1881 sisti
247 1821 359 1898 supra?
403 1823 515 1882 Ternas
538 1823 661 1884 circulos
676 1843 731 1902 ego
747 1843 804 1886 uon
827 1830 901 1904 ipsis
922 1827 1050 1886 motibus
1073 1824 1243 1901 periodicls,
1265 1820 1317 1881 sed
1339 1819 1509 1895 regionibus

161 1913 297 1985 assigno,
321 1912 397 1969 intra
420 1927 493 1987 quas
516 1915 683 1971 co‘e'rcentur
713 1921 818 1974 motus.
864 1915 941 1990 Ergo
965 1932 1065 1973 verum
1094 1913 1143 1972 hic
1165 1911 1265 1969 dixisti
1290 1924 1342 1985 per
1363 1906 1509 1988 accideps,

161 2000 257 2057 orbita
287 1996 422 2073 planetae
453 2000 585 2073 aequalis
616 2007 660 2058 est
691 2000 799 2059 circulo
825 2004 953 2078 regionis
975 2019 1047 2062 suae
1074 1998 1170 2060 medio
1180 2043 1190 2072 ,1
1218 1996 1378 2070 eademque
1400 2013 1419 2053 a
1441 1993 1509 2053 Sole

160 2093 204 2143 est
227 2088 399 2144 eccentrica.
445 2085 482 2144 Et
504 2086 656 2162 quiajam
678 2091 824 2148 excusasti
848 2097 930 2148 tuam
953 2090 990 2148 ab
1014 2090 1192 2149 astronomia
1214 2091 1314 2143 nostra
1340 2083 1510 2158 peregrina·

159 2175 277 2246 tionem,
303 2175 411 2249 qqupe
434 2174 462 2229 in
487 2172 575 2231 aliam
598 2175 651 2232 tibi
674 2177 716 2235 sic
738 2175 845 2235 dictam
870 2180 1087 2249 astronomiam,
1110 2184 1143 2234 ut
1158 2181 1256 2234 umen
1279 2170 1340 2231 tela
1362 2169 1414 2228 tibi
1437 2186 1510 2245 sup·

159 2269 262 2336 petant
284 2261 314 2317 in
338 2268 545 2332 astronomum,
570 2261 728 2337 transfugis
751 2265 839 2337 igitur
860 2264 899 2324 ad
921 2265 1092 2341 theologos,
1110 2263 1218 2338 jubens
1241 2277 1287 2320 me
1310 2276 1345 2317 ex
1368 2258 1511 2331 scriptura

158 2349 293 2424 probare,
318 2347 396 2421 qnod
420 2348 502 2405 Deus
525 2357 637 2408 creator
659 2350 805 2409 coelorum
836 2369 988 2411 nnmerum
1016 2370 1051 2413 er
1075 2353 1204 2427 quiesque
1228 2346 1398 2424 corporibus
1420 2360 1511 2418 regu·

158 2436 270 2494 laribus
294 2433 483 2510 desumserit3
512 2438 568 2493 nisi
591 2437 712 2509 faciam,
736 2455 794 2497 non
818 2448 848 2496 tu
872 2440 943 2498 mibi
967 2439 1066 2500 credes
1092 2437 1149 2497 boc
1170 2436 1320 2498 asserenti
1365 2433 1446 2508 Ego,
1469 2431 1509 2488 mi
1582 2483 1608 2518 ·,
1644 2415 1649 2422 ⁴

158 2523 304 2594 Roberre,
337 2526 362 2580 si
385 2531 414 2580 te
436 2525 558 2582 scissem
590 2542 624 2583 ex
655 2524 798 2584 hocloco
831 2536 1043 2604 pugnaturum,
1077 2524 1165 2603 plane
1191 2540 1249 2583 uon
1271 2521 1509 2598 comparuissem,

139 2609 242 2690 ‚qaod
265 2625 325 2668 uno
347 2610 437 2668 verbo
461 2610 569 2670 dictum
592 2615 664 2671 esto.

244 2696 311 2756 Non
336 2696 443 2757 desinis
464 2715 510 2757 mc
533 2717 664 2774 gravare,
687 2675 733 2760 me
756 2702 961 2761 consonantias
983 2639 1151 2759 barmoniae
1170 2713 1253 2758 meae
1275 2694 1410 2756 coelestis
1425 2692 1510 2752 aedi·

160 2785 245 2845 ficare
261 2801 349 2861 super
363 2787 564 2862 proportiones
579 2785 680 2846 horum
697 2789 825 2865 quinque
840 2805 1002 2865 corporum.
1043 2789 1140 2864 sitque
1159 2784 1231 2845 nihil
1246 2783 1316 2845 illae
1330 2784 1426 2843 minus
1441 2788 1510 2841 sunt

160 2891 248 2949 qnam
270 2872 464 2945 harmonicae,
489 2880 611 2950 excepta
633 2875 839 2941 teuaednca,
860 2878 1042 2952 Cognatione
1066 2875 1183 2952 quidem
1197 2874 1298 2949 aliqua
1316 2871 1384 2930 laxa
1406 2869 1509 2947 probo,

161 2961 236 3019 trslri
252 2968 346 3020 certas
361 2960 528 3021 harmonias
543 2978 562 3020 a
575 2964 660 3020 certis
674 2962 783 3039 liguris,
804 2964 866 3039 jam
881 2972 968 3023 autea
985 2966 1057 3023 inter
1073 2964 1158 3023 orbes
1172 2960 1359 3038 interpositis,
1376 2965 1406 3017 at
1421 2959 1519 3034 ipsis·-

160 3051 234 3106 sima
258 3050 287 3105 in
309 3046 462 3108 individuo
484 3044 633 3125 proportio
656 3052 751 3109 causis
774 3052 875 3111 nititur
896 3051 984 3126 longe
1006 3050 1149 3128 pluribus.
1194 3049 1261 3108 Non
1282 3046 1423 3115 attulisti,
1447 3045 1510 3103 Ro·

160 3136 259 3206 berte,
283 3142 396 3194 tantum
420 3135 589 3211 diligentiae
611 3136 649 3196 ad
671 3136 826 3213 legendum
847 3139 954 3198 librum
977 3156 1073 3197 meum
1097 3139 1133 3212 V,
1164 3145 1276 3213 quanta
1298 3136 1434 3195 convenit
1457 3132 1508 3207 illi,

161 3224 211 3297 qni
243 3223 321 3283 bunc
344 3223 409 3282 nult
439 3223 621 3298 convellere;
655 3242 744 3301 quare
778 3227 972 3302 praestitisset
1004 3233 1032 3286 te
1060 3225 1096 3286 de
1118 3227 1225 3302 ignotis
1259 3223 1404 3296 tacuisse,
1439 3222 1509 3296 quia

163 3309 260 3369 bonor
283 3328 341 3369 non
364 3328 459 3383 meas,
483 3310 533 3370 sed
557 3314 694 3371 creatoris
716 3316 820 3388 agiusr.

249 3397 302 3457 Ad
327 3397 507 3475 Anslysin
530 3397 617 3457 XIII.
664 3399 870 3459 strueremus
894 3416 975 3458 meus
999 3400 1100 3469 texuit,
1125 3396 1205 3456 allud
1227 3396 1357 3475 analysis
1373 3400 1424 3452 tus
1446 3392 1508 3452 dis·

160 3485 277 3545 solvere
308 3485 484 3561 aggreditur.
530 3484 623 3562 Super
653 3488 749 3546 causis
779 3489 1045 3558 consonantiarum,
1079 3501 1137 3544 nou
1165 3484 1228 3559 jam
1248 3500 1338 3560 snper
1360 3482 1508 3542 concinnis

161 3573 300 3644 minimis,
324 3591 391 3632 cum
414 3573 562 3632 veteribus
584 3574 654 3631 milri
678 3577 892 3634 contentionem
917 3590 981 3633 esse
1004 3573 1078 3645 dist,
1102 3571 1197 3647 deqrre
1219 3573 1256 3631 iis
1278 3578 1307 3630 te
1329 3588 1366 3630 ue
1390 3569 1507 3645 orrideru
1606 3590 1612 3599 -

161 3662 299 3736 cogitare,
323 3660 398 3720 adeo
421 3678 520 3719 rerum
543 3660 611 3734 dixi,
635 3668 668 3720 ut
690 3663 776 3721 etiam
799 3679 846 3721 ma
869 3661 905 3721 de
927 3663 964 3719 iis
987 3660 1064 3718 clere
1087 3659 1230 3719 dicentem
1252 3676 1289 3719 ne
1306 3652 1430 3733 'quidem
1453 3672 1508 3714 ex-

160 3747 280 3820 audias,
302 3747 460 3824 respondes
483 3750 560 3807 enim
582 3747 618 3808 de
641 3749 789 3808 conciunis
811 3748 951 3821 dissonis,
980 3764 1038 3806 non
1062 3746 1098 3806 de
1121 3748 1327 3806 consonantiis.
1375 3748 1437 3821 Age
1460 3750 1508 3802 ta·

160 3852 237 3908 men,
259 3836 438 3917 pensitamus
461 3837 547 3894 etiam
571 3835 631 3908 illa,
654 3853 729 3911 quae
752 3836 805 3894 aba
828 3843 857 3897 te
882 3836 918 3896 de
941 3842 1006 3894 ortu
1029 3837 1234 3894 concinuerum
1256 3841 1325 3893 sunt
1346 3832 1433 3906 dicta.

246 3922 337 3982 Recta
367 3922 474 3981 tonnas
499 3940 596 3982 meam
629 3926 830 3999 negationem:
862 3924 1025 3984 intervallis
1055 3925 1189 3983 consonis
1211 3938 1270 3980 non
1291 3923 1420 3998 positam
1443 3935 1508 3979 esse

161 4025 344 4068 communem
368 4027 533 4070 mensuram
556 4011 743 4070 numeralem.
792 4012 831 4069 At
853 4013 997 4072 rationem
1018 4012 1134 4069 unicam
1165 4029 1185 4069 a
1205 4025 1251 4068 me
1280 4009 1423 4086 prolatam
1455 4007 1508 4078 sis,

160 4114 238 4172 quae
259 4099 333 4155 ratio
357 4105 532 4167 tamennon
557 4105 610 4156 est.
654 4096 721 4157 Hoc
743 4098 862 4157 voluisti
886 4099 991 4171 dicere,
1014 4104 1042 4157 te
1060 4105 1176 4175 praeter
1190 4099 1305 4156 unicam
1328 4095 1409 4155 illam
1424 4095 1508 4153 simi-

159 4182 327 4256 litudinem,
363 4183 399 4244 de
421 4186 592 4261 pusionibus
615 4185 760 4245 hominem
784 4186 1038 4263 componentibus,
1068 4184 1140 4244 nihil
1162 4183 1332 4261 intelligere.
1378 4183 1508 4241 Ratioa

158 4288 207 4330 me
229 4270 308 4330 dicta
329 4270 404 4331 haec
426 4280 483 4330 est:
514 4275 717 4349 proportiones
740 4275 814 4332 inter
836 4291 867 4333 se
891 4290 948 4332 non
971 4272 1147 4351 multiplices
1169 4279 1239 4331 sunt
1259 4272 1508 4332 incomrnensnra·
1600 4272 1603 4285 '

160 4356 424 4432 biles,'interra11a
447 4376 576 4419 consona
598 4369 666 4419 sunt
687 4364 889 4437 proportiones
917 4362 992 4419 inter
1013 4379 1046 4420 se
1071 4377 1130 4420 uon
1152 4358 1341 4435 multIplices,
1374 4365 1507 4436 praeter·

160 4464 249 4522 quam
274 4444 429 4506 Intervalla
451 4447 609 4522 diapason,
643 4464 712 4524 ergo
735 4447 888 4508 intervalla
911 4464 1039 4513 consona
1069 4456 1183 4523 praeter
1206 4445 1347 4525 diapason
1370 4453 1438 4505 sunt
1460 4440 1517 4503 iu·'

161 4531 447 4594 commensurabilia
492 4533 574 4594 Haec
597 4537 671 4593 ratio
694 4538 804 4594 invicta
826 4542 886 4607 est,
920 4552 1010 4610 qrraro
1032 4534 1104 4593 nihil
1127 4533 1247 4610 impedit
1277 4533 1325 4593 vel
1350 4533 1513 4609 ,uniunt

161 4639 235 4680 esec.
281 4621 384 4696 Neque
406 4628 504 4680 tamen
526 4622 594 4680 hinc
616 4621 711 4680 solum
733 4624 840 4698 Insere,
864 4639 993 4682 consona
1016 4623 1163 4682 concinnis
1185 4637 1250 4680 esse
1273 4628 1378 4681 natura
1399 4623 1505 4697 priora.

138 4708 235 4779 ,Nam
258 4710 345 4767 etiarn
369 4716 501 4768 veterum
523 4708 630 4783 alium,
662 4710 713 4784 qui
735 4712 940 4771 consonantias
969 4727 1033 4769 esse
1062 4709 1369 4770 incommensurabiles
1399 4724 1506 4784 negare

161 4812 219 4854 non
242 4803 397 4875 poterant,
420 4798 561 4855 concinna
583 4802 687 4854 natura
708 4799 804 4873 priora
826 4798 966 4858 iecerunt.
1010 4796 1068 4857 Sed
1089 4797 1163 4857 haec
1186 4802 1230 4856 est
1261 4795 1401 4856 illationis
1424 4813 1506 4856 meae

162 4900 258 4959 cansa,
284 4885 355 4958 quis
375 4898 513 4958 consum,
534 4890 568 4943 ut
590 4882 770 4943 diatessaron
795 4880 851 4969 is„
876 4884 1012 4963 diapente
1027 4881 1085 4970 ss„
1107 4891 1304 4947 monstrantur
1324 4901 1376 4964 per
1397 4884 1515 4973 tigrim
