<?xml version="1.0" encoding="UTF-8"?>
<!DOCTYPE html PUBLIC "-//W3C//DTD XHTML 1.0 Transitional//EN"
    "http://www.w3.org/TR/xhtml1/DTD/xhtml1-transitional.dtd">
<html xmlns="http://www.w3.org/1999/xhtml" xml:lang="en" lang="en">
 <head>
  <title>
</title>
<meta http-equiv="Content-Type" content="text/html;charset=utf-8" />
  <meta name='ocr-system' content='tesseract 3.04.00' />
  <meta name='ocr-capabilities' content='ocr_page ocr_carea ocr_par ocr_line ocrx_word'/>
</head>
<body>
  <div class='ocr_page' id='page_1' title='image "./joanniskepleria24frisgoog_0017.png"; bbox 0 0 3567 5625; ppageno 0'>
   <div class='ocr_carea' id='block_1_1' title="bbox 586 1773 1051 1860">
    <p class='ocr_par' dir='ltr' id='par_1_1' title="bbox 586 1773 1051 1860">
     <span class='ocr_line' id='line_1_1' title="bbox 586 1773 1051 1860; baseline 0 -2"><span class='ocrx_word' id='word_1_1' title='bbox 586 1773 1051 1860; x_wconf 79' lang='lat' dir='ltr'><strong>PROOEMIUM.</strong></span> 
     </span>
    </p>
   </div>
   <div class='ocr_carea' id='block_1_2' title="bbox 156 2096 1498 2300">
    <p class='ocr_par' dir='ltr' id='par_1_2' title="bbox 156 2096 1498 2300">
     <span class='ocr_line' id='line_1_2' title="bbox 268 2096 1497 2213; baseline 0.001 -23"><span class='ocrx_word' id='word_1_2' title='bbox 268 2096 398 2210; x_wconf 68' lang='lat' dir='ltr'><strong>llepieri</strong></span> <span class='ocrx_word' id='word_1_3' title='bbox 432 2131 498 2192; x_wconf 84' lang='lat' dir='ltr'>libri</span> <span class='ocrx_word' id='word_1_4' title='bbox 531 2136 609 2212; x_wconf 86' lang='lat' dir='ltr'><strong>typis</strong></span> <span class='ocrx_word' id='word_1_5' title='bbox 642 2136 787 2213; x_wconf 82' lang='lat' dir='ltr'><strong>expressi,</strong></span> <span class='ocrx_word' id='word_1_6' title='bbox 821 2151 888 2198; x_wconf 85' lang='lat' dir='ltr'><strong>cam</strong></span> <span class='ocrx_word' id='word_1_7' title='bbox 919 2135 1047 2195; x_wconf 82' lang='lat' dir='ltr'><strong>maxima</strong></span> <span class='ocrx_word' id='word_1_8' title='bbox 1080 2152 1117 2197; x_wconf 89' lang='lat' dir='ltr'><strong>ex</strong></span> <span class='ocrx_word' id='word_1_9' title='bbox 1152 2141 1235 2212; x_wconf 90' lang='lat' dir='ltr'><strong>parte</strong></span> <span class='ocrx_word' id='word_1_10' title='bbox 1268 2134 1432 2211; x_wconf 87' lang='lat' dir='ltr'><strong>pertineant</strong></span> <span class='ocrx_word' id='word_1_11' title='bbox 1459 2130 1497 2192; x_wconf 91' lang='lat' dir='ltr'><strong>ad</strong></span> 
     </span>
     <span class='ocr_line' id='line_1_3' title="bbox 156 2220 1498 2300; baseline -0.001 -21"><span class='ocrx_word' id='word_1_12' title='bbox 156 2223 373 2294; x_wconf 78' lang='lat' dir='ltr'><strong>mironomiam,</strong></span> <span class='ocrx_word' id='word_1_13' title='bbox 405 2227 502 2281; x_wconf 67' lang='lat' dir='ltr'><strong>umen</strong></span> <span class='ocrx_word' id='word_1_14' title='bbox 530 2222 568 2284; x_wconf 90' lang='lat' dir='ltr'><strong>ad</strong></span> <span class='ocrx_word' id='word_1_15' title='bbox 597 2239 685 2284; x_wconf 87' lang='lat' dir='ltr'><strong>unum</strong></span> <span class='ocrx_word' id='word_1_16' title='bbox 716 2239 818 2284; x_wconf 89' lang='lat' dir='ltr'><strong>omuoa</strong></span> <span class='ocrx_word' id='word_1_17' title='bbox 848 2230 1020 2300; x_wconf 71' lang='lat' dir='ltr'><strong>argumento</strong></span> <span class='ocrx_word' id='word_1_18' title='bbox 1051 2228 1132 2296; x_wconf 86' lang='lat' dir='ltr'><strong>suut,</strong></span> <span class='ocrx_word' id='word_1_19' title='bbox 1164 2227 1273 2297; x_wconf 88' lang='lat' dir='ltr'><strong>quanto</strong></span> <span class='ocrx_word' id='word_1_20' title='bbox 1304 2220 1402 2280; x_wconf 91' lang='lat' dir='ltr'><strong>studio</strong></span> <span class='ocrx_word' id='word_1_21' title='bbox 1429 2235 1498 2279; x_wconf 86' lang='lat' dir='ltr'><strong>rer·</strong></span> 
     </span>
    </p>
   </div>
   <div class='ocr_carea' id='block_1_3' title="bbox 31 2307 1498 2388">
    <p class='ocr_par' dir='ltr' id='par_1_3' title="bbox 31 2307 1498 2388">
     <span class='ocr_line' id='line_1_4' title="bbox 31 2307 1498 2388; baseline -0.002 -20"><span class='ocrx_word' id='word_1_22' title='bbox 31 2325 32 2388; x_wconf 64' lang='grc'>]</span> <span class='ocrx_word' id='word_1_23' title='bbox 156 2310 257 2368; x_wconf 76' lang='lat' dir='ltr'><strong>careri</strong></span> <span class='ocrx_word' id='word_1_24' title='bbox 292 2308 444 2382; x_wconf 63' lang='lat' dir='ltr'><strong>amicos,</strong></span> <span class='ocrx_word' id='word_1_25' title='bbox 472 2326 547 2384; x_wconf 93' lang='lat' dir='ltr'><strong>quos</strong></span> <span class='ocrx_word' id='word_1_26' title='bbox 574 2318 693 2384; x_wconf 85' lang='lat' dir='ltr'><strong>vocant,</strong></span> <span class='ocrx_word' id='word_1_27' title='bbox 722 2311 877 2387; x_wconf 83' lang='lat' dir='ltr'><strong>scriptores</strong></span> <span class='ocrx_word' id='word_1_28' title='bbox 903 2318 932 2371; x_wconf 91' lang='lat' dir='ltr'><strong>et</strong></span> <span class='ocrx_word' id='word_1_29' title='bbox 959 2318 1070 2387; x_wconf 89' lang='lat' dir='ltr'><strong>quanta</strong></span> <span class='ocrx_word' id='word_1_30' title='bbox 1095 2310 1182 2369; x_wconf 88' lang='lat' dir='ltr'><strong>inerit</strong></span> <span class='ocrx_word' id='word_1_31' title='bbox 1210 2309 1274 2385; x_wconf 87' lang='lat' dir='ltr'><strong>ejus</strong></span> <span class='ocrx_word' id='word_1_32' title='bbox 1295 2307 1498 2385; x_wconf 77' lang='lat' dir='ltr'><strong>philosophiae</strong></span> 
     </span>
    </p>
   </div>
   <div class='ocr_carea' id='block_1_4' title="bbox 157 2395 1553 2472">
    <p class='ocr_par' dir='ltr' id='par_1_4' title="bbox 157 2395 1553 2472">
     <span class='ocr_line' id='line_1_5' title="bbox 157 2395 1553 2472; baseline 0 -18"><span class='ocrx_word' id='word_1_33' title='bbox 157 2398 286 2457; x_wconf 76' lang='lat' dir='ltr'><strong>edentia.</strong></span> <span class='ocrx_word' id='word_1_34' title='bbox 328 2395 423 2456; x_wconf 89' lang='lat' dir='ltr'><strong>Plena</strong></span> <span class='ocrx_word' id='word_1_35' title='bbox 449 2404 517 2458; x_wconf 86' lang='lat' dir='ltr'><strong>aaut</strong></span> <span class='ocrx_word' id='word_1_36' title='bbox 544 2400 643 2459; x_wconf 87' lang='lat' dir='ltr'><strong>ormria</strong></span> <span class='ocrx_word' id='word_1_37' title='bbox 664 2400 815 2458; x_wconf 77' lang='lat' dir='ltr'>sententiis</span> <span class='ocrx_word' id='word_1_38' title='bbox 844 2396 1023 2458; x_wconf 84' lang='lat' dir='ltr'><strong>Graecorum</strong></span> <span class='ocrx_word' id='word_1_39' title='bbox 1045 2398 1300 2472; x_wconf 79' lang='lat' dir='ltr'><strong>Romanorumque</strong></span> <span class='ocrx_word' id='word_1_40' title='bbox 1326 2398 1499 2472; x_wconf 88' lang='lat' dir='ltr'><strong>scriptorum</strong></span> <span class='ocrx_word' id='word_1_41' title='bbox 1551 2442 1553 2444; x_wconf 87' lang='lat'>.</span> 
     </span>
    </p>
   </div>
   <div class='ocr_carea' id='block_1_5' title="bbox 32 2475 1498 2564">
    <p class='ocr_par' dir='ltr' id='par_1_5' title="bbox 32 2475 1498 2564">
     <span class='ocr_line' id='line_1_6' title="bbox 32 2475 1498 2564; baseline 0 -22"><span class='ocrx_word' id='word_1_42' title='bbox 32 2479 33 2482; x_wconf 71' lang='grc'>’</span> <span class='ocrx_word' id='word_1_43' title='bbox 157 2488 183 2542; x_wconf 92' lang='lat' dir='ltr'><strong>et</strong></span> <span class='ocrx_word' id='word_1_44' title='bbox 201 2493 371 2560; x_wconf 76' lang='lat' dir='ltr'><strong>poetarum,</strong></span> <span class='ocrx_word' id='word_1_45' title='bbox 401 2490 531 2564; x_wconf 77' lang='lat' dir='ltr'><strong>veterum</strong></span> <span class='ocrx_word' id='word_1_46' title='bbox 564 2485 833 2547; x_wconf 88' lang='lat' dir='ltr'><strong>mathematicorum</strong></span> <span class='ocrx_word' id='word_1_47' title='bbox 865 2491 897 2545; x_wconf 89' lang='lat' dir='ltr'><strong>at</strong></span> <span class='ocrx_word' id='word_1_48' title='bbox 926 2493 1157 2546; x_wconf 75' lang='lat' dir='ltr'><strong>astronomorum</strong></span> <span class='ocrx_word' id='word_1_49' title='bbox 1189 2475 1498 2560; x_wconf 81' lang='lat' dir='ltr'><strong>pbilosophommque,</strong></span> 
     </span>
    </p>
   </div>
   <div class='ocr_carea' id='block_1_6' title="bbox 158 2569 1497 2649">
    <p class='ocr_par' dir='ltr' id='par_1_6' title="bbox 158 2569 1497 2649">
     <span class='ocr_line' id='line_1_7' title="bbox 158 2569 1497 2649; baseline -0.001 -17"><span class='ocrx_word' id='word_1_50' title='bbox 158 2569 191 2632; x_wconf 85' lang='lat' dir='ltr'><strong>ad</strong></span> <span class='ocrx_word' id='word_1_51' title='bbox 211 2589 273 2632; x_wconf 89' lang='lat' dir='ltr'><strong>rem</strong></span> <span class='ocrx_word' id='word_1_52' title='bbox 297 2588 382 2634; x_wconf 83' lang='lat' dir='ltr'><strong>suam</strong></span> <span class='ocrx_word' id='word_1_53' title='bbox 403 2570 584 2648; x_wconf 76' lang='lat' dir='ltr'><strong>probandam</strong></span> <span class='ocrx_word' id='word_1_54' title='bbox 606 2575 712 2636; x_wconf 85' lang='lat' dir='ltr'><strong>citatis.</strong></span> <span class='ocrx_word' id='word_1_55' title='bbox 764 2574 809 2633; x_wconf 81' lang='lat' dir='ltr'><strong>Ex</strong></span> <span class='ocrx_word' id='word_1_56' title='bbox 832 2572 967 2631; x_wconf 83' lang='lat' dir='ltr'><strong>omnibns</strong></span> <span class='ocrx_word' id='word_1_57' title='bbox 994 2573 1058 2649; x_wconf 82' lang='lat' dir='ltr'><strong>ejus</strong></span> <span class='ocrx_word' id='word_1_58' title='bbox 1085 2571 1222 2648; x_wconf 89' lang='lat' dir='ltr'><strong>operibus</strong></span> <span class='ocrx_word' id='word_1_59' title='bbox 1244 2569 1339 2631; x_wconf 85' lang='lat' dir='ltr'><strong>elucet</strong></span> <span class='ocrx_word' id='word_1_60' title='bbox 1360 2570 1497 2645; x_wconf 87' lang='lat' dir='ltr'><strong>studium,</strong></span> 
     </span>
    </p>
   </div>
   <div class='ocr_carea' id='block_1_7' title="bbox 31 2657 1612 2841">
    <p class='ocr_par' dir='ltr' id='par_1_7' title="bbox 31 2657 1612 2841">
     <span class='ocr_line' id='line_1_8' title="bbox 157 2657 1612 2738; baseline 0 -21"><span class='ocrx_word' id='word_1_61' title='bbox 157 2660 322 2718; x_wconf 74' lang='lat' dir='ltr'><strong>recentioris</strong></span> <span class='ocrx_word' id='word_1_62' title='bbox 349 2659 454 2722; x_wconf 84' lang='lat' dir='ltr'><strong>aetatis</strong></span> <span class='ocrx_word' id='word_1_63' title='bbox 481 2661 623 2721; x_wconf 90' lang='lat' dir='ltr'><strong>rationem</strong></span> <span class='ocrx_word' id='word_1_64' title='bbox 651 2660 894 2737; x_wconf 77' lang='lat' dir='ltr'><strong>disciplinamque</strong></span> <span class='ocrx_word' id='word_1_65' title='bbox 916 2659 954 2720; x_wconf 87' lang='lat' dir='ltr'><strong>ad</strong></span> <span class='ocrx_word' id='word_1_66' title='bbox 976 2677 1020 2735; x_wconf 88' lang='lat' dir='ltr'><strong>ea,</strong></span> <span class='ocrx_word' id='word_1_67' title='bbox 1051 2677 1126 2738; x_wconf 89' lang='lat' dir='ltr'><strong>quae</strong></span> <span class='ocrx_word' id='word_1_68' title='bbox 1148 2665 1262 2720; x_wconf 87' lang='lat' dir='ltr'><strong>veteres</strong></span> <span class='ocrx_word' id='word_1_69' title='bbox 1284 2666 1499 2735; x_wconf 82' lang='lat' dir='ltr'><strong>perspexerant,</strong></span> <span class='ocrx_word' id='word_1_70' title='bbox 1607 2657 1612 2668; x_wconf 81' lang='lat'>&#39;</span> 
     </span>
     <span class='ocr_line' id='line_1_9' title="bbox 31 2743 1500 2841; baseline -0.001 -36"><span class='ocrx_word' id='word_1_71' title='bbox 31 2812 33 2841; x_wconf 18' lang='grc' dir='ltr'>ᾗ</span> <span class='ocrx_word' id='word_1_72' title='bbox 158 2746 296 2808; x_wconf 80' lang='lat' dir='ltr'><strong>miereudi</strong></span> <span class='ocrx_word' id='word_1_73' title='bbox 317 2743 497 2822; x_wconf 85' lang='lat' dir='ltr'><strong>alteramque</strong></span> <span class='ocrx_word' id='word_1_74' title='bbox 516 2753 644 2808; x_wconf 75' lang='lat' dir='ltr'><strong>aetcmm</strong></span> <span class='ocrx_word' id='word_1_75' title='bbox 666 2747 759 2809; x_wconf 90' lang='lat' dir='ltr'><strong>altera</strong></span> <span class='ocrx_word' id='word_1_76' title='bbox 780 2746 943 2811; x_wconf 85' lang='lat' dir='ltr'><strong>illurtraudi</strong></span> <span class='ocrx_word' id='word_1_77' title='bbox 966 2755 997 2809; x_wconf 91' lang='lat' dir='ltr'><strong>et</strong></span> <span class='ocrx_word' id='word_1_78' title='bbox 1017 2745 1193 2811; x_wconf 72' lang='lat' dir='ltr'><strong>stabiliendi.</strong></span> <span class='ocrx_word' id='word_1_79' title='bbox 1226 2744 1408 2806; x_wconf 83' lang='lat' dir='ltr'><strong>Gravissima</strong></span> <span class='ocrx_word' id='word_1_80' title='bbox 1422 2747 1500 2806; x_wconf 90' lang='lat' dir='ltr'><strong>euim</strong></span> 
     </span>
    </p>
   </div>
   <div class='ocr_carea' id='block_1_8' title="bbox 157 2832 1501 3349">
    <p class='ocr_par' dir='ltr' id='par_1_8' title="bbox 157 2832 1501 3349">
     <span class='ocr_line' id='line_1_10' title="bbox 158 2832 1499 2913; baseline 0 -20"><span class='ocrx_word' id='word_1_81' title='bbox 158 2832 323 2895; x_wconf 79' lang='lat' dir='ltr'><strong>Aristotelis</strong></span> <span class='ocrx_word' id='word_1_82' title='bbox 355 2849 457 2911; x_wconf 87' lang='lat' dir='ltr'><strong>opera,</strong></span> <span class='ocrx_word' id='word_1_83' title='bbox 490 2852 550 2911; x_wconf 89' lang='lat' dir='ltr'><strong>qna</strong></span> <span class='ocrx_word' id='word_1_84' title='bbox 581 2837 689 2913; x_wconf 88' lang='lat' dir='ltr'><strong>scripta</strong></span> <span class='ocrx_word' id='word_1_85' title='bbox 717 2843 786 2896; x_wconf 89' lang='lat' dir='ltr'><strong>sunt</strong></span> <span class='ocrx_word' id='word_1_86' title='bbox 814 2835 931 2912; x_wconf 75' lang='lat' dir='ltr'><strong>lingna,</strong></span> <span class='ocrx_word' id='word_1_87' title='bbox 963 2837 1148 2896; x_wconf 83' lang='lat' dir='ltr'><strong>lectitaverat</strong></span> <span class='ocrx_word' id='word_1_88' title='bbox 1176 2835 1298 2912; x_wconf 72' lang='lat' dir='ltr'><strong>eiusque</strong></span> <span class='ocrx_word' id='word_1_89' title='bbox 1328 2836 1499 2912; x_wconf 84' lang='lat' dir='ltr'><strong>interpretes</strong></span> 
     </span>
     <span class='ocr_line' id='line_1_11' title="bbox 157 2921 1501 3000; baseline 0.003 -22"><span class='ocrx_word' id='word_1_90' title='bbox 157 2922 261 2995; x_wconf 86' lang='lat' dir='ltr'><strong>priores</strong></span> <span class='ocrx_word' id='word_1_91' title='bbox 287 2926 317 2981; x_wconf 91' lang='lat' dir='ltr'><strong>et</strong></span> <span class='ocrx_word' id='word_1_92' title='bbox 338 2923 511 2997; x_wconf 87' lang='lat' dir='ltr'><strong>posteriores</strong></span> <span class='ocrx_word' id='word_1_93' title='bbox 533 2921 634 2985; x_wconf 85' lang='lat' dir='ltr'><strong>subtili</strong></span> <span class='ocrx_word' id='word_1_94' title='bbox 651 2923 764 3000; x_wconf 88' lang='lat' dir='ltr'><strong>jndicio</strong></span> <span class='ocrx_word' id='word_1_95' title='bbox 786 2926 1020 2999; x_wconf 77' lang='lat' dir='ltr'><strong>examinaverat3</strong></span> <span class='ocrx_word' id='word_1_96' title='bbox 1050 2922 1183 2983; x_wconf 88' lang='lat' dir='ltr'><strong>Platonis</strong></span> <span class='ocrx_word' id='word_1_97' title='bbox 1204 2939 1274 2982; x_wconf 80' lang='lat' dir='ltr'><strong>vero</strong></span> <span class='ocrx_word' id='word_1_98' title='bbox 1296 2924 1414 3000; x_wconf 74' lang='lat' dir='ltr'><strong>ingenio</strong></span> <span class='ocrx_word' id='word_1_99' title='bbox 1438 2930 1501 2982; x_wconf 90' lang='lat' dir='ltr'><strong>erat</strong></span> 
     </span>
     <span class='ocr_line' id='line_1_12' title="bbox 158 3008 1500 3088; baseline 0.003 -23"><span class='ocrx_word' id='word_1_100' title='bbox 158 3008 321 3082; x_wconf 86' lang='lat' dir='ltr'><strong>innutritus,</strong></span> <span class='ocrx_word' id='word_1_101' title='bbox 343 3014 471 3085; x_wconf 88' lang='lat' dir='ltr'><strong>atquae</strong></span> <span class='ocrx_word' id='word_1_102' title='bbox 492 3008 529 3069; x_wconf 90' lang='lat' dir='ltr'><strong>de</strong></span> <span class='ocrx_word' id='word_1_103' title='bbox 543 3009 714 3088; x_wconf 81' lang='lat' dir='ltr'><strong>Pythagora</strong></span> <span class='ocrx_word' id='word_1_104' title='bbox 735 3010 857 3088; x_wconf 84' lang='lat' dir='ltr'><strong>ejusque</strong></span> <span class='ocrx_word' id='word_1_105' title='bbox 879 3009 981 3073; x_wconf 86' lang='lat' dir='ltr'><strong>schola</strong></span> <span class='ocrx_word' id='word_1_106' title='bbox 1002 3010 1046 3070; x_wconf 91' lang='lat' dir='ltr'><strong>illi</strong></span> <span class='ocrx_word' id='word_1_107' title='bbox 1068 3011 1159 3071; x_wconf 89' lang='lat' dir='ltr'><strong>aetati</strong></span> <span class='ocrx_word' id='word_1_108' title='bbox 1182 3008 1290 3069; x_wconf 89' lang='lat' dir='ltr'><strong>tradita</strong></span> <span class='ocrx_word' id='word_1_109' title='bbox 1311 3017 1402 3085; x_wconf 78' lang='lat' dir='ltr'><strong>eraut,</strong></span> <span class='ocrx_word' id='word_1_110' title='bbox 1423 3027 1500 3087; x_wconf 89' lang='lat' dir='ltr'><strong>quae</strong></span> 
     </span>
     <span class='ocr_line' id='line_1_13' title="bbox 157 3094 1500 3174; baseline 0.001 -19"><span class='ocrx_word' id='word_1_111' title='bbox 157 3095 191 3155; x_wconf 87' lang='lat' dir='ltr'><strong>ab</strong></span> <span class='ocrx_word' id='word_1_112' title='bbox 220 3094 396 3173; x_wconf 86' lang='lat' dir='ltr'><strong>aequalibus</strong></span> <span class='ocrx_word' id='word_1_113' title='bbox 427 3094 463 3156; x_wconf 88' lang='lat' dir='ltr'><strong>de</strong></span> <span class='ocrx_word' id='word_1_114' title='bbox 494 3096 596 3158; x_wconf 90' lang='lat' dir='ltr'><strong>schola</strong></span> <span class='ocrx_word' id='word_1_115' title='bbox 629 3099 686 3159; x_wconf 90' lang='lat' dir='ltr'><strong>iata</strong></span> <span class='ocrx_word' id='word_1_116' title='bbox 716 3101 825 3174; x_wconf 88' lang='lat' dir='ltr'><strong>scripta</strong></span> <span class='ocrx_word' id='word_1_117' title='bbox 857 3105 970 3173; x_wconf 64' lang='lat' dir='ltr'><strong>erant,</strong></span> <span class='ocrx_word' id='word_1_118' title='bbox 989 3099 1019 3156; x_wconf 90' lang='lat' dir='ltr'><strong>iu</strong></span> <span class='ocrx_word' id='word_1_119' title='bbox 1053 3115 1090 3158; x_wconf 94' lang='lat' dir='ltr'><strong>ea</strong></span> <span class='ocrx_word' id='word_1_120' title='bbox 1122 3095 1326 3173; x_wconf 78' lang='lat' dir='ltr'><strong>cognoseenda</strong></span> <span class='ocrx_word' id='word_1_121' title='bbox 1358 3096 1500 3174; x_wconf 89' lang='lat' dir='ltr'><strong>quidquid</strong></span> 
     </span>
     <span class='ocr_line' id='line_1_14' title="bbox 157 3182 1501 3263; baseline 0.002 -21"><span class='ocrx_word' id='word_1_122' title='bbox 157 3182 300 3260; x_wconf 84' lang='lat' dir='ltr'><strong>reliquum</strong></span> <span class='ocrx_word' id='word_1_123' title='bbox 320 3190 384 3243; x_wconf 86' lang='lat' dir='ltr'><strong>erat</strong></span> <span class='ocrx_word' id='word_1_124' title='bbox 405 3186 542 3260; x_wconf 89' lang='lat' dir='ltr'><strong>temporis</strong></span> <span class='ocrx_word' id='word_1_125' title='bbox 565 3187 761 3249; x_wconf 76' lang='lat' dir='ltr'><strong>ashonomiae</strong></span> <span class='ocrx_word' id='word_1_126' title='bbox 783 3184 845 3246; x_wconf 88' lang='lat' dir='ltr'><strong>dati</strong></span> <span class='ocrx_word' id='word_1_127' title='bbox 866 3184 1064 3262; x_wconf 82' lang='lat' dir='ltr'><strong>impendebat.</strong></span> <span class='ocrx_word' id='word_1_128' title='bbox 1105 3183 1271 3245; x_wconf 79' lang='lat' dir='ltr'><strong>Sententiae</strong></span> <span class='ocrx_word' id='word_1_129' title='bbox 1295 3200 1364 3244; x_wconf 86' lang='lat' dir='ltr'><strong>vero</strong></span> <span class='ocrx_word' id='word_1_130' title='bbox 1385 3184 1501 3263; x_wconf 81' lang='lat' dir='ltr'><strong>Pytha-</strong></span> 
     </span>
     <span class='ocr_line' id='line_1_15' title="bbox 157 3270 1501 3349; baseline 0.002 -19"><span class='ocrx_word' id='word_1_131' title='bbox 157 3286 329 3344; x_wconf 74' lang='lat' dir='ltr'><strong>goraaorum</strong></span> <span class='ocrx_word' id='word_1_132' title='bbox 351 3270 388 3331; x_wconf 90' lang='lat' dir='ltr'><strong>de</strong></span> <span class='ocrx_word' id='word_1_133' title='bbox 409 3280 491 3331; x_wconf 87' lang='lat' dir='ltr'><strong>motu</strong></span> <span class='ocrx_word' id='word_1_134' title='bbox 512 3288 665 3349; x_wconf 89' lang='lat' dir='ltr'><strong>corporum</strong></span> <span class='ocrx_word' id='word_1_135' title='bbox 688 3273 858 3335; x_wconf 84' lang='lat' dir='ltr'><strong>coelestium</strong></span> <span class='ocrx_word' id='word_1_136' title='bbox 882 3273 921 3335; x_wconf 90' lang='lat' dir='ltr'><strong>ab</strong></span> <span class='ocrx_word' id='word_1_137' title='bbox 943 3271 1101 3333; x_wconf 82' lang='lat' dir='ltr'><strong>Aristotele</strong></span> <span class='ocrx_word' id='word_1_138' title='bbox 1124 3280 1155 3331; x_wconf 91' lang='lat' dir='ltr'><strong>et</strong></span> <span class='ocrx_word' id='word_1_139' title='bbox 1176 3271 1350 3332; x_wconf 78' lang='lat' dir='ltr'><strong>Archimede</strong></span> <span class='ocrx_word' id='word_1_140' title='bbox 1371 3271 1501 3348; x_wconf 85' lang='lat' dir='ltr'><strong>proditas</strong></span> 
     </span>
    </p>
   </div>
   <div class='ocr_carea' id='block_1_9' title="bbox 31 3352 1502 3611">
    <p class='ocr_par' dir='ltr' id='par_1_9' title="bbox 31 3352 1502 3611">
     <span class='ocr_line' id='line_1_16' title="bbox 31 3352 1501 3443; baseline 0.003 -28"><span class='ocrx_word' id='word_1_141' title='bbox 31 3372 33 3443; x_wconf 73' lang='grc' dir='ltr'><em>ξ</em></span> <span class='ocrx_word' id='word_1_142' title='bbox 157 3359 260 3434; x_wconf 79' lang='lat' dir='ltr'><strong>insigni</strong></span> <span class='ocrx_word' id='word_1_143' title='bbox 294 3374 364 3419; x_wconf 85' lang='lat' dir='ltr'><strong>eura</strong></span> <span class='ocrx_word' id='word_1_144' title='bbox 395 3361 632 3434; x_wconf 76' lang='lat' dir='ltr'><strong>prosequebatur,</strong></span> <span class='ocrx_word' id='word_1_145' title='bbox 665 3359 950 3437; x_wconf 77' lang='lat' dir='ltr'><strong>Pythagorioamqne</strong></span> <span class='ocrx_word' id='word_1_146' title='bbox 974 3360 1020 3421; x_wconf 85' lang='lat' dir='ltr'><strong>ab</strong></span> <span class='ocrx_word' id='word_1_147' title='bbox 1053 3358 1212 3421; x_wconf 85' lang='lat' dir='ltr'><strong>Aristotele</strong></span> <span class='ocrx_word' id='word_1_148' title='bbox 1245 3360 1341 3418; x_wconf 90' lang='lat' dir='ltr'><strong>minus</strong></span> <span class='ocrx_word' id='word_1_149' title='bbox 1375 3352 1501 3420; x_wconf 81' lang='lat' dir='ltr'><strong>dilucide</strong></span> 
     </span>
     <span class='ocr_line' id='line_1_17' title="bbox 157 3438 1500 3523; baseline 0.002 -20"><span class='ocrx_word' id='word_1_150' title='bbox 157 3444 292 3509; x_wconf 78' lang='lat' dir='ltr'><strong>traditam</strong></span> <span class='ocrx_word' id='word_1_151' title='bbox 305 3462 400 3507; x_wconf 88' lang='lat' dir='ltr'><strong>rerum</strong></span> <span class='ocrx_word' id='word_1_152' title='bbox 416 3447 613 3509; x_wconf 79' lang='lat' dir='ltr'><strong>universitatis</strong></span> <span class='ocrx_word' id='word_1_153' title='bbox 627 3449 769 3509; x_wconf 86' lang='lat' dir='ltr'><strong>rationem</strong></span> <span class='ocrx_word' id='word_1_154' title='bbox 782 3446 927 3508; x_wconf 86' lang='lat' dir='ltr'><strong>illustrare</strong></span> <span class='ocrx_word' id='word_1_155' title='bbox 941 3454 972 3509; x_wconf 87' lang='lat' dir='ltr'><strong>et</strong></span> <span class='ocrx_word' id='word_1_156' title='bbox 985 3438 1138 3509; x_wconf 82' lang='lat' dir='ltr'><strong>emendare</strong></span> <span class='ocrx_word' id='word_1_157' title='bbox 1150 3444 1287 3505; x_wconf 88' lang='lat' dir='ltr'><strong>studebat</strong></span> <span class='ocrx_word' id='word_1_158' title='bbox 1299 3447 1500 3523; x_wconf 87' lang='lat' dir='ltr'><strong>notitiamque,</strong></span> 
     </span>
     <span class='ocr_line' id='line_1_18' title="bbox 31 3530 1502 3611; baseline 0 -20"><span class='ocrx_word' id='word_1_159' title='bbox 31 3564 33 3585; x_wconf 66' lang='lat' dir='ltr'><strong>r</strong></span> <span class='ocrx_word' id='word_1_160' title='bbox 157 3540 273 3595; x_wconf 81' lang='lat' dir='ltr'><strong>anctme</strong></span> <span class='ocrx_word' id='word_1_161' title='bbox 297 3532 456 3610; x_wconf 83' lang='lat' dir='ltr'><strong>Cuperuico</strong></span> <span class='ocrx_word' id='word_1_162' title='bbox 479 3534 517 3594; x_wconf 89' lang='lat' dir='ltr'><strong>ab</strong></span> <span class='ocrx_word' id='word_1_163' title='bbox 540 3533 714 3597; x_wconf 79' lang='lat' dir='ltr'><strong>Archimede</strong></span> <span class='ocrx_word' id='word_1_164' title='bbox 736 3534 915 3608; x_wconf 58' lang='lat' dir='ltr'><strong>mennam,</strong></span> <span class='ocrx_word' id='word_1_165' title='bbox 947 3552 1006 3611; x_wconf 91' lang='lat' dir='ltr'><strong>qua</strong></span> <span class='ocrx_word' id='word_1_166' title='bbox 1028 3535 1148 3596; x_wconf 79' lang='lat' dir='ltr'><strong>Terram</strong></span> <span class='ocrx_word' id='word_1_167' title='bbox 1171 3535 1248 3593; x_wconf 89' lang='lat' dir='ltr'><strong>circa</strong></span> <span class='ocrx_word' id='word_1_168' title='bbox 1269 3530 1368 3593; x_wconf 84' lang='lat' dir='ltr'><strong>Solem</strong></span> <span class='ocrx_word' id='word_1_169' title='bbox 1389 3535 1502 3593; x_wconf 86' lang='lat' dir='ltr'><strong>moveri</strong></span> 
     </span>
    </p>
   </div>
   <div class='ocr_carea' id='block_1_10' title="bbox 157 3618 1501 3786">
    <p class='ocr_par' dir='ltr' id='par_1_10' title="bbox 157 3618 1501 3786">
     <span class='ocr_line' id='line_1_19' title="bbox 158 3618 1501 3699; baseline 0.003 -22"><span class='ocrx_word' id='word_1_170' title='bbox 158 3618 342 3681; x_wconf 76' lang='lat' dir='ltr'><strong>imrucbm</strong></span> <span class='ocrx_word' id='word_1_171' title='bbox 363 3619 498 3681; x_wconf 87' lang='lat' dir='ltr'><strong>docuisse</strong></span> <span class='ocrx_word' id='word_1_172' title='bbox 520 3621 691 3697; x_wconf 86' lang='lat' dir='ltr'><strong>crederetur,</strong></span> <span class='ocrx_word' id='word_1_173' title='bbox 723 3621 761 3683; x_wconf 91' lang='lat' dir='ltr'><strong>ad</strong></span> <span class='ocrx_word' id='word_1_174' title='bbox 783 3621 990 3685; x_wconf 85' lang='lat' dir='ltr'><strong>stabiliendam</strong></span> <span class='ocrx_word' id='word_1_175' title='bbox 1011 3622 1242 3699; x_wconf 83' lang='lat' dir='ltr'><strong>Copemioanam</strong></span> <span class='ocrx_word' id='word_1_176' title='bbox 1264 3637 1358 3681; x_wconf 88' lang='lat' dir='ltr'><strong>rorum</strong></span> <span class='ocrx_word' id='word_1_177' title='bbox 1381 3622 1501 3681; x_wconf 83' lang='lat' dir='ltr'><strong>unirer-</strong></span> 
     </span>
     <span class='ocr_line' id='line_1_20' title="bbox 157 3708 1501 3786; baseline 0.003 -21"><span class='ocrx_word' id='word_1_178' title='bbox 157 3708 249 3769; x_wconf 89' lang='lat' dir='ltr'><strong>ritatis</strong></span> <span class='ocrx_word' id='word_1_179' title='bbox 262 3710 415 3781; x_wconf 83' lang='lat' dir='ltr'><strong>rationem,</strong></span> <span class='ocrx_word' id='word_1_180' title='bbox 438 3710 545 3786; x_wconf 91' lang='lat' dir='ltr'><strong>qnippe</strong></span> <span class='ocrx_word' id='word_1_181' title='bbox 560 3727 636 3786; x_wconf 89' lang='lat' dir='ltr'><strong>qnae</strong></span> <span class='ocrx_word' id='word_1_182' title='bbox 652 3727 717 3770; x_wconf 87' lang='lat' dir='ltr'><strong>cunr</strong></span> <span class='ocrx_word' id='word_1_183' title='bbox 731 3710 799 3769; x_wconf 87' lang='lat' dir='ltr'><strong>aliis</strong></span> <span class='ocrx_word' id='word_1_184' title='bbox 813 3710 918 3782; x_wconf 86' lang='lat' dir='ltr'><strong>causis,</strong></span> <span class='ocrx_word' id='word_1_185' title='bbox 942 3717 1003 3769; x_wconf 81' lang='lat' dir='ltr'><strong>tuni</strong></span> <span class='ocrx_word' id='word_1_186' title='bbox 1019 3716 1166 3770; x_wconf 81' lang='lat' dir='ltr'><strong>vetustate</strong></span> <span class='ocrx_word' id='word_1_187' title='bbox 1180 3709 1306 3768; x_wconf 83' lang='lat' dir='ltr'><strong>maxime</strong></span> <span class='ocrx_word' id='word_1_188' title='bbox 1321 3708 1501 3784; x_wconf 87' lang='lat' dir='ltr'><strong>probaretur,</strong></span> 
     </span>
    </p>
   </div>
   <div class='ocr_carea' id='block_1_11' title="bbox 31 3794 1631 4139">
    <p class='ocr_par' dir='ltr' id='par_1_11' title="bbox 31 3794 1631 4139">
     <span class='ocr_line' id='line_1_21' title="bbox 157 3794 1631 3874; baseline 0.002 -20"><span class='ocrx_word' id='word_1_189' title='bbox 157 3802 355 3857; x_wconf 75' lang='lat' dir='ltr'><strong>revocaverat</strong></span> <span class='ocrx_word' id='word_1_190' title='bbox 399 3794 507 3867; x_wconf 84' lang='lat' dir='ltr'><strong>Mirum</strong></span> <span class='ocrx_word' id='word_1_191' title='bbox 532 3804 630 3859; x_wconf 87' lang='lat' dir='ltr'><strong>autem</strong></span> <span class='ocrx_word' id='word_1_192' title='bbox 658 3799 687 3857; x_wconf 92' lang='lat' dir='ltr'><strong>in</strong></span> <span class='ocrx_word' id='word_1_193' title='bbox 715 3795 833 3859; x_wconf 89' lang='lat' dir='ltr'><strong>modum</strong></span> <span class='ocrx_word' id='word_1_194' title='bbox 855 3804 951 3857; x_wconf 88' lang='lat' dir='ltr'><strong>motua</strong></span> <span class='ocrx_word' id='word_1_195' title='bbox 974 3804 1038 3858; x_wconf 91' lang='lat' dir='ltr'><strong>erat</strong></span> <span class='ocrx_word' id='word_1_196' title='bbox 1058 3795 1178 3874; x_wconf 88' lang='lat' dir='ltr'><strong>Kepleri</strong></span> <span class='ocrx_word' id='word_1_197' title='bbox 1200 3796 1315 3855; x_wconf 86' lang='lat' dir='ltr'><strong>animus</strong></span> <span class='ocrx_word' id='word_1_198' title='bbox 1337 3795 1502 3857; x_wconf 86' lang='lat' dir='ltr'><strong>mathema-</strong></span> <span class='ocrx_word' id='word_1_199' title='bbox 1629 3800 1631 3811; x_wconf 82' lang='grc'>’</span> 
     </span>
     <span class='ocr_line' id='line_1_22' title="bbox 31 3864 1502 3962; baseline 0.002 -22"><span class='ocrx_word' id='word_1_200' title='bbox 31 3864 33 3913; x_wconf 43' lang='grc' dir='ltr'>Ψ</span> <span class='ocrx_word' id='word_1_201' title='bbox 157 3883 224 3957; x_wconf 87' lang='lat' dir='ltr'><strong>tica,</strong></span> <span class='ocrx_word' id='word_1_202' title='bbox 246 3900 268 3943; x_wconf 85' lang='lat' dir='ltr'><strong>a</strong></span> <span class='ocrx_word' id='word_1_203' title='bbox 288 3882 501 3962; x_wconf 78' lang='lat' dir='ltr'><strong>Pythagoraeir</strong></span> <span class='ocrx_word' id='word_1_204' title='bbox 532 3882 673 3959; x_wconf 65' lang='lat' dir='ltr'><strong>albaneta</strong></span> <span class='ocrx_word' id='word_1_205' title='bbox 698 3882 1244 3961; x_wconf 83' lang='lat' dir='ltr'><strong>philosophicis.commentationibus,</strong></span> <span class='ocrx_word' id='word_1_206' title='bbox 1281 3885 1502 3959; x_wconf 89' lang='lat' dir='ltr'><strong>quaestionibus</strong></span> 
     </span>
     <span class='ocr_line' id='line_1_23' title="bbox 31 3969 1501 4047; baseline 0.003 -20"><span class='ocrx_word' id='word_1_207' title='bbox 31 3992 33 4007; x_wconf 55' lang='lat'><strong>,</strong></span> <span class='ocrx_word' id='word_1_208' title='bbox 158 3985 254 4030; x_wconf 88' lang='lat' dir='ltr'><strong>corum</strong></span> <span class='ocrx_word' id='word_1_209' title='bbox 286 3969 323 4031; x_wconf 89' lang='lat' dir='ltr'><strong>da</strong></span> <span class='ocrx_word' id='word_1_210' title='bbox 350 3973 477 4033; x_wconf 91' lang='lat' dir='ltr'><strong>numeris</strong></span> <span class='ocrx_word' id='word_1_211' title='bbox 506 3978 536 4031; x_wconf 91' lang='lat' dir='ltr'><strong>et</strong></span> <span class='ocrx_word' id='word_1_212' title='bbox 562 3971 599 4031; x_wconf 90' lang='lat' dir='ltr'><strong>de</strong></span> <span class='ocrx_word' id='word_1_213' title='bbox 628 3990 676 4046; x_wconf 87' lang='lat' dir='ltr'><strong>aa,</strong></span> <span class='ocrx_word' id='word_1_214' title='bbox 704 3988 780 4047; x_wconf 88' lang='lat' dir='ltr'><strong>quae</strong></span> <span class='ocrx_word' id='word_1_215' title='bbox 807 3972 881 4031; x_wconf 89' lang='lat' dir='ltr'><strong>inter</strong></span> <span class='ocrx_word' id='word_1_216' title='bbox 910 3970 965 4032; x_wconf 90' lang='lat' dir='ltr'><strong>bos</strong></span> <span class='ocrx_word' id='word_1_217' title='bbox 987 3980 1016 4033; x_wconf 92' lang='lat' dir='ltr'><strong>et</strong></span> <span class='ocrx_word' id='word_1_218' title='bbox 1038 3970 1208 4047; x_wconf 74' lang='lat' dir='ltr'><strong>coelestium</strong></span> <span class='ocrx_word' id='word_1_219' title='bbox 1230 3986 1383 4046; x_wconf 88' lang='lat' dir='ltr'><strong>corporum</strong></span> <span class='ocrx_word' id='word_1_220' title='bbox 1404 3979 1501 4032; x_wconf 88' lang='lat' dir='ltr'><strong>motus</strong></span> 
     </span>
     <span class='ocr_line' id='line_1_24' title="bbox 31 4056 1502 4139; baseline 0.003 -25"><span class='ocrx_word' id='word_1_221' title='bbox 31 4102 33 4135; x_wconf 69' lang='lat'><strong>,</strong></span> <span class='ocrx_word' id='word_1_222' title='bbox 158 4056 356 4131; x_wconf 67' lang='lat' dir='ltr'><strong>mureederat,</strong></span> <span class='ocrx_word' id='word_1_223' title='bbox 370 4059 491 4131; x_wconf 76' lang='lat' dir='ltr'><strong>rutinae,</strong></span> <span class='ocrx_word' id='word_1_224' title='bbox 515 4058 550 4118; x_wconf 84' lang='lat' dir='ltr'><strong>de</strong></span> <span class='ocrx_word' id='word_1_225' title='bbox 565 4060 674 4121; x_wconf 85' lang='lat' dir='ltr'><strong>tributa</strong></span> <span class='ocrx_word' id='word_1_226' title='bbox 687 4057 902 4139; x_wconf 62' lang='lat' dir='ltr'><strong>Pythagoraeis</strong></span> <span class='ocrx_word' id='word_1_227' title='bbox 918 4067 989 4133; x_wconf 87' lang='lat' dir='ltr'><strong>arte,</strong></span> <span class='ocrx_word' id='word_1_228' title='bbox 1011 4075 1101 4120; x_wconf 81' lang='lat' dir='ltr'><strong>eonor</strong></span> <span class='ocrx_word' id='word_1_229' title='bbox 1115 4058 1300 4120; x_wconf 88' lang='lat' dir='ltr'><strong>harmonicos</strong></span> <span class='ocrx_word' id='word_1_230' title='bbox 1314 4056 1353 4117; x_wconf 90' lang='lat' dir='ltr'><strong>ad</strong></span> <span class='ocrx_word' id='word_1_231' title='bbox 1366 4075 1502 4120; x_wconf 90' lang='lat' dir='ltr'><strong>numeros</strong></span> 
     </span>
    </p>
   </div>
   <div class='ocr_carea' id='block_1_12' title="bbox 157 4142 1502 4223">
    <p class='ocr_par' dir='ltr' id='par_1_12' title="bbox 157 4142 1502 4223">
     <span class='ocr_line' id='line_1_25' title="bbox 157 4142 1502 4223; baseline 0.002 -20"><span class='ocrx_word' id='word_1_232' title='bbox 157 4142 311 4219; x_wconf 78' lang='lat' dir='ltr'><strong>referendi,</strong></span> <span class='ocrx_word' id='word_1_233' title='bbox 342 4144 379 4213; x_wconf 87' lang='lat' dir='ltr'><strong>de</strong></span> <span class='ocrx_word' id='word_1_234' title='bbox 406 4144 520 4207; x_wconf 90' lang='lat' dir='ltr'><strong>illorum</strong></span> <span class='ocrx_word' id='word_1_235' title='bbox 547 4147 707 4222; x_wconf 78' lang='lat' dir='ltr'><strong>geometria</strong></span> <span class='ocrx_word' id='word_1_236' title='bbox 730 4152 760 4206; x_wconf 92' lang='lat' dir='ltr'><strong>et</strong></span> <span class='ocrx_word' id='word_1_237' title='bbox 780 4147 810 4204; x_wconf 90' lang='lat' dir='ltr'><strong>iu</strong></span> <span class='ocrx_word' id='word_1_238' title='bbox 834 4164 869 4207; x_wconf 89' lang='lat' dir='ltr'><strong>aa</strong></span> <span class='ocrx_word' id='word_1_239' title='bbox 892 4145 928 4208; x_wconf 91' lang='lat' dir='ltr'><strong>de</strong></span> <span class='ocrx_word' id='word_1_240' title='bbox 954 4146 1136 4223; x_wconf 76' lang='lat' dir='ltr'><strong>regularibus</strong></span> <span class='ocrx_word' id='word_1_241' title='bbox 1166 4146 1292 4205; x_wconf 80' lang='lat' dir='ltr'><strong>maxime</strong></span> <span class='ocrx_word' id='word_1_242' title='bbox 1322 4147 1502 4223; x_wconf 88' lang='lat' dir='ltr'><strong>corporibus,</strong></span> 
     </span>
    </p>
   </div>
   <div class='ocr_carea' id='block_1_13' title="bbox 31 4231 1281 4311">
    <p class='ocr_par' dir='ltr' id='par_1_13' title="bbox 31 4231 1281 4311">
     <span class='ocr_line' id='line_1_26' title="bbox 31 4231 1281 4311; baseline 0.003 -21"><span class='ocrx_word' id='word_1_243' title='bbox 31 4284 33 4307; x_wconf 64' lang='lat'><strong>,</strong></span> <span class='ocrx_word' id='word_1_244' title='bbox 158 4232 263 4307; x_wconf 89' lang='lat' dir='ltr'><strong>quibus</strong></span> <span class='ocrx_word' id='word_1_245' title='bbox 280 4231 478 4310; x_wconf 79' lang='lat' dir='ltr'><strong>Pythagoraei</strong></span> <span class='ocrx_word' id='word_1_246' title='bbox 500 4232 698 4311; x_wconf 85' lang='lat' dir='ltr'><strong>symbolorum</strong></span> <span class='ocrx_word' id='word_1_247' title='bbox 720 4233 910 4293; x_wconf 90' lang='lat' dir='ltr'><strong>amantissimi</strong></span> <span class='ocrx_word' id='word_1_248' title='bbox 932 4234 1088 4310; x_wconf 91' lang='lat' dir='ltr'><strong>plurimum</strong></span> <span class='ocrx_word' id='word_1_249' title='bbox 1111 4234 1281 4294; x_wconf 83' lang='lat' dir='ltr'><strong>tribuerunt.</strong></span> 
     </span>
    </p>
   </div>
   <div class='ocr_carea' id='block_1_14' title="bbox 263 4312 1501 4397">
    <p class='ocr_par' dir='ltr' id='par_1_14' title="bbox 263 4312 1501 4397">
     <span class='ocr_line' id='line_1_27' title="bbox 263 4312 1501 4397; baseline -0.001 -16"><span class='ocrx_word' id='word_1_250' title='bbox 263 4318 366 4396; x_wconf 86' lang='lat' dir='ltr'><strong>ltaque</strong></span> <span class='ocrx_word' id='word_1_251' title='bbox 388 4318 547 4396; x_wconf 84' lang='lat' dir='ltr'><strong>Kaplerur,</strong></span> <span class='ocrx_word' id='word_1_252' title='bbox 573 4321 637 4397; x_wconf 86' lang='lat' dir='ltr'><strong>jam</strong></span> <span class='ocrx_word' id='word_1_253' title='bbox 662 4320 733 4383; x_wconf 87' lang='lat' dir='ltr'><strong>dum</strong></span> <span class='ocrx_word' id='word_1_254' title='bbox 758 4312 791 4380; x_wconf 84' lang='lat' dir='ltr'><strong>¹in</strong></span> <span class='ocrx_word' id='word_1_255' title='bbox 818 4322 973 4381; x_wconf 85' lang='lat' dir='ltr'><strong>seminario</strong></span> <span class='ocrx_word' id='word_1_256' title='bbox 1003 4320 1171 4397; x_wconf 72' lang='lat' dir='ltr'><strong>meologico</strong></span> <span class='ocrx_word' id='word_1_257' title='bbox 1193 4321 1375 4397; x_wconf 79' lang='lat' dir='ltr'><strong>Tubiugansi</strong></span> <span class='ocrx_word' id='word_1_258' title='bbox 1402 4318 1501 4395; x_wconf 90' lang='lat' dir='ltr'><strong>pbilo-</strong></span> 
     </span>
    </p>
   </div>
   <div class='ocr_carea' id='block_1_15' title="bbox 31 4405 1500 4487">
    <p class='ocr_par' dir='ltr' id='par_1_15' title="bbox 31 4405 1500 4487">
     <span class='ocr_line' id='line_1_28' title="bbox 31 4405 1500 4487; baseline 0.001 -22"><span class='ocrx_word' id='word_1_259' title='bbox 31 4418 33 4487; x_wconf 74' lang='lat' dir='ltr'>j</span> <span class='ocrx_word' id='word_1_260' title='bbox 158 4405 278 4482; x_wconf 81' lang='lat' dir='ltr'><strong>sophiae</strong></span> <span class='ocrx_word' id='word_1_261' title='bbox 304 4414 334 4467; x_wconf 91' lang='lat' dir='ltr'><strong>at</strong></span> <span class='ocrx_word' id='word_1_262' title='bbox 358 4409 553 4469; x_wconf 89' lang='lat' dir='ltr'><strong>astronomiae</strong></span> <span class='ocrx_word' id='word_1_263' title='bbox 580 4425 698 4485; x_wconf 83' lang='lat' dir='ltr'><strong>operam</strong></span> <span class='ocrx_word' id='word_1_264' title='bbox 721 4407 785 4481; x_wconf 86' lang='lat' dir='ltr'><strong>dat,</strong></span> <span class='ocrx_word' id='word_1_265' title='bbox 815 4414 927 4469; x_wconf 84' lang='lat' dir='ltr'><strong>erectus</strong></span> <span class='ocrx_word' id='word_1_266' title='bbox 950 4410 1142 4485; x_wconf 82' lang='lat' dir='ltr'><strong>cogitatione,</strong></span> <span class='ocrx_word' id='word_1_267' title='bbox 1173 4407 1342 4469; x_wconf 87' lang='lat' dir='ltr'><strong>coelestium</strong></span> <span class='ocrx_word' id='word_1_268' title='bbox 1370 4414 1500 4467; x_wconf 89' lang='lat' dir='ltr'><strong>motuum</strong></span> 
     </span>
    </p>
   </div>
   <div class='ocr_carea' id='block_1_16' title="bbox 158 4493 1501 4571">
    <p class='ocr_par' dir='ltr' id='par_1_16' title="bbox 158 4493 1501 4571">
     <span class='ocr_line' id='line_1_29' title="bbox 158 4493 1501 4571; baseline 0 -17"><span class='ocrx_word' id='word_1_269' title='bbox 158 4493 237 4570; x_wconf 76' lang='lat' dir='ltr'><strong>leges</strong></span> <span class='ocrx_word' id='word_1_270' title='bbox 269 4493 306 4554; x_wconf 90' lang='lat' dir='ltr'><strong>ad</strong></span> <span class='ocrx_word' id='word_1_271' title='bbox 335 4511 517 4559; x_wconf 67' lang='lat' dir='ltr'><strong>munnam</strong></span> <span class='ocrx_word' id='word_1_272' title='bbox 545 4512 675 4559; x_wconf 87' lang='lat' dir='ltr'><strong>normam</strong></span> <span class='ocrx_word' id='word_1_273' title='bbox 705 4494 938 4557; x_wconf 81' lang='lat' dir='ltr'><strong>mathematicam</strong></span> <span class='ocrx_word' id='word_1_274' title='bbox 968 4495 1124 4570; x_wconf 78' lang='lat' dir='ltr'><strong>reiciendi,</strong></span> <span class='ocrx_word' id='word_1_275' title='bbox 1155 4512 1215 4556; x_wconf 87' lang='lat' dir='ltr'><strong>rem</strong></span> <span class='ocrx_word' id='word_1_276' title='bbox 1243 4511 1262 4554; x_wconf 88' lang='lat' dir='ltr'><strong>a</strong></span> <span class='ocrx_word' id='word_1_277' title='bbox 1287 4493 1501 4571; x_wconf 78' lang='lat' dir='ltr'><strong>Pythagoraeis</strong></span> 
     </span>
    </p>
   </div>
   <div class='ocr_carea' id='block_1_17' title="bbox 31 4581 1500 4660">
    <p class='ocr_par' dir='ltr' id='par_1_17' title="bbox 31 4581 1500 4660">
     <span class='ocr_line' id='line_1_30' title="bbox 31 4581 1500 4660; baseline 0.001 -18"><span class='ocrx_word' id='word_1_278' title='bbox 31 4630 32 4633; x_wconf 63' lang='lat'><strong>,</strong></span> <span class='ocrx_word' id='word_1_279' title='bbox 159 4587 299 4642; x_wconf 63' lang='lat' dir='ltr'><strong>mutuum</strong></span> <span class='ocrx_word' id='word_1_280' title='bbox 321 4589 351 4641; x_wconf 91' lang='lat' dir='ltr'><strong>et</strong></span> <span class='ocrx_word' id='word_1_281' title='bbox 370 4585 435 4658; x_wconf 91' lang='lat' dir='ltr'><strong>ipse</strong></span> <span class='ocrx_word' id='word_1_282' title='bbox 457 4600 612 4660; x_wconf 73' lang='lat' dir='ltr'><strong>aggressus</strong></span> <span class='ocrx_word' id='word_1_283' title='bbox 635 4591 687 4645; x_wconf 86' lang='lat' dir='ltr'><strong>est.</strong></span> <span class='ocrx_word' id='word_1_284' title='bbox 723 4581 908 4659; x_wconf 85' lang='lat' dir='ltr'><strong>Quamquam</strong></span> <span class='ocrx_word' id='word_1_285' title='bbox 931 4583 1098 4644; x_wconf 88' lang='lat' dir='ltr'><strong>dissertatio</strong></span> <span class='ocrx_word' id='word_1_286' title='bbox 1123 4581 1179 4659; x_wconf 84' lang='lat' dir='ltr'><strong>,de</strong></span> <span class='ocrx_word' id='word_1_287' title='bbox 1194 4582 1298 4641; x_wconf 82' lang='lat' dir='ltr'><strong>Luna“</strong></span> <span class='ocrx_word' id='word_1_288' title='bbox 1322 4597 1400 4641; x_wconf 88' lang='lat' dir='ltr'><strong>auno</strong></span> <span class='ocrx_word' id='word_1_289' title='bbox 1417 4583 1500 4643; x_wconf 77' lang='grc'>1693</span> 
     </span>
    </p>
   </div>
   <div class='ocr_carea' id='block_1_18' title="bbox 158 4668 1502 5084">
    <p class='ocr_par' dir='ltr' id='par_1_18' title="bbox 159 4668 1501 4746">
     <span class='ocr_line' id='line_1_31' title="bbox 159 4668 1501 4746; baseline 0 -18"><span class='ocrx_word' id='word_1_290' title='bbox 159 4668 325 4745; x_wconf 84' lang='lat' dir='ltr'><strong>aKoplero</strong></span> <span class='ocrx_word' id='word_1_291' title='bbox 348 4671 519 4745; x_wconf 79' lang='lat' dir='ltr'><strong>nonsuipta,</strong></span> <span class='ocrx_word' id='word_1_292' title='bbox 542 4671 626 4746; x_wconf 88' lang='lat' dir='ltr'><strong>cujus</strong></span> <span class='ocrx_word' id='word_1_293' title='bbox 647 4687 855 4746; x_wconf 86' lang='lat' dir='ltr'><strong>nonnunquam</strong></span> <span class='ocrx_word' id='word_1_294' title='bbox 876 4673 984 4733; x_wconf 87' lang='lat' dir='ltr'><strong>mentio</strong></span> <span class='ocrx_word' id='word_1_295' title='bbox 1007 4671 1041 4730; x_wconf 87' lang='lat' dir='ltr'><strong>iit</strong></span> <span class='ocrx_word' id='word_1_296' title='bbox 1061 4670 1368 4743; x_wconf 75' lang='lat' dir='ltr'><strong>(arr.v01.1.p.rt.11.</strong></span> <span class='ocrx_word' id='word_1_297' title='bbox 1387 4671 1501 4743; x_wconf 76' lang='lat' dir='ltr'><strong>pilii),</strong></span> 
     </span>
    </p>

    <p class='ocr_par' dir='ltr' id='par_1_19' title="bbox 158 4753 1502 4834">
     <span class='ocr_line' id='line_1_32' title="bbox 158 4753 1502 4834; baseline 0 -21"><span class='ocrx_word' id='word_1_298' title='bbox 158 4755 279 4819; x_wconf 82' lang='lat' dir='ltr'><strong>tomam</strong></span> <span class='ocrx_word' id='word_1_299' title='bbox 306 4759 400 4833; x_wconf 68' lang='lat' dir='ltr'><strong>magis</strong></span> <span class='ocrx_word' id='word_1_300' title='bbox 427 4763 458 4819; x_wconf 88' lang='lat' dir='ltr'><strong>et</strong></span> <span class='ocrx_word' id='word_1_301' title='bbox 486 4759 666 4834; x_wconf 82' lang='lat' dir='ltr'><strong>superficiem</strong></span> <span class='ocrx_word' id='word_1_302' title='bbox 687 4757 790 4823; x_wconf 82' lang='lat' dir='ltr'><strong>Lnuae</strong></span> <span class='ocrx_word' id='word_1_303' title='bbox 817 4766 966 4834; x_wconf 73' lang='lat' dir='ltr'><strong>spectasse</strong></span> <span class='ocrx_word' id='word_1_304' title='bbox 997 4766 1028 4820; x_wconf 89' lang='lat' dir='ltr'><strong>et</strong></span> <span class='ocrx_word' id='word_1_305' title='bbox 1048 4754 1192 4834; x_wconf 89' lang='lat' dir='ltr'><strong>quaedam</strong></span> <span class='ocrx_word' id='word_1_306' title='bbox 1215 4753 1252 4814; x_wconf 90' lang='lat' dir='ltr'><strong>da</strong></span> <span class='ocrx_word' id='word_1_307' title='bbox 1272 4753 1376 4813; x_wconf 87' lang='lat' dir='ltr'><strong>Lunae</strong></span> <span class='ocrx_word' id='word_1_308' title='bbox 1398 4755 1502 4815; x_wconf 89' lang='lat' dir='ltr'><strong>incolis</strong></span> 
     </span>
    </p>

    <p class='ocr_par' dir='ltr' id='par_1_20' title="bbox 158 4841 1500 4923">
     <span class='ocr_line' id='line_1_33' title="bbox 158 4841 1500 4923; baseline -0.001 -22"><span class='ocrx_word' id='word_1_309' title='bbox 158 4842 263 4904; x_wconf 83' lang='lat' dir='ltr'><strong>lnaisee</strong></span> <span class='ocrx_word' id='word_1_310' title='bbox 277 4842 400 4919; x_wconf 79' lang='lat' dir='ltr'><strong>ridetur,</strong></span> <span class='ocrx_word' id='word_1_311' title='bbox 423 4847 569 4907; x_wconf 87' lang='lat' dir='ltr'><strong>mentione</strong></span> <span class='ocrx_word' id='word_1_312' title='bbox 591 4852 689 4907; x_wconf 83' lang='lat' dir='ltr'><strong>tamen</strong></span> <span class='ocrx_word' id='word_1_313' title='bbox 703 4844 890 4923; x_wconf 79' lang='lat' dir='ltr'><strong>Pythagorae</strong></span> <span class='ocrx_word' id='word_1_314' title='bbox 911 4847 1020 4923; x_wconf 73' lang='lat' dir='ltr'><strong>injecta</strong></span> <span class='ocrx_word' id='word_1_315' title='bbox 1041 4843 1235 4905; x_wconf 87' lang='lat' dir='ltr'><strong>adolescentis</strong></span> <span class='ocrx_word' id='word_1_316' title='bbox 1258 4843 1387 4905; x_wconf 89' lang='lat' dir='ltr'><strong>animum</strong></span> <span class='ocrx_word' id='word_1_317' title='bbox 1409 4841 1500 4903; x_wconf 85' lang='lat' dir='ltr'><strong>Samii</strong></span> 
     </span>
    </p>

    <p class='ocr_par' dir='ltr' id='par_1_21' title="bbox 160 4930 1501 5084">
     <span class='ocr_line' id='line_1_34' title="bbox 160 4930 1501 5012; baseline 0.001 -23"><span class='ocrx_word' id='word_1_318' title='bbox 160 4931 259 5008; x_wconf 75' lang='lat' dir='ltr'><strong>magui</strong></span> <span class='ocrx_word' id='word_1_319' title='bbox 277 4930 465 5010; x_wconf 84' lang='lat' dir='ltr'><strong>philosophia</strong></span> <span class='ocrx_word' id='word_1_320' title='bbox 483 4932 621 5010; x_wconf 87' lang='lat' dir='ltr'><strong>jamtum</strong></span> <span class='ocrx_word' id='word_1_321' title='bbox 643 4940 754 4995; x_wconf 84' lang='lat' dir='ltr'><strong>motum</strong></span> <span class='ocrx_word' id='word_1_322' title='bbox 766 4950 832 4995; x_wconf 88' lang='lat' dir='ltr'><strong>esse</strong></span> <span class='ocrx_word' id='word_1_323' title='bbox 846 4943 977 5012; x_wconf 86' lang='lat' dir='ltr'><strong>apparet</strong></span> <span class='ocrx_word' id='word_1_324' title='bbox 1014 4933 1103 4995; x_wconf 81' lang='lat' dir='ltr'><strong>Brevi</strong></span> <span class='ocrx_word' id='word_1_325' title='bbox 1118 4937 1187 5009; x_wconf 83' lang='lat' dir='ltr'><strong>pert</strong></span> <span class='ocrx_word' id='word_1_326' title='bbox 1201 4947 1289 5008; x_wconf 90' lang='lat' dir='ltr'><strong>quam</strong></span> <span class='ocrx_word' id='word_1_327' title='bbox 1305 4932 1501 5008; x_wconf 85' lang='lat' dir='ltr'><strong>praeceptoris</strong></span> 
     </span>
     <span class='ocr_line' id='line_1_35' title="bbox 1157 5032 1328 5084; baseline 0 -39"><span class='ocrx_word' id='word_1_328' title='bbox 1157 5034 1162 5045; x_wconf 91' lang='lat'>.</span> <span class='ocrx_word' id='word_1_329' title='bbox 1294 5032 1328 5084; x_wconf 80' lang='lat' dir='ltr'><strong>i*</strong></span> 
     </span>
    </p>
   </div>
   <div class='ocr_carea' id='block_1_19' title="bbox 0 0 1794 5625">
    <p class='ocr_par' dir='ltr' id='par_1_22' title="bbox 0 0 1794 5625">
     <span class='ocr_line' id='line_1_36' title="bbox 0 0 1794 5625; baseline 0 0"><span class='ocrx_word' id='word_1_330' title='bbox 0 0 1794 5625; x_wconf 95' lang='lat' dir='ltr'><strong> </strong></span> 
     </span>
    </p>
   </div>
  </div>
 </body>
</html>
