3567 5625
672 413 754 471 mua
770 411 820 490 nv.
840 412 929 484 capa
948 413 980 470 v.
1433 420 1493 480 aar

155 593 291 656 amabas
313 563 487 676 vbmtlbas,
502 593 583 654 illam
605 591 696 653 veluti
720 609 755 653 er
777 593 935 655 ιιιιιιιιιιιιι
959 593 1162 670 mutabilibus,
1185 595 1262 657 hauc
1281 613 1317 658 ex
1333 613 1497 658 consonan-

156 684 203 742 tiis
226 683 405 743 animalibus
428 676 702 761 compositum).

148 823 154 836 ’
239 817 353 874 Notal.
389 819 422 874 In
443 818 497 874 huc
521 820 610 889 capite
627 817 799 873 Ptolemaeus
821 816 1007 873 amesseae
1031 818 1138 880 nititur,
1162 817 1307 874 facultates
1325 818 1431 874 animae
1449 819 1499 874 hu·

153 912 249 952 manae
276 895 397 964 singulas
420 897 503 966 ipsas.
522 913 583 952 cum
609 897 666 950 suis
690 895 808 965 propriis
834 895 976 963 speciebus
994 898 1067 952 varie
1084 896 1267 952 conformatas
1289 904 1317 951 st
1334 898 1499 952 constitutas

155 990 215 1029 esse
234 973 407 1029 adustiones
425 976 604 1032 harmonicas.
642 975 701 1044 Ego
721 974 898 1031 H'armonices
915 972 961 1028 lib.
980 974 1026 1029 IV.
1045 990 1105 1043 cap.
1124 974 1155 1045 2,
1174 975 1192 1030 3
1209 982 1238 1030 et
1254 976 1271 1031 7
1290 975 1409 1045 ostendi,
1434 991 1499 1044 qna·
1577 979 1581 992 ⁴

154 1059 235 1108 tenus
253 1051 367 1107 concedi
383 1055 478 1122 possit,
495 1055 583 1124 ipsam
602 1053 707 1109 animae
725 1051 884 1123 punitionem
902 1052 1048 1106 esseubam
1066 1053 1215 1107 consulere
1232 1053 1261 1106 iu
1274 1053 1452 1121 geometricis,
1471 1052 1499 1107 in

156 1128 243 1207 figura
261 1146 299 1185 sc.
318 1131 413 1186 mrouli
430 1132 505 1187 velut
522 1131 652 1188 absbacti
670 1147 686 1186 a
705 1131 870 1201 quantitate,
896 1131 979 1200 inque
996 1131 1218 1201 proportionibus
1235 1131 1411 1201 harmonicis,
1430 1146 1500 1200 quae

156 1217 220 1264 sant
237 1224 275 1264 ex
285 1208 416 1264 divisione
434 1205 536 1275 circui
554 1219 688 1280 quatenus
705 1226 747 1266 so.
765 1210 855 1266 anima
871 1217 965 1265 nostra
982 1217 1025 1265 est
1042 1211 1094 1265 Dei
1111 1211 1255 1280 mauris,
1278 1211 1322 1266 oui
1340 1212 1393 1267 ista
1410 1209 1500 1266 omnia

155 1298 302 1346 coaeterna
318 1297 394 1356 sunt,
412 1289 510 1359 imago.
545 1293 583 1344 Δι
598 1290 628 1343 iu
645 1305 675 1343 re
693 1290 810 1345 obscma
834 1299 884 1343 nec
902 1287 941 1344 ita
959 1288 1083 1344 sensibus
1107 1290 1208 1345 uostris
1233 1288 1313 1345 obvia
1335 1305 1390 1345 non
1409 1294 1501 1358 potest

156 1385 218 1426 esse
235 1367 371 1424 dilucidus
388 1376 444 1435 per·
455 1373 547 1436 partes
565 1367 686 1435 singulm
705 1365 867 1436 explicatus.
901 1369 954 1423 Est
971 1368 1141 1423 bsecveluti
1159 1369 1247 1423 forma
1258 1367 1347 1435 animi,
1366 1374 1501 1436 quatenus

156 1447 262 1503 animus
280 1446 308 1501 in
326 1461 433 1515 gauere,
451 1461 502 1503 uec
519 1454 634 1516 possunt
651 1446 774 1503 ὣιιιιιι
786 1447 976 1518 proportiones
989 1449 1160 1504 harmonicae
1176 1448 1205 1504 ia
1217 1447 1324 1503 diversa
1340 1447 1399 1516 ejus
1411 1446 1503 1501 muana

158 1526 293 1582 distribui.
331 1524 410 1596 Quod
427 1527 499 1581 euim
515 1525 654 1596 iutelligit,
672 1526 702 1581 id
719 1527 793 1597 facit,
811 1534 843 1581 ut
861 1532 904 1584 est
922 1526 1079 1595 simpliciter
1097 1527 1214 1595 animata,
1238 1526 1311 1595 quod
1328 1541 1391 1580 vero
1410 1524 1501 1591 sentit,

156 1606 222 1660 facit
246 1611 381 1674 quatenus
405 1612 448 1659 est
472 1605 593 1673 corporis
617 1603 718 1671 forms,
745 1611 776 1660 ut
792 1613 822 1660 et
839 1604 914 1675 quod
931 1603 1090 1660 recordatur
1111 1605 1224 1674 aliisque
1248 1604 1385 1659 habitibus
1402 1617 1501 1673 corpus

157 1685 269 1740 instruit
289 1690 461 1752 exercetque.
499 1685 566 1739 Cum
588 1685 646 1753 jam
670 1684 881 1741 antecessissent
903 1684 932 1737 in
956 1683 1149 1738 consumtions
1173 1682 1290 1736 hominis
1313 1689 1406 1751 partes
1423 1682 1501 1752 istae,

157 1778 257 1834 corpus
275 1770 304 1817 et
321 1763 422 1831 anima,
445 1762 521 1833 leges
543 1764 627 1832 igitur
643 1764 753 1820 animm
767 1761 978 1819 conformandae
1001 1762 1029 1815 in
1047 1760 1090 1817 his
1109 1761 1176 1832 ipsis
1200 1760 1420 1826 continebantur,
1445 1765 1502 1815 nou

157 1843 185 1897 iu
202 1843 296 1912 aliquo
313 1841 519 1906 ,harmoniarum
545 1842 706 1913 archetypo;
733 1859 795 1899 narn
820 1841 867 1897 ubi
890 1848 984 1910 partes
1003 1846 1030 1895 et
1050 1839 1142 1894 munia
1169 1854 1202 1893 ax
1220 1838 1269 1894 tali
1286 1838 1433 1907 archetypo
1457 1837 1502 1893 de

158 1927 312 1984 sumuntur,
328 1920 367 1974 ibi
384 1927 492 1990 oportet
510 1935 571 1978 esse
587 1921 740 1978 libertatem
757 1937 875 1989 meram,
899 1936 949 1975 aec
966 1919 1149 1990 praescriptas
1168 1933 1228 1973 esse
1245 1917 1319 1989 leges
1335 1917 1503 1986 ,antiquiores

158 1999 299 2067 magisque
320 2000 494 2055 necessarias.
531 2001 593 2055 Nun
610 2000 694 2070 igitur
711 2001 800 2056 anima
824 2001 932 2056 diversa
948 1997 1017 2053 haec
1040 1998 1153 2053 sumitur
1169 1997 1276 2065 munia,
1300 1996 1366 2064 qaia
1383 1997 1505 2051 disemos

158 2085 223 2134 sunt
240 2077 409 2145 harmoniae,
436 2076 486 2132 sed
511 2078 575 2147 quia
597 2078 637 2134 sic
658 2078 774 2147 requirit
799 2076 923 2145 subjecta
946 2076 1067 2131 materia
1103 2075 1161 2130 Nec
1178 2075 1324 2144 quicquam
1349 2073 1459 2129 invenio
1476 2074 1504 2128 in

158 2159 212 2214 hoc
230 2155 328 2227 capite,
346 2155 421 2225 quod
437 2173 491 2212 uon
510 2157 546 2212 sit
563 2165 700 2228 coactum3
727 2157 817 2213 omnia
834 2162 1002 2225 peraguntur
1020 2153 1151 2221 muoqiu
1174 2159 1203 2207 ιι
1224 2151 1354 2222 jucundis
1372 2152 1445 2207 circa
1458 2166 1506 2208 eas

159 2236 275 2292 lusibus.
310 2236 349 2292 Et
366 2234 438 2305 quod
456 2239 539 2304 caput
555 2243 609 2304 est,
636 2252 691 2291 uon
713 2236 861 2303 iudicatur,
887 2231 1022 2303 quomodo
1041 2231 1147 2287 suimus
1168 2230 1313 2300 participet
1329 2228 1505 2299 loum'tutlius,
1602 2262 1604 2270 ,

160 2314 208 2370 aut
226 2313 375 2369 secuudum
400 2329 459 2369 eam
477 2320 566 2382 motu;
589 2323 621 2370 ut
643 2315 732 2385 posito
756 2313 881 2382 subiecto
899 2311 1006 2382 possint
1029 2311 1110 2367 suan
1132 2310 1288 2365 barmoniae
1306 2310 1383 2378 poni,
1405 2308 1507 2379 quippe

159 2392 232 2449 iuter
249 2393 394 2461 terminon
418 2393 534 2463 subiecti
550 2402 656 2464 partes,
684 2396 832 2452 samnium
849 2410 883 2448 ea
901 2407 971 2462 quae
989 2406 1048 2462 cap,
1066 2393 1090 2448 3.
1110 2390 1171 2445 libri
1188 2390 1234 2445 IV.
1260 2389 1403 2459 disputari.
1437 2389 1507 2444 Nam

160 2470 237 2541 quod
254 2484 306 2539 ego
329 2471 358 2525 iu
376 2473 467 2528 anima
489 2479 562 2542 pono
585 2474 740 2529 harmonias
766 2473 954 2543 uehaqpices
978 2470 1142 2535 formabtar,
1166 2470 1194 2525 id
1219 2468 1348 2538 ostendo,
1370 2468 1507 2538 quommo

159 2550 216 2618 liat,
236 2555 374 2618 qnatenus
389 2565 428 2626 sc
446 2551 539 2606 anima
556 2557 599 2606 est
618 2551 726 2619 quidam
745 2553 824 2621 quasi
842 2550 974 2619 duculum
1005 2551 1034 2605 in
1052 2548 1144 2605 mrculi
1163 2549 1234 2605 enim
1252 2547 1398 2616 geometria
1414 2547 1508 2603 insum

161 2644 254 2685 omnes
273 2630 391 2684 omnium
409 2630 608 2686 harmoniarum
627 2630 733 2686 termini
751 2629 909 2687 differentiis
929 2629 1113 2686 scienualibus
1131 2627 1241 2684 discreti
1264 2627 1346 2696 inque
1366 2640 1431 2681 ιιιιι
1448 2624 1507 2681 lon·

161 2706 298 2775 piudines
317 2706 439 2765 dimensi.
478 2707 522 2764 Sic
540 2723 603 2764 sero
623 2725 716 2765 omues
735 2711 843 2765 omnino
861 2709 1015 2764 harmonias
1033 2724 1105 2779 pcno
1121 2708 1148 2762 in
1160 2707 1240 2763 unica
1251 2705 1356 2761 animae
1367 2703 1505 2772 facultate,

161 2800 199 2841 sa
217 2786 248 2840 in
263 2784 419 2856 intellectu,
438 2802 492 2842 uon
510 2802 546 2842 er
563 2787 677 2858 siugulis
695 2787 814 2857 singulas
831 2787 977 2845 facultates
994 2787 1089 2845 educo.
1125 2789 1227 2843 Demus
1244 2801 1322 2854 vero,
1346 2783 1405 2841 sine
1423 2799 1507 2854 quan·

161 2864 289 2920 uteribus
307 2864 436 2921 cunstitui
454 2880 536 2934 posse
551 2865 756 2936 proportionum
773 2868 904 2923 terminas
921 2868 950 2923 ia
961 2868 1065 2937 auima;
1083 2868 1129 2937 qni
1147 2875 1211 2922 suut
1231 2865 1313 2935 iqitur
1330 2881 1383 2919 uon
1401 2865 1509 2925 termini

152 2944 325 3014 'quantitatis
348 2944 409 3012 ejus
432 2944 623 3001 intellectualis
649 2947 749 3015 partis,
774 2946 942 3016 respondent
965 2947 1088 3002 terminis
1106 2948 1257 3015 diapason?
1292 2945 1335 2998 Au
1353 2943 1508 3000 intellectus

161 3039 217 3081 nan
236 3039 267 3078 se
284 3022 344 3093 ipso
363 3022 506 3078 subsistit?
540 3025 584 3078 Au
602 3025 642 3079 sic
659 3025 808 3094 requiritur
826 3024 971 3094 duplicitas
988 3026 1189 3095 principiorumv
1200 3023 1234 3078 ad
1254 3039 1322 3090 eum,
1341 3028 1372 3078 ut
1390 3023 1443 3079 duo
1455 3029 1508 3078 ter·

161 3101 227 3156 mini
251 3100 288 3155 ad
312 3101 534 3170 proportionem-l
570 3101 630 3170 Qua
651 3118 683 3157 rs
707 3102 861 3159 substantia
878 3110 1051 3174 comparatur
1068 3104 1212 3160 relationi?
1247 3101 1276 3159 ei
1299 3102 1371 3156 inter
1387 3100 1508 3156 intellec-

160 3189 219 3235 tum
244 3188 273 3234 et
294 3195 403 3235 sensum
426 3178 526 3236 fusses
550 3182 699 3236 constituta
721 3181 859 3251 proportio
886 3184 990 3252 aliqua,
1018 3183 1183 3253 comparatio
1209 3182 1308 3236 fuisset
1334 3178 1509 3236 emendatior.

161 3258 207 3313 Sic
225 3258 299 3312 enhn
316 3257 458 3313 Platonem
474 3258 627 3329 accepimus
650 3274 821 3328 comparasse
837 3260 923 3320 totius
946 3262 1052 3317 animae
1079 3262 1298 3317 comtitntionem
1321 3277 1385 3316 cum
1401 3260 1509 3315 harmu-

159 3335 268 3391 niarum
286 3336 404 3391 maxima
426 3343 454 3390 et
478 3336 687 3407 perfectissima,
715 3351 796 3406 quam
819 3345 925 3394 veteres
941 3338 1074 3395 dixerunt
1095 3355 1157 3395 esse
1175 3337 1508 3407 diapason-epidiapentet

161 3416 314 3473 amandum
332 3415 440 3483 quidem
457 3416 493 3485 id,
513 3417 694 3485 quodanima
712 3416 871 3487 quaubiaris
888 3418 974 3473 vicem
992 3417 1104 3484 obtinet,
1121 3417 1149 3472 id
1167 3426 1218 3486 est,
1237 3415 1385 3473 secundum
1403 3416 1509 3470 animae
1616 3440 1621 3449 ·

118 3540 121 3555 ,
160 3493 323 3549 facultatem
340 3494 369 3549 in
386 3511 508 3565 corpore.
542 3496 612 3551 Nam
629 3497 701 3553 inter
718 3497 809 3553 sedem
828 3497 917 3566 epatis
934 3496 971 3552 ιι
981 3495 1072 3553 sedem
1090 3496 1180 3551 cordis
1198 3503 1240 3551 est
1252 3494 1343 3565 aliqua
1360 3500 1435 3549 certa
1450 3492 1509 3548 lun·

161 3571 266 3641 muido,
286 3571 365 3640 cujus
383 3573 495 3643 duplum
513 3574 619 3630 circiter
636 3581 679 3631 est
695 3575 766 3630 inter
784 3575 876 3631 sedem
895 3576 983 3631 cordis
1001 3583 1030 3632 et
1046 3577 1137 3632 sedem
1155 3575 1267 3631 cerebri
1304 3573 1378 3641 Ergo
1395 3586 1456 3626 curn
1474 3570 1510 3625 sit

160 3648 305 3705 mfionalis
323 3650 428 3705 animae
445 3652 525 3707 sedes
543 3652 571 3707 iu
590 3652 710 3722 cerebro,
727 3653 871 3710 irascibilis
890 3653 917 3708 in
928 3654 1019 3724 corde,
1037 3653 1272 3722 concupiscentiae
1283 3651 1312 3706 in
1324 3657 1412 3720 epate,
1430 3647 1509 3703 Plato

159 3728 259 3784 statuit
276 3728 417 3783 rationalis
431 3729 466 3785 ad
477 3730 715 3800 concupiscibilem
726 3731 886 3787 facultatem
898 3733 1100 3802 proportionem
1110 3748 1172 3787 esse
1183 3730 1292 3801 triplam
1304 3744 1353 3786 seu
1366 3727 1510 3796 diapason·
1529 3769 1533 3785 ι

160 3807 352 3877 epidiapente,
379 3807 415 3864 ad
431 3809 594 3865 irascibilem
618 3809 729 3879 duplam
752 3825 801 3865 seu
820 3810 960 3879 diapason,
977 3810 1122 3868 irascibilis
1146 3809 1181 3865 ad
1199 3804 1436 3878 concupiscibilem
1454 3802 1510 3857 dia·

158 3894 247 3956 pente
265 3901 315 3942 seu
334 3887 551 3959 sesquialteram,
577 3895 606 3944 et
622 3889 675 3944 uisi
692 3904 735 3945 me
752 3889 823 3946 fallit
839 3891 958 3959 animm,
985 3892 1038 3946 hoc
1055 3892 1144 3961 ipsum
1169 3889 1220 3944 sibi
1237 3886 1323 3943 voluit
1337 3882 1510 3940 Ptolemaeus

158 3966 189 4021 iu
206 3967 337 4022 lemmate
353 3966 434 4034 hujus
452 3967 562 4037 capitia,
585 3967 668 4038 idque
685 3968 784 4023 lemma
800 3969 887 4025 solum
907 3970 1036 4040 scriptum
1053 3968 1178 4037 reliquit,
1203 3979 1353 4037 properans
1372 3962 1407 4016 ad
1425 3967 1510 4015 astro·

158 4047 272 4103 uomica
290 4047 395 4116 capita3
418 4047 609 4117 superveniens
622 4064 690 4104 ‚vero
708 4047 889 4118 posteriorum
907 4044 1004 4116 aliquis
1027 4057 1131 4104 textum
1148 4048 1246 4101 borum
1263 4044 1382 4113 capitum
1407 4056 1442 4096 ex
1459 4055 1509 4094 suo

159 4134 248 4197 captu
266 4124 445 4182 concinnavit
483 4123 514 4179 id
533 4126 604 4181 enim
621 4127 711 4195 ipsum
727 4127 756 4181 iu
774 4125 876 4182 ultimis
895 4126 1082 4191 astronomicis
1095 4126 1228 4196 capitibus
1246 4122 1377 4191 aemdisse
1394 4123 1510 4175 cumtat·

251 4205 327 4260 Nota
344 4204 378 4259 n.
421 4202 594 4259 Differentias
619 4219 687 4274 quas
712 4204 798 4273 dicat,
830 4205 923 4260 statim
945 4205 1068 4274 subjicit:
1094 4200 1319 4268 intellectualem,
1345 4198 1510 4265 sensitivam,

157 4282 343 4340 habitualem.
380 4281 490 4352 Species
508 4296 572 4338 veru
589 4282 781 4338 intellectualis
800 4283 922 4353 quidem:
945 4284 1123 4347 intellectiva,
1139 4281 1340 4346 ιιιὶοιίιιιιίιι,
1366 4277 1511 4347 opinative,

158 4363 310 4431 creditiva;
328 4362 473 4418 senmuvae
492 4360 582 4435 variae
600 4363 759 4432 missiones,
779 4370 807 4418 et
823 4365 972 4421 habitualis
990 4365 1104 4427 ιὶιιιιιιι
1121 4360 1236 4416 morales
1254 4366 1306 4414 etc

251 4440 327 4496 Nota
343 4440 392 4497 111.
426 4442 571 4497 Primarias
588 4441 654 4498 facit
670 4442 887 4513 intellectualem,
907 4445 1070 4510 sennium,
1087 4439 1224 4507 moralem,
1243 4445 1274 4492 at
1291 4434 1464 4492 secundarias
1482 4442 1511 4491 et

158 4523 276 4579 viliores
293 4519 476 4593 intelligamus
494 4523 690 4589 loromotivam,
717 4522 836 4595 vitalem,
853 4524 1017 4592 naturalem
1039 4522 1103 4577 illae
1121 4519 1192 4575 eninr
1209 4516 1322 4573 rationis
1343 4516 1429 4584 magis
1446 4522 1511 4571 sunt

157 4604 315 4677 participes
334 4602 400 4672 ejus,
418 4619 490 4672 quae
507 4604 632 4661 discursu
649 4604 734 4659 utitur
750 4603 865 4658 hominis
883 4603 1002 4673 proprio.
1037 4601 1095 4656 Nos
1118 4612 1237 4654 summas
1258 4593 1372 4650 facimus
1389 4593 1509 4649 intellec·
1565 4646 1570 4667 ,

156 4692 222 4741 tum
247 4690 275 4739 et
297 4682 479 4751 volantatem,
505 4683 627 4754 proxima
649 4682 803 4738 inferiorem
827 4681 999 4746 sensitivam,
1026 4678 1133 4747 ιιιιὴιιι
1157 4673 1339 4730 famulantem
1380 4671 1511 4742 Appellat

156 4766 250 4834 igitur
265 4759 448 4830 habitualem,
474 4777 555 4830 quam
572 4776 621 4817 nos
639 4759 820 4829 voluntatem,
845 4767 874 4814 et
890 4766 955 4816 sunt
978 4756 1018 4815 illi
1041 4754 1094 4811 ια’
1114 4750 1343 4824 ttaqu‘habitus,
1367 4750 1414 4821 qui
1430 4749 1508 4807 nobis
1596 4818 1600 4833 ‚

157 4858 264 4904 morea.
301 4839 422 4898 bcieutia
438 4841 483 4897 hi'c
499 4840 541 4897 illi
558 4856 612 4897 non
629 4846 672 4895 est
688 4839 759 4897 iuter
776 4838 895 4897 habitus.
1577 4854 1578 4867 ι
