3567 5625
787 455 928 532 Apologia.
1471 471 1532 532 451

181 617 277 717 dem,
298 650 555 720 quantamcunque
578 643 630 701 tibi
655 641 784 700 chartam
812 640 1007 699 suffecturam.
1049 640 1151 716 ,Atque
1179 641 1236 700 boe
1264 639 1343 700 idam
1374 648 1404 701 ct
1425 659 1481 719 ego
1504 646 1534 706 in

181 741 209 790 te
234 734 392 805 excusavi,
415 749 481 791 enm
504 730 622 800 addidi,
645 730 698 787 tibi
721 737 854 786 natasse
877 730 1041 803 cognitum,
1064 744 1123 785 nou
1146 746 1211 787 esse
1233 729 1287 787 baa
1309 728 1411 788 mundi
1434 735 1534 807 regio-

180 836 232 878 nes
256 822 331 879 inter
359 819 562 894 coaequales.
608 815 686 890 Quiri
715 818 804 875 etiam
826 822 908 872 tuam
936 817 1028 891 ipsius
1049 817 1193 875 rationem
1223 818 1415 893 ipsissimam,
1445 836 1534 895 quam

181 914 211 964 tu
235 907 285 965 bie
307 908 405 966 verbis
435 916 495 965 tam
518 902 617 963 multis
650 902 853 981 prosequeris,
882 902 1052 979 complexas
1075 921 1139 962 esse
1170 902 1262 962 rideri
1294 919 1431 979 possum,
1464 909 1534 966 dnm

179 1011 319 1054 recenseo
343 1003 401 1052 tres
423 1001 490 1052 tuas
513 995 656 1051 unitates:
681 990 835 1064 elementa,
859 989 1016 1062 aetherem,
1041 1006 1219 1067 empyreum.
1265 990 1327 1048 Etsi
1352 1007 1421 1050 vero
1445 995 1533 1053 intel-

180 1083 230 1157 ligi
256 1099 376 1158 possum
399 1080 435 1138 de
458 1081 621 1139 unitatibus
642 1079 725 1137 nulio
746 1078 835 1155 plane
856 1084 990 1155 respectu
1014 1079 1087 1136 iuter
1109 1094 1142 1137 se
1164 1076 1352 1154 aequalibus,
1383 1087 1414 1136 at
1436 1084 1533 1156 patuit

79 1201 81 1206 >
179 1178 208 1227 et
233 1178 303 1228 tuse
326 1171 499 1239 sententiae,
522 1184 612 1244 quarn
636 1167 683 1225 iric
705 1166 818 1241 prolixe
840 1165 979 1242 explicas,
1003 1176 1137 1242 receptas
1158 1167 1215 1224 sub
1239 1170 1295 1224 ista
1320 1166 1418 1225 rerba.
1457 1168 1533 1227 Nam

178 1255 283 1326 doces,
316 1257 370 1314 tibi
401 1259 567 1314 nominatas
597 1267 696 1329 partes
725 1254 865 1329 aequales
895 1272 959 1313 esse
988 1262 1152 1329 potestate,
1185 1256 1229 1311 sic
1256 1256 1333 1313 eninr
1363 1265 1532 1328 geometras

178 1343 260 1419 loqui
284 1343 389 1415 solent,
414 1347 522 1421 quippe
545 1341 716 1400 tantundem
739 1358 804 1400 asse
826 1345 967 1400 materiae
991 1343 1019 1398 in
1043 1357 1112 1414 uuo,
1135 1350 1278 1416 quantam
1302 1345 1331 1399 in
1354 1341 1427 1416 alio;
1451 1345 1531 1420 quod

180 1438 211 1488 tn
234 1430 368 1507 appellas
391 1440 515 1492 naturae
535 1429 661 1506 pondus.
705 1428 788 1487 Idem
817 1431 905 1503 igitur
927 1428 1067 1501 dicimus,
1097 1445 1151 1488 nee
1174 1431 1309 1487 invenior
1331 1447 1387 1504 ego
1415 1430 1463 1490 iric
1485 1441 1532 1491 te-

178 1536 256 1576 mere
285 1519 321 1576 de
352 1520 411 1576 tuis
439 1519 592 1576 sententiis
623 1517 745 1575 loeutus.
791 1514 977 1591 Quamquam
1000 1516 1051 1574 iol.
1076 1519 1127 1573 tt.
1156 1519 1185 1574 in
1209 1517 1267 1574 tine
1289 1534 1381 1593 negas
1410 1535 1532 1595 corpore

178 1602 223 1686 (id
248 1616 293 1664 est
314 1607 438 1665 materia
461 1607 541 1665 varie
564 1603 683 1677 diffusa)
707 1603 847 1678 aequales
870 1621 943 1676 esse,
967 1605 1022 1662 tras
1044 1606 1125 1661 mim
1140 1621 1301 1662 mensuras
1322 1623 1342 1662 a
1356 1608 1530 1678 sapientam

177 1696 345 1751 inustione
365 1694 496 1751 muttum
520 1691 672 1751 aberrare.
718 1689 906 1764 Relinquitur
919 1694 1008 1764 igitur
1030 1699 1210 1768 potestatum
1225 1693 1411 1768 physicarum
1435 1711 1529 1769 quaa·

178 1780 245 1838 darn
268 1780 443 1855 aequalitas.
488 1778 547 1838 Sed
570 1796 622 1836 nee
645 1781 800 1854 sequentia
821 1778 859 1836 ad
883 1788 912 1837 te
934 1779 1090 1854 pertinent,
1114 1778 1183 1840 dnm
1203 1782 1330 1838 unitates
1352 1796 1428 1856 nego
1446 1784 1530 1858 pingi

178 1868 264 1926 aliter
286 1884 375 1943 posse
399 1873 483 1942 (pata
507 1868 535 1922 in
559 1872 720 1941 quantitate
743 1868 907 1939 continua),
939 1883 1029 1942 qnam
1059 1866 1239 1941 aequalitate
1262 1866 1422 1940 linearum
1455 1868 1530 1932 haer

178 1959 256 2014 euim
279 1954 453 2031 generaliter
476 1972 546 2012 rera
573 1971 619 2012 me
643 1954 737 2012 dicere
760 1955 873 2029 putari.
918 1952 981 2013 Nea
1003 1970 1118 2012 omnem
1149 1954 1202 2011 tibi
1225 1956 1369 2012 unitatum
1392 1958 1529 2031 aequali-

176 2051 268 2101 tatem
297 2059 350 2117 per
377 2040 453 2100 banc
481 2043 655 2100 sententiam
684 2039 793 2114 ademi,
826 2041 878 2099 sed
907 2043 1045 2102 excusavi
1073 2057 1125 2116 per
1151 2057 1216 2099 eam
1244 2046 1354 2099 tactum
1382 2051 1465 2101 tnum
1497 2047 1527 2102 in

178 2130 325 2189 divisione
348 2126 539 2205 longitudinis
561 2127 743 2205 pyramidum
768 2131 796 2185 in
819 2127 966 2205 aequalia.
1012 2128 1112 2202 Negas
1128 2130 1217 2187 etiam
1240 2137 1305 2188 tuas
1325 2128 1391 2188 illas
1414 2148 1529 2206 aequa-

175 2217 218 2276 les
241 2225 390 2293 potestate
415 2218 541 2276 unitates
564 2217 724 2275 mensurari
748 2218 894 2274 communi
923 2222 953 2275 et
975 2216 1092 2292 aequati
1120 2215 1200 2275 linea
1231 2215 1449 2278 mathematica.
1495 2219 1526 2278 Si

175 2322 283 2383 negas,
313 2304 392 2380 quod
415 2321 470 2380 ego
493 2304 541 2362 irie
564 2303 727 2378 significare
758 2302 910 2374 volebam,
940 2311 1022 2362 tunm
1045 2305 1140 2379 ipsius
1169 2303 1278 2361 tactam
1309 2320 1410 2379 negas.
1455 2304 1529 2364 Pin·

178 2395 248 2451 xisti
273 2395 351 2450 enim
374 2393 430 2450 sub
453 2389 633 2467 aequalitate
655 2391 796 2449 linearum
819 2390 980 2467 pyramidis
1003 2399 1080 2464 tuae,
1103 2393 1223 2467 pinxisti
1247 2394 1367 2466 inquam
1392 2394 1529 2468 unitates,

175 2480 355 2557 ponderibus
378 2489 514 2550 naturae,
545 2485 578 2535 ut
599 2480 658 2550 ais,
689 2478 837 2552 aequales.
882 2478 927 2536 iix
951 2480 1059 2553 quibus
1081 2479 1217 2537 omnibns
1238 2487 1377 2555 apparet,
1408 2483 1528 2540 verissi-

175 2585 254 2626 mum
286 2585 350 2626 esse
374 2567 451 2625 hune
478 2583 575 2624 meam
598 2573 779 2638 contentum,
811 2581 864 2623 nec
887 2582 954 2624 enm
984 2582 1036 2640 per
1059 2573 1138 2624 tuarn
1169 2558 1306 2642 anelysin
1334 2564 1383 2624 rel
1406 2569 1527 2628 minima

174 2664 258 2730 parte
281 2653 466 2713 dissolntum.
512 2653 573 2710 Etsi
600 2670 668 2712 vero
691 2651 776 2711 lateri
798 2669 897 2728 cogor,
920 2654 1042 2711 multam
1064 2671 1129 2712 esse
1151 2670 1242 2729 penes
1256 2671 1304 2713 rae
1326 2659 1442 2713 tuarum
1456 2673 1527 2733 spe·

175 2745 358 2800 eutationnrn
391 2741 553 2813 inscitiam,
585 2757 642 2798 non
671 2756 736 2797 snm
768 2749 864 2800 minen
896 2743 1011 2818 penitus
1040 2741 1119 2799 rudis
1150 2740 1363 2817 aequalitatum
1395 2745 1526 2819 istarum,

146 2834 289 2898 ,ratione
319 2828 496 2905 ponderum,
528 2836 560 2886 nt
583 2837 613 2886 tu
638 2829 698 2900 ais,
728 2836 859 2887 naturae.
905 2830 955 2889 Sic
977 2831 1054 2889 enirn
1087 2839 1116 2889 et
1138 2847 1194 2905 ego
1217 2846 1346 2906 agnosco
1376 2831 1526 2907 quandam

175 2917 334 2975 materialis
359 2920 462 2993 copiae
485 2915 694 2989 aequalitatem
716 2916 745 2971 in
769 2915 859 2990 globo
882 2916 974 2990 Solis,
998 2920 1026 2975 in
1050 2926 1113 2977 toto
1136 2920 1233 2994 spatio
1257 2918 1356 2975 mundi
1380 2936 1433 2977 seu
1455 2937 1528 2981 aura

174 3005 425 3079 aethereamque
448 3003 574 3078 sphaera
596 3001 734 3073 lixarum,
758 3021 847 3080 qnam
870 3003 921 3060 aiii
944 3003 1142 3081 crystallinam
1166 3005 1213 3064 vel
1235 3022 1271 3064 ex
1293 3005 1379 3065 Mose
1401 3023 1528 3082 aquaara

176 3092 287 3164 dicunt,
311 3090 450 3167 illamque
474 3089 733 3166 aequipollentiam
756 3089 863 3150 tradidi
887 3090 961 3149 libro
984 3090 1037 3150 IV.
1064 3091 1138 3167 lipit.
1163 3093 1377 3153 astronomiae.

263 3181 419 3254 Agnosco,
442 3179 580 3254 inquam,
612 3178 781 3254 proboque,
814 3178 954 3236 sedeam
977 3195 1037 3237 non
1059 3180 1134 3237 inter
1156 3180 1290 3255 sabjecta
1311 3198 1364 3241 sen
1388 3184 1527 3243 terminos

174 3265 394 3325 harmoniarum
415 3264 628 3324 mundanarum
652 3266 756 3324 liabeo.
803 3264 904 3323 Habes
923 3282 1001 3341 ergo,
1024 3268 1064 3325 mi
1080 3266 1217 3340 Roberre,
1242 3267 1418 3344 discipulum
1434 3284 1525 3346 capa-

176 3371 250 3425 cem,
275 3354 357 3414 disco
380 3372 416 3414 ex
439 3361 477 3426 te,
503 3355 629 3412 unitates
652 3360 718 3411 tuas
741 3370 805 3413 esse
828 3359 974 3430 potestate
998 3354 1152 3429 aequales,
1175 3354 1274 3421 disco,
1299 3353 1446 3413 diversum
1468 3357 1526 3414 ali·

175 3439 247 3516 quid
275 3460 310 3500 cx
341 3450 392 3500 tua
420 3442 546 3518 partium
576 3440 755 3516 aequalitate
782 3442 810 3498 in
841 3438 1023 3515 longitudine
1050 3440 1210 3518 pyramidis
1240 3439 1437 3517 colligendam
1466 3460 1525 3501 non

176 3544 251 3600 esse,
275 3529 370 3601 diseo,
399 3527 493 3587 multa
515 3521 677 3586 hisistere
700 3530 839 3604 mysteria
861 3536 984 3587 naturae
1007 3545 1060 3587 nec
1083 3546 1212 3604 unquam
1235 3531 1292 3588 ista
1314 3532 1437 3603 negavi,
1469 3530 1525 3589 ba-

175 3615 248 3674 beas
271 3618 322 3673 tibi
348 3625 399 3675 tua
421 3614 552 3685 illibata,
575 3615 736 3674 adhaereto
757 3616 907 3677 mensuris
929 3618 989 3673 tuis
1009 3616 1220 3687 naturatibus,
1251 3617 1320 3674 illas
1338 3615 1526 3691 ponderibus

173 3704 381 3762 amenitatibus
402 3704 563 3777 instruita5
591 3710 623 3759 ta
647 3705 760 3761 interim
784 3703 913 3760 vicissim
935 3702 991 3762 hoc
1014 3700 1083 3759 milri
1107 3704 1280 3779 permittito,
1311 3711 1344 3761 ut
1365 3711 1431 3762 tuas
1455 3707 1523 3765 uni-

174 3797 252 3848 tates
276 3808 342 3850 cum
364 3792 437 3849 meis
461 3806 629 3866 comparare
651 3791 777 3866 possim,
806 3797 840 3847 nt
860 3788 971 3863 dicam,
1002 3806 1082 3848 meas
1105 3807 1170 3849 essa
1194 3792 1378 3865 cognatiores
1401 3794 1525 3850 anitati·

175 3877 247 3947 bas,
279 3894 353 3954 quas
376 3878 563 3953 designamus
586 3881 616 3935 in
640 3876 769 3949 chordis,
797 3883 830 3934 ut
852 3877 906 3935 abs
929 3888 958 3936 te
981 3884 1093 3954 petam,
1123 3894 1180 3937 non
1204 3877 1281 3936 nude
1304 3884 1420 3937 tantum
1440 3897 1524 3939 asse·

175 3982 275 4038 vetes,
308 3963 358 4024 sed
388 3967 489 4026 etiam·
506 3965 618 4042 liquido
646 3964 825 4024 demonstres
853 3963 930 4023 hanc
951 3973 1131 4041 potestatum
1154 3973 1269 4025 tuarum
1298 3965 1524 4042 aequalitatem

175 4062 289 4128 patere,
321 4061 354 4111 nt
376 4053 501 4111 indicem
528 4053 686 4114 lectoribus
718 4050 838 4130 (pateris
867 4069 934 4111 ecce
957 4061 986 4111 et
1008 4053 1136 4113 aliirmas
1159 4052 1235 4112 ultro
1259 4052 1375 4113 disertis
1399 4054 1517 4131 verbis),

174 4157 221 4198 me
243 4158 291 4197 res
311 4141 506 4199 bamonteas
528 4142 681 4215 inquirere
701 4143 798 4214 mepta
812 4140 1022 4199 mathematice
1036 4149 1065 4200 et
1081 4143 1292 4217 qsrantitatioe,
1314 4149 1343 4201 te
1360 4156 1430 4200 vero
1445 4141 1524 4218 pby·

173 4229 237 4301 sice,
259 4236 331 4300 eta,
356 4226 385 4286 id
409 4234 454 4287 est
477 4226 651 4285 Hermetiee.
697 4225 793 4285 Velim
816 4245 851 4284 ex
875 4235 904 4286 te
927 4231 1010 4300 scire,
1033 4246 1110 4305 qnae
1131 4230 1185 4288 tibi
1208 4244 1299 4287 causa
1320 4231 1359 4287 sit
1379 4229 1523 4287 irascendi

174 4315 248 4374 mibi
272 4323 341 4375 tnnc
361 4317 476 4392 potins,
504 4316 529 4375 'si
554 4315 623 4391 quid
647 4331 702 4392 ego
726 4316 812 4385 meis,
844 4332 932 4390 qnam
960 4318 986 4373 si
1009 4316 1085 4375 idem
1108 4325 1140 4375 tu
1169 4316 1228 4373 tuis
1251 4315 1348 4374 serbis
1370 4315 1522 4391 proierasi

198 4417 200 4420 ·
261 4402 358 4461 Lubet
379 4418 449 4461 vero
473 4409 567 4461 tecam
591 4401 748 4461 colludere.
793 4399 889 4475 Quam
913 4404 988 4461 enim
1012 4410 1050 4473 tn,
1067 4402 1139 4462 dieis
1161 4402 1342 4462 harmoniam
1364 4409 1393 4461 et
1414 4403 1471 4462 hae
1493 4413 1522 4464 et

171 4489 368 4565 praecedente
390 4488 514 4568 analysi,
538 4507 593 4565 ego
617 4489 784 4565 analogiam
807 4489 925 4565 appello
947 4500 1064 4566 recepto
1080 4490 1243 4564 voeabulo;
1266 4490 1344 4566 quod
1364 4506 1430 4548 enm
1446 4490 1520 4566 dieo,

171 4593 232 4635 non
256 4577 363 4636 damno
386 4576 548 4651 analogias,
571 4594 626 4636 nec
649 4576 826 4637 contumelia
849 4585 894 4637 est
917 4594 1033 4652 negare,
1059 4576 1124 4636 ilias
1146 4580 1234 4636 etiam
1256 4577 1423 4637 harmonias
1446 4595 1520 4639 esse.

171 4664 247 4723 Nam
271 4674 304 4722 ut
327 4665 408 4723 illam
432 4657 546 4740 agentis
570 4672 599 4723 et
620 4667 772 4741 patientis,
802 4665 889 4723 maris
912 4673 942 4724 et
964 4665 1101 4736 feminae,
1131 4667 1228 4740 superi
1252 4673 1281 4724 et
1303 4665 1401 4738 interi,
1432 4682 1520 4741 quam

171 4751 222 4811 bic
250 4754 387 4828 attingis,
418 4752 634 4828 copulationem
663 4752 820 4829 proteram,
851 4750 973 4810 eandem
1004 4758 1034 4810 et
1062 4756 1124 4827 ipse
1150 4754 1320 4812 societatem
1353 4757 1520 4830 comparavi

171 4838 249 4898 libro
281 4858 346 4900 meo
370 4839 423 4898 tv.
448 4839 627 4898 Hamroniae
658 4855 722 4897 enm
752 4841 944 4898 consonantia
970 4838 1129 4917 diapason,
1162 4856 1250 4914 qnam
1278 4842 1372 4917 ipsam
1398 4858 1461 4900 mas
1491 4851 1521 4902 et

171 4927 282 4989 temina
304 4931 394 4989 etiarn
418 4928 538 4987 vocibus
562 4928 633 5005 ipsis
655 4925 866 5003 utplurimum
888 4930 1061 5005 exprimunt.
1104 4926 1150 4986 ‘m
1167 4929 1286 5004 quidem
1308 4930 1366 4987 tuis
1382 4929 1520 4991 insistens

1297 5014 1365 5094 aat
