3567 5625
287 401 351 460 458
753 399 919 467 appendicis
936 361 1160 452 Harmonicorum

283 572 469 652 harmonicas
491 593 526 635 ex
550 578 588 635 iis
609 584 773 650 retractas,
796 575 827 635 id
849 585 899 638 est
916 577 1147 648 demonstratas,
1176 572 1256 652 quod
1278 573 1430 634 verissime
1452 567 1512 628 silis
1532 569 1632 642 insint,

283 679 375 722 vanas
398 667 589 738 pronuncias.
620 665 650 722 id
674 673 745 741 puto
768 664 806 726 ad
829 666 884 724 Dei
907 668 1047 726 creatoris
1075 664 1212 739 iujuriam
1241 663 1393 739 portinere.
1440 657 1521 717 Scito
1544 657 1630 729 enim,

275 748 358 824 ‚haee
380 750 431 809 illa
461 768 526 810 esse
554 751 738 830 accidentia,
765 769 889 828 quorum
913 766 1025 813 creator
1046 769 1145 812 curam
1168 750 1320 821 hahuerit,
1351 746 1513 822 inquibus
1544 760 1631 803 exor-

216 837 220 854 ‘
282 836 388 896 nandis
412 838 542 914 aliquem
564 839 677 900 radium
699 842 863 917 sapientiae
885 859 957 901 snae
979 839 1162 920 impenderit.
1171 834 1212 914 51)
1257 837 1333 897 Ecce
1348 836 1426 894 enim
1447 849 1557 908 negare
1572 847 1632 890 non

281 934 382 999 potos,
412 928 487 1001 inter
510 927 628 986 Saturni
657 929 854 988 tardissimum
886 938 916 988 et
938 927 1027 988 Jovis
1056 926 1272 987 velocissimum
1304 940 1367 984 esse
1399 921 1544 998 diapason
1567 919 1632 995 epi·

263 1011 420 1089 ‚diapente
443 1016 677 1091 proportionem,
708 1018 784 1076 inter
810 1015 890 1075 illius
916 1016 1130 1076 velocissimum
1160 1022 1190 1072 et
1220 1012 1308 1089 hujus
1334 1008 1533 1070 tardissimum
1561 1023 1632 1083 pro·

284 1102 446 1175 portionem
478 1100 620 1179 diapason
649 1103 825 1179 simplicem,
863 1106 1001 1180 agnoscis
1029 1103 1236 1181 perlectionem
1273 1099 1376 1160 harum
1410 1096 1631 1178 proportionum

286 1181 325 1269 Ὺ,
348 1194 377 1248 ει
404 1183 456 1270 ¹s„
480 1205 535 1249 nec
557 1191 649 1250 audes
671 1208 851 1264 asseverare,
874 1191 904 1249 id
927 1192 1045 1254 fortuito
1068 1192 1111 1250 sic
1133 1190 1282 1258 evenisse,
1312 1188 1396 1262 qnasi
1418 1182 1492 1242 nihil
1515 1182 1553 1240 de
1574 1181 1630 1241 hac

281 1291 312 1332 re
335 1278 483 1350 cogitante
511 1287 650 1338 creatore.
695 1277 778 1338 Haec
808 1281 907 1338 omnia
936 1296 999 1338 eum
1032 1287 1064 1337 tu
1087 1278 1182 1346 scias,
1213 1286 1246 1334 ut
1276 1281 1375 1334 umen
1406 1290 1452 1331 me
1481 1269 1631 1329 ulciscaris

243 1371 245 1382 ’
281 1371 340 1419 non
365 1361 451 1422 valde
474 1363 550 1424 male
574 1369 725 1436 meritum,
757 1383 790 1424 os
813 1369 842 1423 in
865 1365 980 1426 coelum
1003 1365 1097 1436 tollis,
1129 1381 1235 1422 vanam
1258 1370 1287 1421 et
1310 1361 1473 1424 chimaerae
1503 1356 1629 1416 similem

281 1448 357 1508 hanc
381 1450 584 1511 harmonicam
613 1455 829 1529 proportionem
859 1456 1043 1531 pronuncias.
1094 1451 1179 1512 Haeo
1211 1468 1247 1510 cx
1276 1457 1359 1526 parte
1389 1448 1445 1507 Dei
1479 1446 1629 1504 creatoris.

282 1535 367 1595 Nune
389 1538 426 1596 ad
450 1539 511 1598 alia
533 1549 702 1614 convertar,
728 1559 803 1617 quae
826 1541 863 1602 ad
886 1560 934 1601 me
956 1543 1127 1619 scriptorem
1150 1540 1305 1618 pertinent,
1351 1538 1395 1594 Ac
1416 1537 1442 1593 si
1463 1535 1563 1594 omnis
1586 1535 1632 1590 in·

281 1626 349 1699 quis
370 1630 478 1686 anima
499 1645 520 1685 a
541 1629 740 1702 planetarum
762 1631 930 1704 aspectibus
951 1638 1008 1688 aut
1028 1626 1158 1689 motibus
1180 1623 1366 1702 dependeret
1413 1623 1475 1698 Ego
1499 1619 1629 1696 quidem,

282 1710 426 1785 Boneita,
454 1719 697 1791 ¹consequentiam
729 1716 815 1776 video
843 1716 969 1788 nullam,
1008 1733 1104 1793 nequo
1126 1730 1197 1788 sane
1230 1713 1287 1772 hoc
1316 1728 1414 1770 meum
1445 1708 1554 1784 dogma
1577 1715 1630 1780 εει,

283 1801 355 1858 citra
378 1800 425 1859 vel
447 1811 516 1864 aute
538 1812 635 1862 motus
655 1804 812 1864 coelorum
828 1813 939 1864 motum
961 1806 1216 1881 vegetationemre
1248 1801 1277 1858 iu
1299 1796 1408 1876 plantis
1437 1805 1466 1856 et
1489 1794 1629 1854 animali·

282 1886 338 1962 bus
367 1899 420 1947 nec
450 1889 539 1948 luisse
569 1907 624 1951 nec
656 1909 720 1951 esse
748 1908 845 1968 posse.
891 1892 971 1968 Lege
998 1891 1065 1950 libri
1096 1892 1153 1949 mei
1177 1888 1229 1947 lv.
1259 1904 1322 1963 cap.
1348 1889 1385 1963 i,
1413 1884 1548 1943 invenies
1579 1883 1631 1957 ibi,

266 1982 416 2056 uncturam
446 1976 632 2037 sublunarem
663 1996 776 2054 semper
805 1981 971 2041 incumbere
995 1981 1075 2056 operi
1098 1995 1169 2048 suo,
1198 1973 1236 2035 ad
1259 1973 1394 2034 stimulos
1424 1987 1493 2032 vero
1524 1987 1631 2047 aspec-

282 2068 365 2119 tuum
386 2066 559 2140 praeeipuos
581 2066 697 2142 aliquas
720 2083 823 2144 capere
845 2070 985 2144 impetum
1008 2067 1065 2126 hoo
1084 2067 1147 2141 jam
1161 2081 1249 2140 supra
1268 2061 1425 2122 inculcari.
1472 2057 1506 2118 Si
1518 2066 1626 2132 totum,

283 2150 389 2224 inquil,
411 2168 522 2226 corpas
542 2153 739 2213 harmonicae
766 2157 1026 2230 conternphstionis
1054 2156 1090 2211 in
1111 2153 1251 2212 extremis
1277 2150 1478 2226 planetarum
1500 2146 1632 2205 motibus

282 2240 429 2311 comittit,
456 2243 606 2315 sequitur,
637 2241 757 2302 nullam
789 2246 824 2300 in
845 2242 961 2302 mundo
990 2244 1083 2319 faisse
1111 2240 1307 2298 harmoniam
1336 2243 1407 2323 ante
1433 2234 1633 2312 planetarum

281 2327 464 2404 positionem
485 2329 637 2386 incaelis.
682 2328 764 2390 Malo
786 2329 911 2405 colligis.
957 2329 1064 2389 Totum
1093 2330 1123 2385 in
1144 2328 1226 2386 lrlsce
1249 2322 1321 2399 quid
1342 2321 1465 2399 impedit
1492 2323 1538 2380 sic
1559 2338 1633 2379 con·

282 2412 404 2483 sistere,
430 2421 462 2476 ut
483 2414 569 2473 sinrul
593 2417 681 2474 etiarn
705 2425 798 2476 totum
827 2419 866 2475 sit
888 2419 918 2474 io
942 2415 1030 2475 aliis?
1075 2415 1140 2475 Non
1160 2423 1210 2474 est
1240 2411 1317 2471 idem
1342 2410 1452 2484 dicere,
1482 2405 1580 2468 totum
1603 2409 1632 2464 in

282 2497 364 2558 hisee
387 2507 417 2562 ει
439 2509 531 2562 totum
562 2504 684 2564 ineolis
713 2504 803 2564 hisce.
850 2502 980 2579 Quaere,
1010 2503 1153 2574 Roboris,
1184 2507 1385 2577 quaerantque
1408 2504 1505 2558 tecum
1529 2513 1633 2554 omnes

282 2585 342 2656 alii,
366 2585 487 2647 forsitan
509 2591 585 2648 enirn
609 2599 760 2653 occurrent
782 2592 858 2652 aliae
881 2609 928 2651 res
950 2591 1082 2662 sensiles,
1107 2589 1265 2664 inquibus
1288 2589 1377 2647 etiam
1400 2587 1438 2645 sit
1460 2601 1633 2660 expressum

284 2683 377 2732 totum
400 2691 504 2752 eorpus
528 2675 728 2754 harmonices3
752 2697 828 2755 quae
851 2679 901 2739 ubi
927 2695 981 2738 vos
1004 2677 1201 2755 protuleritis,
1230 2685 1301 2735 tuno
1323 2690 1378 2750 ego
1402 2680 1491 2748 caput
1516 2672 1632 2734 tertium

282 2759 348 2829 libri
371 2764 427 2821 mci
451 2762 504 2821 IV.
528 2763 708 2827 Harmoniae
730 2769 858 2846 augebo,
881 2766 1005 2845 prolatis
1019 2768 1148 2827 terminis
1163 2764 1289 2843 subjecti
1304 2763 1497 2823 harmonicas.
1536 2758 1633 2835 Quam

285 2866 354 2907 sero
379 2859 411 2907 tu
434 2849 542 2912 doceas
564 2852 746 2914 harmoniam
768 2856 843 2915 lucis
865 2864 897 2914 et
911 2855 1104 2927 tenebrarum,
1128 2870 1206 2913 nouo
1222 2859 1252 2911 et
1267 2852 1416 2913 leuissimo
1433 2866 1525 2909 seusu
1539 2849 1633 2919 rocta,

284 2936 311 2993 id
334 2936 395 3010 jam
419 2942 538 3016 saepius
562 2941 592 2999 in
614 2944 812 3019 superioribus
835 2952 880 3003 est
903 2942 1022 3005 dictum.

371 3022 557 3102 Quamquam
588 3030 676 3088 etiam
705 3033 733 3086 in
762 3047 835 3090 voce
863 3030 1138 3107 contemplationis,
1173 3044 1262 3102 quam
1290 3025 1362 3086 mihi
1390 3025 1549 3102 reposuisti
1582 3039 1632 3101 pro

289 3127 355 3183 mes
377 3130 451 3171 voce
474 3120 765 3193 contemperationis,
795 3118 907 3177 lucrum
929 3126 1047 3195 captare
1070 3115 1193 3187 rideris,
1224 3110 1277 3173 se'd
1304 3114 1419 3173 imaus.
1465 3110 1533 3171 Non
1556 3114 1633 3173 enim

283 3201 376 3257 omnis
400 3217 465 3259 mea
487 3204 698 3281 conumplatio
720 3214 853 3265 versatur
875 3209 905 3263 iu
928 3204 1111 3281 planetarum
1133 3203 1270 3273 motibus,
1294 3219 1362 3280 pars
1377 3201 1450 3277 ejus,
1472 3198 1556 3258 libro
1574 3200 1633 3275 sci·

284 3283 352 3345 licet
375 3285 427 3346 IV.
453 3291 509 3348 mei
534 3293 644 3366 operis,
678 3292 787 3352 decidit
817 3295 845 3351 in
868 3293 988 3351 Terram
1015 3295 1104 3369 inqua
1134 3290 1233 3349 radios
1261 3287 1444 3366 planetarum
1472 3304 1633 3363 eorumque

283 3373 410 3451 angulos
433 3377 460 3433 in
484 3376 575 3436 Terra
597 3379 752 3454 formatos,
776 3398 844 3456 pars
867 3398 989 3450 rursum,
1013 3380 1087 3438 libro
1111 3377 1222 3438 scilicet
1245 3377 1300 3443 Ill,
1323 3377 1353 3433 in
1378 3392 1467 3435 voces
1489 3374 1634 3435 humanas

282 3470 311 3518 ει
339 3462 523 3523 artificiosas.
567 3466 608 3524 ar
635 3470 919 3542 contemperationis
952 3467 1149 3527 horrisonisae
1179 3462 1256 3544 (qua
1285 3462 1543 3523 eueumloeutioue
1579 3478 1632 3533 ego

282 3552 412 3623 exprimo
437 3549 517 3609 illam
538 3550 712 3631 Ptolemaei,
735 3571 802 3614 cum
823 3578 875 3632 eps
897 3578 950 3617 ron
972 3548 1154 3630 epitameron
1178 3575 1263 3627 poan
1284 3546 1433 3631 nominat)
1456 3557 1552 3610 totum
1569 3566 1633 3609 cor·

282 3653 336 3711 pus
359 3639 477 3696 invenio
500 3641 530 3696 in
553 3642 682 3700 motibus
705 3641 901 3717 planetarum,
933 3651 1027 3700 totum
1051 3649 1192 3717 quantum
1215 3650 1357 3714 quantum
1380 3646 1425 3697 est
1452 3639 1483 3694 in
1508 3638 1632 3696 vocibus

282 3723 427 3794 humenis,
451 3742 510 3785 non
534 3743 603 3785 vero
627 3729 668 3786 ita
693 3737 785 3788 totum
808 3732 839 3787 in
861 3729 1008 3791 radiorum
1031 3729 1157 3804 augulis.
1201 3729 1267 3791 Non
1294 3736 1361 3785 utar
1384 3726 1558 3801 exceptione
1586 3723 1663 3783 illa·

279 3812 443 3886 justissima
466 3810 502 3871 de
525 3816 612 3873 unico
640 3815 691 3874 illo
714 3816 810 3876 triduo
833 3819 943 3894 primae
976 3814 1077 3875 mundi
1104 3817 1263 3888 infantiae,
1292 3811 1364 3890 quid
1393 3829 1534 3890 maguum
1550 3808 1634 3872 'enim

283 3897 330 3955 vel
353 3898 494 3971 insolens,
525 3903 549 3959 si
574 3919 625 3976 per
647 3902 675 3960 id
698 3922 763 3963 non
781 3904 864 3979 pluit
880 3904 1034 3964 Dominus
1054 3921 1152 3980 supra
1167 3913 1283 3965 ursam
1305 3909 1374 3975 ete,
1398 3919 1457 3961 non
1481 3908 1564 3975 utar,
1589 3904 1634 3960 in·

283 4003 389 4061 qnam,
413 3987 483 4060 quia
507 3987 576 4047 rnihi
601 4006 675 4065 opus
698 3990 750 4050 illa
772 4008 830 4051 non
853 4000 907 4052 est.

370 4070 446 4147 Quid
473 4073 535 4149 jam
567 4093 643 4137 nuuc
670 4095 726 4153 ego
749 4082 847 4153 potius
869 4079 960 4151 facio,
994 4094 1082 4153 quatu
1105 4086 1138 4136 ut
1165 4079 1218 4139 tibi
1250 4094 1305 4139 seu
1327 4076 1411 4137 alteri
1434 4076 1632 4157 Aristophani,

283 4160 500 4247 festivissimam
524 4163 876 4229 exhibenticomoediam
900 4162 946 4247 (in
970 4182 1030 4240 qua
1050 4173 1217 4227 extremam
1243 4166 1373 4225 hominis
1394 4163 1555 4239 delirium,
1580 4165 1633 4223 tuis

284 4250 546 4321 imaginationibus
575 4251 746 4318 lomnatum,
785 4255 841 4315 sub
874 4270 1002 4330 persona
1032 4255 1090 4313 mei
1121 4255 1247 4313 nominis
1281 4251 1454 4325 introducis)
1488 4259 1634 4333 spectator

283 4335 430 4395 assideam
460 4336 596 4397 Socrates
626 4356 697 4415 ego,
729 4340 882 4400 subridens
912 4340 1164 4419 applaudeusque.
1216 4340 1302 4400 Certe
1332 4338 1467 4417 equidem
1497 4356 1632 4412 magnum

283 4423 435 4497 delirium,
458 4424 584 4484 oblitam
607 4432 762 4502 materiae,
785 4430 820 4488 in
842 4448 906 4505 qua
926 4431 983 4489 lus
1005 4446 1099 4504 opera
1113 4446 1172 4488 sua
1185 4427 1323 4503 designat
1334 4428 1540 4507 profligandis
1555 4436 1634 4487 tene-

283 4512 361 4579 hris,
391 4511 517 4571 oblitum
544 4514 730 4589 facultatum
753 4524 900 4592 naturae,
933 4517 1041 4594 quihus
1063 4518 1118 4576 illa
1146 4524 1183 4576 ut
1203 4533 1257 4575 rea
1279 4516 1391 4590 uliquis
1417 4518 1567 4592 imperat,
1596 4513 1636 4573 od

284 4600 386 4658 stelias
412 4600 573 4678 confupere
602 4620 673 4661 cum
701 4603 823 4663 minicia
856 4614 885 4664 et
915 4622 991 4681 quse
1021 4613 1183 4680 sequuntur
1214 4606 1342 4667 oratoris
1369 4612 1569 4683 poppysmata
1589 4604 1634 4663 lu·

192 4704 195 4714 ⁴
284 4686 440 4746 xuriautia.

374 4772 472 4832 Solen
494 4774 633 4850 equidem
653 4776 768 4852 sonum
790 4784 890 4837 statim
912 4785 1011 4838 mous
1032 4778 1174 4850 mame,
1204 4785 1237 4838 at
1257 4782 1440 4857 sapientiam
1462 4779 1634 4837 cremarem

285 4876 348 4919 non
367 4878 530 4937 pererrare
553 4870 675 4923 tantam
697 4864 808 4925 mundi
829 4864 958 4943 laticem,
980 4864 1033 4927 sed
1056 4866 1146 4929 tontis
1169 4866 1263 4947 ipsius
1282 4866 1473 4931 architectum
1496 4880 1633 4941 agnosco,
