3567 5625
175 451 183 480 ι
277 431 339 497 626
647 426 680 486 Iu
698 425 916 487 stereometriam
933 424 1074 487 Doliorum
1090 426 1245 501 sppouuh.

273 606 337 677 legi,
355 605 463 662 omnino
480 604 546 662 mihi
564 611 694 675 punctum
711 604 851 660 satisfecit.
887 604 925 660 at
940 620 996 660 non
1013 605 1091 661 vaide
1109 613 1177 677 puto
1195 614 1332 676 receptam
1344 606 1377 660 iri
1389 607 1460 662 hanc
1470 604 1623 675 logisticam

236 751 243 756 .
275 685 309 741 ab
328 684 384 741 uilo
402 685 540 740 hominnm
557 698 665 753 genere,
683 683 842 753 nequidem
860 683 884 739 si
903 685 1041 738 octonaria
1059 687 1214 754 progressio
1232 704 1281 756 per
1298 688 1388 742 omnia
1405 687 1535 742 obtineat
1571 687 1624 742 Ne·

275 765 389 820 cessitas
408 765 479 818 euim
497 762 573 818 naha
590 769 617 818 et
635 762 698 831 pius
716 770 759 816 est
776 762 804 816 in
822 761 983 817 confusione
1001 762 1184 833 difficultatis,
1207 782 1289 835 qnam
1306 766 1334 820 in
1352 765 1509 821 reductione
1525 766 1561 821 ad
1579 768 1624 820 de·

273 842 378 899 uanam
396 842 505 897 laboris.
541 842 631 911 Quare
650 858 714 911 ergo
733 843 912 912 sexagenaria
929 851 1040 911 recepta
1052 844 1089 897 sit
1110 843 1144 899 ab
1169 846 1339 911 utronomis,
1369 845 1508 899 octonaria
1537 843 1626 914 recipi

274 938 329 978 non
347 922 454 992 possit?
474 921 544 989 Quia
561 920 739 990 sexagenaria
756 937 881 990 maguam
899 938 1039 992 summam,
1057 931 1130 991 puta
1148 924 1190 992 00,
1208 921 1368 988 accumulat,
1387 923 1525 977 octonaria
1537 923 1627 978 minus

273 1019 355 1072 quam
374 1004 421 1071 10;
448 1010 476 1057 et
492 1002 557 1070 quia
573 1002 752 1071 sexagenaria
777 1000 905 1070 quamdiu
932 1009 960 1057 et
985 1009 1120 1072 quatem
1143 1002 1219 1057 inira
1239 1004 1271 1057 10
1299 1010 1407 1071 manet,
1433 1002 1495 1056 novi
1521 1001 1625 1056 mhila

273 1082 386 1139 denaria
402 1081 469 1138 iacit
485 1082 513 1136 in
530 1096 624 1137 mensa
641 1079 830 1151 Pythagorica,
849 1079 988 1135 octonaria
1005 1079 1086 1150 piane
1104 1081 1186 1135 vertit
1204 1079 1326 1135 abacum.

824 1260 871 1320 sd
895 1260 1012 1338 Caput
1033 1260 1076 1322 X.

343 1413 405 1468 Janr
418 1414 546 1484 respondi
563 1414 622 1469 iere
641 1418 771 1482 quantum
789 1413 937 1481 quaeritur.
974 1412 1035 1467 Etsi
1052 1413 1123 1468 enim
1141 1412 1250 1467 nomina
1266 1410 1417 1482 ponderum
1434 1412 1464 1465 in
1482 1411 1623 1468 octonaria

275 1494 380 1548 ratione
397 1494 503 1550 institui
520 1495 634 1564 possint,
653 1508 707 1549 nou
726 1491 856 1546 suaserim
872 1498 964 1546 tamen
980 1491 1078 1562 vulgus
1101 1491 1267 1548 onerandum
1289 1506 1360 1546 nora
1376 1491 1536 1546 numerandi
1555 1501 1621 1545 arte

275 1571 347 1641 Quin
371 1574 477 1643 potius,
507 1574 571 1642 quia
597 1573 707 1639 schema
733 1570 941 1638 comparationis
967 1585 1159 1640 progressuum
1186 1571 1341 1626 octonarius
1367 1577 1395 1625 et
1421 1569 1549 1625 denariae
1572 1571 1623 1624 hoc

274 1654 307 1708 X.
327 1670 386 1722 cap.
404 1652 591 1722 introducitur,
608 1651 669 1707 loco
688 1649 834 1706 schematis
851 1649 934 1719 huius
952 1650 1025 1706 aliud
1044 1651 1154 1707 schema
1172 1658 1200 1705 et
1216 1657 1298 1721 typus
1322 1651 1491 1720 aequationis
1504 1650 1622 1706 omnium

274 1745 461 1786 mensurarum
479 1741 508 1787 et
524 1731 670 1801 nominum,
688 1731 769 1786 otiam
787 1730 815 1783 in
833 1730 1007 1799 proportione
1025 1730 1196 1786 discontinna
1214 1746 1273 1785 sese
1287 1739 1382 1786 mutuo
1400 1731 1623 1800 subsequentium

273 1808 302 1862 in
320 1806 416 1877 vulgus
435 1808 520 1865 detur.
557 1811 603 1866 Sic
620 1810 692 1865 enim
709 1807 861 1863 rectissime
878 1807 974 1876 vulgus
992 1809 1133 1878 jurabitur
1154 1809 1256 1865 relictis
1278 1810 1487 1866 nomenclatoris
1510 1819 1540 1865 et
1556 1827 1622 1866 con·

274 1886 461 1943 suetudinibus
480 1896 509 1944 et
525 1890 618 1959 adiuta
635 1887 807 1945 nihilominus
824 1887 962 1942 memoria.

359 1966 391 2019 In
409 1967 481 2021 omni
498 1968 645 2022 mutatione
659 1967 805 2037 plurimum
829 1966 912 2022 habet
933 1966 1051 2036 invidiae
1067 1967 1216 2023 subtilitas:
1235 1968 1307 2024 hanc
1324 1970 1502 2024 exsecrantur
1520 1967 1622 2024 subditi

273 2043 372 2111 potiori
390 2059 425 2099 ex
442 2051 531 2114 parte3
550 2046 667 2113 populus
686 2045 757 2100 enim
773 2046 960 2101 incommune
979 2063 1039 2102 cum
1061 2047 1127 2116 ipsis
1149 2048 1218 2103 adeo
1241 2049 1389 2104 minoribus
1412 2049 1619 2118 magistratibus
1680 2069 1682 2078 ·

272 2121 357 2177 hebes
376 2131 425 2179 esi.
461 2126 557 2195 ltaque
575 2123 728 2193 hujusmodi
747 2125 848 2195 optima
867 2127 948 2181 etiam
973 2126 1086 2182 consssia
1107 2127 1272 2184 curiositatis
1295 2129 1403 2184 nomine
1419 2128 1620 2185 calumniantur

274 2208 302 2257 et
319 2204 347 2256 iu
365 2202 473 2259 scholas
491 2202 617 2273 ablegare
635 2204 729 2260 soient.
765 2204 818 2273 Qui
839 2221 904 2261 sero
930 2215 1041 2262 nostrae
1069 2222 1122 2262 non
1148 2210 1267 2264 subsunt
1287 2208 1487 2278 jurisdictioni,
1513 2215 1619 2264 nutum

216 2297 220 2312 ¹
273 2283 352 2338 abest
368 2291 400 2338 ut
417 2289 511 2339 nostro
530 2282 653 2353 exemplo
671 2282 775 2338 invitati
792 2285 867 2340 breui
884 2286 961 2355 sequi
979 2285 1062 2340 velint
1089 2286 1158 2343 haec
1184 2287 1310 2358 subtilia,
1337 2294 1369 2342 ut
1396 2287 1487 2357 potius
1512 2287 1619 2355 longius

274 2362 355 2418 etiam
373 2378 390 2416 a
406 2363 484 2418 nobis
503 2363 558 2419 sint
569 2363 721 2419 discessuri.
757 2364 890 2419 Existimo
909 2366 1010 2436 itaque,
1042 2380 1099 2421 reru
1122 2365 1191 2422 adeo
1215 2366 1386 2435 popularem.
1410 2373 1441 2420 ut
1464 2372 1530 2420 sunt
1547 2381 1619 2420 men·

273 2456 362 2511 aurae,
380 2447 408 2497 et
424 2443 453 2496 in
470 2459 548 2498 usum
565 2442 659 2513 popuii
677 2442 797 2498 futurum
815 2442 920 2499 felicius
938 2451 967 2499 et
983 2443 1078 2499 utilius
1096 2444 1218 2514 expediri
1233 2460 1288 2499 non
1299 2459 1389 2514 posse,
1408 2445 1525 2512 quamsi
1539 2461 1619 2515 quam

272 2519 332 2575 fieri
349 2529 442 2591 potest
458 2521 581 2577 tradatur
598 2521 815 2592 popularissime.

244 2603 250 2608 ‘
359 2600 430 2669 Quis
446 2600 634 2657 liberalissima
651 2603 804 2672 quaesitum
819 2603 884 2672 fuit,
908 2601 952 2656 his
968 2602 1004 2659 10
1029 2601 1162 2672 capitibus
1179 2601 1295 2658 candide
1317 2601 1399 2657 mium
1416 2600 1483 2657 duxi
1501 2619 1619 2672 respon·

274 2678 401 2734 (lendum.
438 2680 551 2735 Veniam
576 2681 669 2749 itaque
694 2696 792 2751 precor
817 2681 996 2736 confidentiae
1019 2695 1095 2734 meae
1117 2678 1313 2750 pronunciandi
1334 2679 1472 2735 derebus
1498 2681 1617 2751 politicis

272 2772 367 2816 ames
383 2757 553 2830 proiessions
570 2758 683 2830 aliems,
709 2768 740 2817 ut
765 2777 835 2832 quae
860 2761 936 2818 nulla
954 2776 989 2816 ex
1006 2760 1175 2832 arrogantia,
1192 2775 1266 2816 mero
1284 2773 1348 2815 varo
1372 2773 1407 2814 ex
1425 2759 1545 2815 candore
1567 2757 1618 2814 fuit

192 2954 193 2959 η
272 2846 479 2988 Πωὲῗιιιςι
494 2917 597 2974 inserui
614 2918 767 2976 delectandi
785 2934 880 2976 causa:
899 2920 1028 2977 siminus
1045 2918 1171 2976 hicielix
1189 2933 1251 2975 esse
1267 2916 1358 2987 potui,
1381 2922 1425 2972 sat
1441 2924 1517 2974 certe
1536 2916 1620 2974 solui.

428 3031 533 3102 Pragae
550 3031 593 3088 24.
611 3031 678 3088 Dec.
696 3047 767 3088 anno
786 3033 862 3089 1605.

1096 3112 1256 3183 ·Perscripsi
1273 3112 1291 3167 J
1295 3155 1301 3167 .
1319 3111 1464 3182 Kepierus.

816 3323 1077 3392 P-ostscripta.

342 3479 442 3549 Inhoc
454 3480 554 3550 scripto
567 3479 636 3536 haec
648 3488 725 3535 sunt:
744 3481 770 3549 1)
790 3479 856 3534 Dico
869 3478 948 3534 vaide
960 3478 1053 3535 utilem
1065 3493 1125 3534 essa
1136 3477 1276 3535 amentiam
1288 3478 1457 3548 aequatiouis
1468 3477 1622 3549 ponderum
1724 3517 1726 3525 .

273 3574 522 3629 mensurarumque.
541 3560 567 3629 2)
586 3560 741 3616 Difficulter
758 3575 822 3614 vero
840 3558 944 3626 ahquid
968 3559 995 3612 in
1020 3559 1052 3613 iis
1070 3559 1167 3612 mutari
1185 3558 1411 3628 confessionesque
1429 3557 1488 3613 tolli
1505 3576 1524 3613 a
1541 3559 1621 3627 vulgo

273 3652 363 3707 posse.
400 3638 428 3702 3)
446 3637 543 3706 Itaque
560 3652 615 3691 non
633 3634 787 3709 consentio,
810 3645 842 3693 ιιι
865 3637 1025 3693 aboleantur
1046 3636 1179 3692 vocabula
1199 3638 1310 3707 propria
1327 3637 1440 3705 singuiis
1457 3638 1621 3705 regiombus

274 3731 364 3784 neque
381 3722 413 3770 ιιι
430 3732 501 3771 nova
518 3716 599 3787 plane
615 3716 782 3786 imperentur
800 3717 941 3772 universis.
977 3717 1004 3783 1)
1022 3717 1098 3785 Quae
1114 3732 1179 3770 vero
1197 3723 1261 3771 suut
1279 3717 1397 3771 omnium
1414 3716 1558 3785 regionum
1576 3731 1620 3768 vo·

274 3795 378 3864 cabula,
391 3803 422 3850 ut
431 3794 524 3857 librae,
537 3796 691 3860 centenarii,
701 3795 794 3865 pedes,
814 3795 904 3859 ulnae,
921 3796 1051 3863 canthari,
1069 3811 1139 3862 nego
1157 3795 1184 3848 in
1202 3801 1308 3849 tantum
1325 3794 1463 3862 muenia,
1482 3801 1514 3847 ut
1526 3791 1620 3848 multis

272 3873 301 3928 in
318 3873 385 3929 locis
401 3874 493 3944 triplo,
512 3873 673 3944 quadruplo,
692 3874 808 3944 decuplo
827 3870 943 3927 eradant
960 3871 1122 3941 majora-vei
1139 3873 1249 3927 minora.
1286 3874 1316 3940 5)
1335 3871 1571 3940 concedoautem,
1589 3878 1620 3924 ut

273 3954 390 4009 medium
398 3953 500 4023 aliquid
508 3955 579 4009 inter
587 3961 708 4009 extrema
719 3953 858 4022 regionum
867 3951 990 4019 eligatur,
1001 3950 1036 4004 ad
1048 3950 1120 4019 quod
1132 3954 1334 4007 conformentur
1345 3951 1453 4007 iliorum
1464 3963 1618 4015 mensurae,

273 4038 319 4102 qui
338 4034 439 4090 habent
457 4032 573 4101 majores
592 4033 742 4087 minoresve
767 4045 909 4085 mensuras
935 4045 985 4100 eo,
1014 4030 1086 4098 quod
1110 4046 1202 4086 sumus
1230 4030 1350 4086 eiecturi.
1386 4033 1411 4099 6)
1428 4031 1506 4085 Hanc
1534 4030 1619 4100 ipsam

273 4118 365 4167 nmen
385 4111 562 4167 mutationem
580 4100 682 4164 suadeo
699 4108 866 4179 pedetentim
883 4108 1114 4177 introducendam,
1133 4109 1237 4164 scilieet
1254 4109 1283 4162 in
1299 4110 1333 4163 iis
1350 4110 1547 4177 contractibus,
1575 4107 1619 4176 qui

274 4197 339 4244 aunt
355 4189 557 4257 magistratibus
580 4189 650 4244 iuter
668 4205 698 4245 ss
715 4197 762 4244 aut
781 4204 842 4244 cunr
860 4189 984 4244 subditis.
1019 4188 1124 4256 Nempe
1138 4187 1185 4256 jus
1203 4187 1308 4242 dicatur
1324 4187 1472 4242 secundum
1496 4188 1533 4257 iu,
1546 4186 1618 4257 quod

274 4283 368 4324 sumus
387 4268 513 4333 electuri,
532 4285 587 4325 non
605 4271 752 4326 secundum
770 4269 956 4337 discrepantes
973 4267 1109 4322 vanarum
1124 4267 1266 4337 regionum
1284 4265 1376 4335 pedes.
1412 4266 1439 4335 7)
1457 4266 1618 4321 Comum

274 4346 449 4402 bisectionem
473 4347 542 4402 assia
567 4346 740 4403 admittimus.
776 4348 806 4415 8)
824 4346 1017 4401 collectionem
1044 4361 1108 4399 uero
1136 4344 1237 4399 assium
1255 4345 1283 4398 in
1302 4342 1428 4399 continua
1444 4344 1619 4413 proportione

171 4452 175 4459 -
274 4425 355 4495 vulgo
373 4422 655 4495 imperandam‘plane
674 4425 826 4482 dissuadeo.
863 4425 893 4493 9)
912 4424 1041 4480 Permitto
1067 4432 1166 4485 tamen,
1195 4423 1335 4479 emendari
1362 4422 1493 4490 paulatim
1518 4422 1618 4476 formas

274 4503 461 4559 collectionum
479 4510 650 4573 recepturum
668 4502 702 4559 ad
721 4520 801 4559 unam
819 4503 945 4573 aliquam,
964 4505 1003 4560 sic
1020 4511 1051 4558 ut
1068 4504 1191 4559 omnibus
1215 4504 1282 4559 locis
1309 4505 1325 4557 6
1343 4501 1433 4558 siner
1450 4502 1505 4556 sint
1523 4501 1615 4557 Fuder

234 4594 237 4603 ’
275 4598 367 4653 unum,
385 4583 510 4639 omnibus
528 4584 595 4638 locis
614 4585 665 4640 100
683 4582 773 4652 pondo
789 4584 827 4640 sit
844 4585 1022 4639 centenarius.
1061 4584 1107 4651 10)
1126 4582 1175 4638 His
1202 4595 1371 4652 consequens
1389 4588 1443 4649 est,
1467 4589 1499 4636 ut
1515 4580 1618 4634 dissua

276 4661 361 4733 deam,
379 4663 475 4732 uulgus
486 4661 707 4734 adstringendum
726 4664 761 4718 ad
779 4663 910 4718 unitatem
929 4663 1021 4718 lateris
1034 4662 1153 4717 omnium
1165 4660 1274 4715 assium.
1307 4659 1348 4727 11)
1366 4661 1404 4715 Ει
1415 4667 1507 4714 umen
1519 4658 1619 4727 largior

275 4741 594 4798 commensurabilitatem
618 4743 710 4798 lateris
738 4744 857 4799 omnium
883 4744 997 4807 assium,
1023 4758 1078 4796 non
1101 4740 1129 4795 in
1155 4740 1260 4795 unitate
1285 4739 1491 4807 instituendam,
1520 4738 1570 4795 sed
1592 4740 1617 4792 in

276 4822 394 4875 nummis
412 4819 532 4890 pulchris
551 4829 578 4876 et
595 4822 795 4892 receptissimis.
834 4825 875 4895 12)
893 4820 1059 4879 Numerandi
1076 4820 1186 4877 modum
1203 4836 1253 4890 per
1270 4817 1434 4876 octonariam
1451 4816 1617 4888 progressio·

276 4910 338 4952 nem
354 4912 372 4954 a
387 4898 467 4968 uulgo
484 4900 566 4970 plana
585 4900 689 4960 autern
