3567 5625
290 416 354 476 414
754 406 920 479 Appendicis
937 405 1159 465 Harmonicorum

289 586 417 647 Materia
449 585 656 646 declarationis
688 595 756 646 tuas
785 604 947 664 sensusque
974 597 1043 648 sunt
1073 588 1249 664 increpantis
1280 588 1398 663 potius,
1434 597 1467 645 ut
1493 588 1519 644 si
1546 603 1631 662 quem

288 675 376 750 juxta
402 683 431 733 te
454 676 659 733 consistentem
682 676 711 730 in
734 674 867 750 publico,
899 693 954 735 nec
975 677 1097 735 verbum
1119 676 1328 753 proterentem,
1359 675 1457 733 vorbis
1478 673 1632 750 profligare

289 761 413 838 iocoque
435 762 544 838 peiiera
566 760 834 820 stomachabundus
860 766 1039 823 annitereris.
1084 763 1118 821 In
1140 761 1255 840 pulpito
1285 779 1331 820 me
1353 764 1543 821 constitutum
1564 762 1627 819 exi-

289 850 453 922 stimabam,
478 848 547 907 dum
569 864 642 924 opus
665 847 874 908 Harmonicum
896 851 992 910 scribo
1014 847 1320 927 comparationemque
1344 851 1374 906 in
1394 849 1450 907 iius
1473 849 1628 924 subjungo,

288 945 321 995 tu
343 953 411 996 ecce
433 954 479 995 me
501 935 539 995 ad
562 952 674 995 morum
696 953 847 996 censuram
871 954 969 998 rocas.
1014 937 1209 1016 Resdondebo
1225 936 1360 1012 equidem
1376 935 1414 994 ad
1430 937 1555 1011 objecta,
1579 934 1630 993 scd

289 1023 325 1082 de
347 1022 476 1101 pulpit03
506 1021 578 1081 iilud
605 1022 743 1083 honestas
772 1025 916 1101 postulat,
949 1024 1006 1104 hqc
1027 1027 1162 1102 aequitas
1190 1027 1339 1101 permittit
1384 1022 1493 1082 Censes
1522 1039 1631 1082 errores

291 1128 437 1187 quemque
459 1128 529 1170 suos
550 1127 609 1169 non
631 1119 709 1170 recte
732 1111 876 1172 obducere
901 1111 1031 1171 colorum
1054 1112 1235 1173 diversorum
1258 1112 1451 1185 obscuritate3
1478 1109 1580 1168 duram
1602 1112 1631 1166 in

287 1198 348 1271 his,
378 1200 430 1275 qui
450 1198 523 1257 taiia
544 1197 668 1271 sudent,
695 1200 831 1273 agnoscis
853 1200 977 1259 irontem
998 1209 1087 1274 atque
1109 1199 1261 1259 audacem.
1306 1197 1467 1258 Laudabile
1497 1198 1630 1256 nimirum

289 1286 346 1344 hoc
374 1294 418 1345 est
445 1287 561 1343 initium
590 1301 729 1344 censurae
751 1295 836 1359 tuac,
868 1296 1000 1363 promtus
1029 1304 1137 1347 annuo.
1183 1287 1276 1346 Facta
1303 1285 1352 1345 vel
1379 1288 1487 1363 scripta
1514 1287 1631 1361 propria

289 1391 380 1448 negas
403 1371 571 1432 extollenda
592 1390 644 1448 pcr
665 1371 839 1449 philantiam
862 1390 1028 1450 vanamque
1050 1374 1189 1450 gloriam:
1214 1373 1370 1433 adsentior.
1415 1371 1498 1431 Vitia
1512 1371 1632 1448 publica

291 1477 358 1519 cum
386 1462 560 1519 auctoritate
589 1470 686 1518 taxas:
721 1462 840 1519 interest
870 1461 1003 1538 publice,
1038 1471 1071 1520 ut
1092 1469 1121 1520 ιο
1147 1478 1213 1520 cum
1240 1461 1382 1536 juventus
1404 1458 1537 1544 studiosa
1569 1469 1630 1517 tum

289 1550 443 1625 scriptores
473 1564 574 1607 omnes
601 1546 731 1607 audiant.
776 1547 914 1624 Iniquum
937 1565 1053 1621 censes,
1082 1566 1257 1624 quemquam
1284 1566 1316 1606 se
1337 1547 1448 1624 populo
1479 1545 1630 1605 redditare

287 1653 339 1711 per
368 1634 466 1694 iendis
494 1633 614 1694 alterius
646 1631 850 1693 detrimentum
884 1635 1083 1711 honestaeque
1115 1636 1210 1695 lamae
1242 1633 1473 1711 depressionem,
1505 1650 1626 1709 operum

286 1724 445 1799 praeconia
466 1738 585 1781 suorum
606 1735 658 1797 per
679 1720 803 1780 aliorum
826 1723 947 1797 inJurias
970 1731 1000 1782 et
1021 1722 1148 1782 dedecus
1173 1737 1223 1782 ore
1238 1722 1346 1797 injusto
1362 1721 1547 1781 ebuccinare:
1572 1723 1629 1778 ini·

287 1811 459 1886 quissimum
500 1809 556 1868 boc
584 1810 703 1867 omnino
733 1817 762 1868 et
784 1813 946 1887 praeceptis
974 1809 1082 1869 divinis
1109 1810 1301 1886 humanisque
1328 1811 1512 1868 contrarium.
1558 1807 1629 1867 Non

286 1897 539 1972 praeripiendum
564 1895 722 1956 lectoribus
743 1897 897 1968 judicium
926 1897 963 1954 de
990 1897 1076 1956 libris
1096 1896 1181 1957 editis
1209 1915 1231 1956 o
1259 1896 1508 1973 duoeptantibus:
1542 1895 1628 1972 plane

287 1987 408 2059 inquam
437 1984 495 2043 hoc
516 1992 614 2042 vetare
641 1984 754 2058 justum
781 1994 972 2060 sanctumque
1001 1993 1054 2044 est
1098 1983 1255 2061 Scripsisse
1277 1993 1322 2056 te,
1357 1986 1415 2056 ais,
1448 1981 1627 2059 simpliciter,

286 2073 412 2144 sincere,
445 2070 575 2129 voluisse
601 2069 717 2147 placere
744 2070 869 2147 populo:
898 2070 998 2133 laudo.
1043 2070 1142 2148 Negas
1169 2080 1198 2131 ιο
1221 2072 1387 2154 quenquam
1416 2069 1549 2129 clanculo
1580 2069 1626 2129 rei

288 2167 388 2233 aperte
411 2160 607 2235 vituperasse:
631 2165 784 2217 contentus
799 2176 874 2222 sum.
918 2153 1000 2217 Maio
1022 2159 1322 2230 neurinemaiiecisse,
1345 2156 1458 2216 nulium
1481 2159 1511 2214 in
1534 2174 1628 2233 queu-

286 2262 374 2321 quam
397 2243 528 2306 dicacule
549 2245 687 2322 probrum
710 2243 833 2319 dixisse,
861 2245 969 2304 nuliius
992 2246 1101 2306 lamam
1122 2246 1251 2305 invidiae
1272 2246 1447 2321 aeruginoso
1470 2243 1556 2304 dente
1579 2262 1627 2303 ar·

285 2334 407 2406 rosisse,
451 2333 562 2410 cynicis
596 2333 726 2392 moribus
756 2332 968 2408 calumniisque
998 2334 1190 2393 abstinuisse:
1228 2344 1336 2404 macte,
1369 2331 1569 2391 Christianum
1596 2340 1625 2390 te

285 2427 432 2496 praestas,
461 2437 549 2497 perge
572 2421 630 2479 ital
674 2418 773 2495 Negas
795 2430 823 2479 te
845 2437 978 2479 sermone
1009 2423 1161 2479 temerario
1196 2436 1296 2478 usum:
1328 2436 1466 2496 maguum
1488 2427 1517 2478 ιο
1539 2435 1626 2494 prse-

287 2506 369 2582 dico,
399 2510 425 2565 si
447 2506 504 2567 hoc
525 2523 618 2582 usqua
640 2523 758 2583 quaque
779 2508 902 2580 cavisti,
923 2523 988 2565 rara
1010 2506 1144 2583 linguae,
1171 2523 1237 2566 rara
1259 2506 1364 2565 calami
1385 2506 1509 2565 felicitas
1531 2508 1627 2565 omni·
1650 2509 1661 2522 ⁸

287 2595 399 2671 busque
422 2596 560 2653 encomiis
574 2592 779 2672 praedicanda
825 2595 924 2670 Atque
937 2594 1015 2666 hinc,
1037 2597 1090 2667 ais,
1114 2602 1142 2653 ιο
1162 2595 1358 2668 constituisse,
1381 2594 1627 2670 comparationem

286 2699 383 2741 meam
405 2682 545 2759 replicare
568 2679 761 2741 amaritudine
782 2683 926 2759 seposita:
960 2681 1038 2740 bona
1059 2697 1149 2740 musa
1171 2680 1341 2758 impellens,
1369 2681 1510 2758 propositi
1535 2681 1627 2739 forma

287 2770 516 2846 speciosissima,
548 2785 600 2847 spe
627 2768 730 2848 plenus
760 2785 834 2830 sum.
882 2766 1109 2828 Animadvertit
1136 2786 1157 2828 a
1184 2786 1232 2828 mr
1261 2768 1315 2827 tihi
1342 2767 1456 2842 objecto
1475 2768 1628 2828 maudo

287 2857 452 2930 mitiliter,
475 2858 610 2932 agnoscis
632 2866 728 2916 tamen
751 2873 890 2915 suenum
911 2858 946 2913 irs
967 2859 1005 2915 iis
1035 2856 1258 2932 quodammodo
1278 2858 1428 2934 frontem:
1461 2872 1519 2914 non
1541 2855 1628 2930 male,

287 2951 321 3001 ut
341 2942 440 3016 video,
463 2961 557 3021 neque
579 2952 611 3003 tu
635 2943 670 3004 de
693 2960 739 3003 me
761 2960 871 3021 speras,
895 2945 950 3001 nisi
972 2945 998 3002 si
1021 2944 1050 3000 in
1066 2959 1138 3002 voce
1159 2944 1306 3003 subtiliter
1327 2942 1519 3002 subtilissima
1536 2941 1629 3016 lateat

288 3031 476 3106 querimonia.
521 3031 584 3107 ligo
607 3031 692 3103 mibi,
715 3030 858 3103 lioberte,
879 3032 954 3090 meis
977 3029 1070 3090 velmi
1092 3028 1273 3091 auditoribus
1297 3029 1333 3090 de
1355 3030 1470 3107 pulpito
1492 3047 1559 3089 sum
1579 3029 1627 3089 io·

286 3128 371 3176 cutus
393 3117 429 3177 de
443 3116 614 3178 Ptolemaeo
637 3135 730 3194 aeque
753 3127 841 3193 atque
864 3116 902 3176 de
921 3115 1061 3192 Robcrto,
1085 3127 1226 3194 qusntum
1247 3116 1287 3177 sd
1309 3116 1483 3178 emdiondos
1504 3116 1628 3177 lectores

286 3204 449 3265 conducere
484 3223 549 3264 sum
579 3207 752 3277 arbitratus,
783 3205 947 3264 usitilitote
975 3222 1045 3264 usus
1072 3204 1140 3275 illa,
1174 3222 1250 3282 quae
1280 3204 1317 3265 ad
1341 3203 1532 3265 dividendum
1555 3207 1628 3264 inter

285 3293 458 3369 scriptiones
486 3292 588 3352 affines
615 3294 833 3369 requirebatur,
862 3293 998 3367 ignarus,
1029 3294 1168 3371 interesse
1190 3291 1350 3352 Robertum
1377 3294 1483 3369 ipsum.
1529 3291 1627 3366 Quare

285 3379 359 3439 nihii
381 3397 494 3453 eorum,
526 3397 602 3456 quae
625 3380 661 3443 de
683 3381 759 3456 ejus,
770 3395 858 3456 opere
879 3380 995 3455 scripsi,
1025 3386 1166 3455 tanquam
1196 3383 1315 3440 sudori
1336 3379 1482 3450 obiectum
1512 3381 1627 3455 scripsi.

286 3464 345 3527 Sed
368 3469 438 3543 quia
459 3468 585 3527 cooritor
606 3484 622 3527 e
644 3468 730 3526 turba
752 3466 898 3526 Robertus
921 3467 983 3544 ipse
1005 3467 1189 3543 improvisus,
1213 3484 1340 3543 aequum
1360 3466 1495 3543 equidem
1511 3482 1626 3539 censeo,

288 3561 320 3612 ut
343 3561 372 3613 et
394 3558 457 3631 ipss
475 3552 524 3633 *ds
546 3572 578 3614 se
600 3555 738 3631 ioquatur
760 3554 854 3631 deque
883 3552 959 3612 libro
982 3570 1053 3628 suo;
1084 3554 1109 3612 si
1137 3552 1209 3630 quid
1231 3570 1286 3631 ogo
1314 3555 1389 3613 libro
1421 3554 1484 3628 ejus
1512 3562 1628 3630 praeter

285 3650 411 3701 mentem
441 3643 588 3718 scriptoris
618 3641 776 3718 adscripsi,
809 3640 916 3713 diluat,
951 3643 1127 3701 contrarium
1154 3648 1310 3714 monstret,
1346 3640 1482 3700 audiatur
1510 3643 1541 3697 in
1571 3640 1628 3699 hoc

169 3754 180 3761 ’
287 3728 386 3787 mundi
409 3729 537 3789 theatro:
565 3730 675 3807 primus
697 3745 753 3805 ego
774 3730 832 3787 mei
850 3727 955 3803 judicii
985 3745 1073 3805 super
1094 3728 1159 3805 eJ’us
1181 3727 1255 3787 libro
1278 3745 1389 3790 errores
1419 3744 1577 3803 agnoscam
1599 3738 1627 3786 et

287 3816 417 3890 fatebor,
446 3819 472 3874 si
494 3832 546 3876 eos
574 3818 636 3894 ipsc
658 3816 728 3875 mibi
752 3816 903 3876 detexerit.
947 3814 1112 3891 Torquere,
1125 3858 1127 3861 ·
1141 3814 1282 3889 Robertc,
1317 3826 1413 3875 tecum
1433 3818 1468 3874 in
1488 3831 1627 3875 menam

286 3903 419 3979 frontem
440 3910 539 3980 potes,
560 3911 733 3980 retorquere
753 3919 812 3961 non
833 3912 935 3981 potes,
958 3904 1014 3960 nisi
1036 3906 1066 3961 in
1088 3902 1247 3962 ferientem.

374 3988 429 4049 Ari
452 3989 637 4067 Auaiysin
660 3991 685 4053 1.
728 3988 839 4050 Videor
860 3996 890 4048 te
916 4006 1055 4050 accusare
1078 3990 1227 4064 inscitiae,
1261 3991 1380 4063 acriter,
1411 3988 1479 4049 licet
1502 3987 1626 4048 occulte.

285 4075 360 4136 Tam
380 4077 438 4136 hoc
458 4085 506 4136 est
526 4077 683 4149 occuitum,
704 4076 844 4152 Robcrte,
864 4083 898 4134 ut
913 4084 976 4136 toto
999 4075 1082 4137 coeio
1104 4093 1191 4137 erres.
1236 4075 1313 4152 Quid
1330 4079 1442 4136 intersit
1464 4079 1539 4136 inter
1562 4084 1628 4135 tuse

285 4181 423 4240 measque
445 4164 626 4238 harmonias,
655 4163 783 4224 edissero
805 4162 943 4234 fideliter,
971 4163 1053 4223 nulla
1076 4166 1244 4241 circuitione
1266 4182 1346 4225 usus.
1390 4163 1471 4222 Nihil
1499 4172 1530 4222 te
1554 4165 1628 4223 inter

285 4261 315 4311 et
335 4250 730 4311 Ptolemaeum'discriminis
753 4259 814 4325 est,
842 4251 900 4309 nisi
923 4250 1003 4328 quod
1025 4260 1057 4310 tu
1080 4268 1214 4328 superes,
1244 4251 1295 4312 iiie
1316 4269 1368 4310 nos
1389 4250 1557 4328 quindecim
1578 4268 1627 4310 se·
1755 4320 1756 4325 η

285 4338 358 4399 culis
386 4342 551 4399 antecessit.
604 4337 670 4414 Quo
702 4340 819 4398 nomine
848 4339 902 4397 tibi
930 4339 1108 4415 parcendum
1130 4341 1322 4413 censuissem,
1355 4339 1428 4411 nisi,
1458 4340 1488 4395 in
1510 4335 1625 4415 pulpito
1676 4398 1680 4405 ,

285 4429 474 4498 constitutus,
498 4426 637 4504 mrq‘orem
658 4426 805 4504 proiectus
827 4424 1008 4499 auditorum,
1032 4422 1127 4502 quam
1142 4428 1186 4485 tui
1207 4428 1350 4486 rationem
1372 4424 1552 4486 habuissem.

371 4514 424 4574 Ad
447 4513 632 4593 Autipsin
655 4514 695 4573 11.
740 4512 812 4573 Jurs
834 4520 885 4572 tuo
909 4515 1007 4585 uteris,
1030 4513 1109 4589 quod
1134 4530 1211 4593 vere,
1232 4512 1285 4573 sed
1307 4514 1422 4573 conciso
1445 4529 1526 4572 ame
1545 4511 1628 4589 ‚dicta
1755 4474 1756 4517 Ξ

284 4599 363 4682 (nam
385 4601 472 4680 plura
494 4600 530 4662 de
551 4602 610 4661 tuis
633 4601 812 4661 editionibus
825 4617 885 4659 non
900 4597 1051 4679 noveram)
1073 4610 1105 4661 tu
1125 4599 1253 4677 explicas
1268 4600 1366 4660 istius.
1409 4596 1511 4659 Patior
1525 4602 1625 4672 etism,

285 4699 318 4747 ut
340 4688 462 4749 accedat
482 4689 521 4748 ad
544 4692 775 4766 comparationes
798 4705 880 4747 meas
902 4689 970 4767 ista,
993 4687 1071 4764 qnod
1093 4689 1196 4762 piures
1216 4707 1269 4764 epo
1290 4691 1326 4746 in
1346 4705 1412 4748 meo
1426 4705 1514 4762 opere
1528 4703 1627 4747 oroneo

287 4777 484 4848 iusumserim,
518 4793 605 4852 quam
633 4785 665 4836 tu
694 4779 797 4835 intuo
825 4774 1034 4834 hebdomadas.
1077 4775 1158 4835 Nihil
1186 4784 1284 4835 tamen
1312 4774 1463 4851 adrogabo
1487 4777 1626 4851 temporis

285 4862 324 4924 sd
352 4865 518 4941 augendam
543 4862 681 4941 gloriam,
718 4880 773 4925 nec
798 4870 910 4924 textum
940 4864 1003 4940 ipss
1032 4880 1129 4924 meum
1161 4865 1335 4924 immeritum
1365 4861 1427 4945 (iol.
1457 4859 1533 4943 268)
1562 4862 1630 4922 ialsi
1754 4942 1755 4949 ἵ
