3567 5625
764 468 914 525 Dedicatic.
1191 421 1194 428 Ι
1476 471 1517 531 ‘19
1561 473 1565 492 ⁸

163 644 330 725 exemplum
351 644 494 723 revertur)
525 648 554 707 in
584 666 694 710 meram
723 655 754 709 et
782 647 946 709 durabilem
974 648 1156 709 harmoniam
1178 650 1355 709 terminetur.
1400 645 1467 723 Qua
1488 648 1518 706 in

163 751 214 812 spe
238 735 327 794 ctiam
350 743 452 795 conus
473 752 556 811 spem
577 736 730 796 confirmor
751 752 810 796 non
833 743 948 797 tantum
970 753 1108 797 successu
1130 753 1259 795 mearum
1283 734 1516 812 speculationum

163 821 413 898 harmonicorum,
444 830 477 882 ut
505 823 588 899 cuius
616 823 740 884 felicitas
770 823 927 886 audaciam
948 825 978 882 in
1002 822 1168 902 quaerendo
1190 822 1359 901 longissime
1382 828 1516 900 superat:

163 908 215 968 sed
238 910 329 969 etiam
351 908 409 970 hoe
430 911 505 990 ipso,
527 910 606 989 quod
622 914 695 971 inter
710 920 816 988 cetera,
840 929 928 993 quae,
950 913 988 972 ad
1010 912 1107 991 operis
1124 911 1329 990 perlectionem
1344 914 1518 984 necessaria,

163 1013 213 1075 per
235 1005 281 1057 tot
299 997 363 1073 jam
385 1014 479 1058 annos
500 998 616 1060 luerunt
637 999 704 1060 loco
727 1002 859 1078 pristino,
882 1000 1071 1077 Majestatcm
1094 1001 1183 1060 etiam
1198 998 1293 1058 Tuam
1315 999 1447 1076 Regiam,
1471 1000 1519 1058 cui

162 1087 359 1163 pabocinium
382 1088 494 1165 operis,
525 1094 684 1165 sumquam
707 1090 897 1170 inciperetur,
921 1088 1145 1160 destinaveram,
1168 1086 1320 1163 bucusque
1344 1085 1518 1146 incolumem

163 1181 193 1233 et
213 1172 368 1234 florentem
383 1174 460 1234 vidi:
483 1192 536 1236 nec
558 1173 690 1235 desinam
713 1196 731 1235 a
748 1169 830 1253 Deo,'
839 1176 926 1237 Pacis
949 1185 979 1237 et
993 1175 1174 1238 Concordiae
1190 1171 1318 1248 auctore,
1344 1172 1519 1235 contendere

164 1259 279 1320 devotis
302 1261 452 1340 precibus,
483 1264 526 1321 uti
555 1263 609 1323 tibi
632 1270 662 1323 et
685 1263 777 1324 sitam
799 1272 828 1325 et
850 1264 1039 1342 Msjestatem
1062 1265 1186 1341 Regiam
1208 1279 1300 1340 usque
1324 1262 1518 1341 adoptatum

163 1348 247 1407 illum
270 1357 410 1409 eventum
432 1348 608 1410 incolumem
629 1357 755 1411 tueatur.

248 1435 371 1496 interim
392 1423 509 1515 Msjest
532 1437 628 1498 Tuam
654 1436 939 1500 Revereudissimam
971 1438 1094 1517 supplex
1121 1454 1210 1518 rogo,
1241 1444 1274 1496 nt
1303 1443 1333 1496 et
1361 1436 1417 1496 hoc
1444 1451 1518 1513 opus

162 1522 368 1603 Harmonices‚
392 1524 508 1585 Nemini
529 1541 585 1585 sno
608 1525 784 1605 dedicatum,
807 1544 910 1588 sereno
935 1527 1019 1588 vultu
1036 1526 1180 1603 adspiciat
1202 1533 1232 1586 ct
1253 1525 1331 1584 banc
1352 1525 1409 1583 mei
1425 1521 1519 1584 devo·

162 1612 268 1672 tissimi
292 1611 415 1675 affectus
448 1615 477 1671 in
500 1612 538 1673 Se
561 1613 804 1691 significationem
826 1618 913 1692 aequi
935 1615 1063 1692 bonique
1093 1612 1246 1690 consulat,
1273 1609 1518 1690 contemplatione

163 1716 233 1760 rere
257 1696 388 1777 Operum
411 1701 468 1761 Del
489 1699 616 1779 Regium
645 1700 773 1763 oblectet
802 1703 946 1777 animum,
977 1709 1118 1779 quantum
1149 1716 1200 1778 per
1221 1702 1401 1760 necessarias
1423 1697 1518 1774 Regni

164 1789 373 1866 occupationes
395 1788 507 1849 licebit:
537 1796 568 1849 et
589 1788 730 1870 exemplis
748 1790 935 1851 .Ccncordiae
957 1788 1221 1868 resplendescentis
1243 1805 1278 1847 ex
1302 1787 1438 1865 operibus
1462 1785 1518 1844 Dei

164 1875 331 1936 visibilibus
360 1875 491 1936 studium
520 1878 550 1934 in
579 1894 612 1937 se
634 1878 808 1938 concordiae
840 1884 870 1939 et
891 1879 974 1957 pacis
997 1876 1213 1937 ecclesiastieae
1235 1884 1264 1935 et
1286 1874 1423 1952 politicae
1446 1890 1519 1933 con·

162 1962 256 2023 firmet
278 1965 458 2042 excitetque:
482 1962 608 2041 denique
632 1982 678 2024 me
700 1982 824 2041 meaque
847 1965 946 2025 studia
959 1964 1054 2041 Regio
1069 1977 1137 2024 ‘suo
1165 1964 1329 2042 patrocinio
1352 1960 1520 2021 clementis·

163 2053 236 2110 simo
260 2050 404 2127 dignetur.
419 2047 446 2134 ¹)
489 2052 607 2113 Dabam
630 2052 742 2113 Lentiis
763 2053 878 2114 Noricis
900 2052 940 2113 ad
961 2052 1068 2132 Ripam
1090 2051 1238 2130 Danubii,
1261 2049 1363 2109 Ididus
1385 2048 1519 2109 Februa·

163 2140 220 2215 riis,
245 2154 323 2199 anuo
346 2141 433 2201 urae
457 2138 615 2201 occidentis
637 2139 817 2201 MDCXIX.
1534 2157 1537 2162 ·

371 2296 513 2359 Serenisu.
536 2297 654 2376 Majest.
678 2297 773 2359 'luam
796 2298 920 2376 Regiam

754 2454 841 2515 Omni
857 2472 924 2516 cum
938 2454 1132 2516 submissione
1146 2472 1290 2516 venerans

469 2543 542 2623 Imp.
565 2542 650 2604 Cass.
674 2541 817 2604 Matthiae
840 2544 963 2621 ejusque
985 2542 1116 2603 fidelium
1138 2541 1281 2602 Ordinum
1303 2539 1518 2602 Archidueatus

687 2631 825 2692 Austriae
848 2629 1092 2710 Sept-Anisenae
1113 2629 1340 2697 Mathematicus

831 2718 990 2780 Jotonne
1012 2717 1192 2796 chplerus.
