3567 5625
658 487 877 547 inHarmcnianr
895 488 999 546 Mundi
1073 553 1077 564 ,
1311 483 1314 490 '
1484 496 1502 556 5

157 666 318 729 soeaduet
362 665 410 727 hd
430 665 488 729 hoe
509 667 665 745 plurimum
687 666 718 728 id
738 667 870 743 ruebat,
902 666 982 746 qnod
1004 668 1124 729 obtrusa
1145 668 1385 749 ashologicarnm
1407 688 1503 732 rerum

158 755 255 815 studia
282 773 349 816 cum
375 773 449 815 sana
474 763 570 817 mente
596 756 783 817 reconciliare
811 757 874 816 sire
900 755 1088 836 astrologiam
1115 758 1157 815 ita
1179 755 1333 820 defendere
1355 758 1501 834 studebat,

159 849 201 917 nt,
237 860 316 920 qnae
352 850 536 904 astronomus
569 852 599 904 et
633 844 825 922 philosophus
859 845 923 921 ipse
962 844 1019 905 sibi
1064 843 1243 921 objurgaret,
1286 847 1502 924 quodammodo

159 928 289 990 dilueret
340 930 407 991 Hoc
428 930 512 991 illum
534 933 687 1008 egissem
709 930 810 992 libello
833 930 869 991 de
890 930 1102 992 Fundamentis
1124 931 1312 1010 Astrologiae
1334 938 1501 1008 (titiani,

159 1035 193 1078 ex
214 1015 397 1080 Calendariia
419 1020 454 1090 (l.
472 1021 568 1078 estas.
584 1023 705 1092 tibae),
729 1019 900 1096 exscriptis
922 1018 1061 1080 adversus
1083 1017 1238 1079 Rbslinnm
1260 1025 1367 1092 (1.503)
1390 1028 1420 1082 et
1441 1021 1500 1082 Fe-

158 1104 262 1165 selium
283 1109 315 1178 (1.
334 1109 397 1178 biii)
423 1112 454 1166 et
475 1122 512 1165 ex
532 1105 607 1166 libro
630 1103 667 1167 de
688 1104 782 1167 Stella
802 1105 890 1166 Nora
912 1110 955 1178 (11.
972 1111 1046 1180 575),
1075 1107 1158 1166 varic
1180 1106 1268 1167 modo
1291 1108 1395 1168 elucet.
1439 1109 1502 1170 Nec
1606 1171 1614 1184 ,

158 1195 252 1252 minna
274 1209 312 1252 ex
332 1192 433 1252 multis'
454 1194 576 1270 privatis
597 1193 698 1269 literis,
721 1195 846 1253 maxime
868 1192 927 1253 illis
949 1193 987 1253 ad
1001 1200 1148 1270 pastorem
1164 1193 1310 1254 Davidem
1325 1195 1500 1270 Fabricium,

159 1282 207 1356 qui
220 1281 336 1340 somnia
350 1278 526 1357 asbologica
539 1283 648 1357 pressis
662 1283 797 1342 manibus
811 1281 937 1354 tenebat,
961 1279 1036 1342 datis
1051 1296 1212 1357 cognoscas
1226 1281 1346 1359 Kepleri
1362 1281 1500 1358 studium,
1581 1333 1585 1342 ,

158 1385 233 1444 quae
260 1370 443 1446 ineptissima
467 1369 652 1430 somniabant
679 1367 820 1445 astrologi
847 1367 1012 1443 refellendi,
1044 1385 1204 1452 cognoscas
1226 1372 1311 1429 varia
1332 1372 1500 1446 tentamina,

159 1472 206 1515 eas
228 1455 409 1532 astrologiae
432 1462 538 1532 partes,
572 1473 645 1532 quas
677 1456 842 1534 astrologus
868 1454 1061 1517 Caesarianas
1086 1473 1145 1516 non
1170 1463 1287 1533 poterat
1317 1474 1376 1517 non
1394 1465 1500 1532 tencre,

159 1560 193 1603 ex
214 1560 289 1604 eana
310 1549 407 1603 mente
428 1543 635 1620 interpretandi
656 1553 686 1605 et
706 1545 737 1603 in
759 1546 900 1605 rationem
923 1550 952 1604 et
974 1542 1154 1621 disciplinam
1179 1544 1326 1621 quandam
1347 1544 1500 1607 referendi.

263 1630 322 1690 Pro
344 1629 531 1692 tundamento
554 1630 633 1692 illins
655 1631 827 1711 disciplinae
848 1631 978 1708 Keplero
1000 1631 1073 1692 haec
1094 1634 1184 1691 stated
1206 1649 1294 1710 posse
1316 1633 1500 1695 ridebantur.

159 1716 409 1792 Quemadmodum
431 1719 518 1778 bomo
533 1719 629 1779 cultus
644 1725 674 1780 et
687 1717 812 1779 incultus
826 1718 1002 1780 harmonicis
1024 1720 1104 1779 sonis
1126 1719 1203 1780 laete
1225 1726 1373 1793 moretur,
1396 1738 1501 1799 quem·
1542 1755 1544 1766 ·

158 1804 314 1865 admodum
336 1805 436 1866 oculos
458 1808 579 1866 suarius
601 1813 724 1884 tangant
745 1806 855 1867 formae
880 1808 1007 1867 numeris
1028 1809 1089 1866 suis
1114 1808 1268 1883 perlectae,
1292 1825 1381 1884 qnam
1405 1811 1501 1868 minus

157 1893 310 1969 pmsetaa
333 1897 375 1953 sic
396 1894 522 1953 bominis
543 1896 728 1971 suspicientia
750 1896 879 1954 animam
902 1894 1006 1968 sidera,
1028 1895 1052 1953 si
1075 1896 1163 1954 sitam
1185 1895 1296 1955 babent
1316 1898 1390 1956 inter
1411 1913 1443 1957 se
1466 1913 1502 1957 ex

157 1983 340 2056 geometricis
367 1979 483 2058 legibue
511 1980 688 2056 ordinatum,
718 1981 829 2058 maiore
851 1983 882 2039 ri
904 1980 1023 2056 lerinnt,
1046 1998 1134 2058 qnam
1156 1985 1182 2042 si
1204 1983 1278 2041 situs
1300 1982 1351 2042 ille
1373 2000 1431 2043 non
1453 1987 1501 2044 sit

156 2067 267 2128 Natura
294 2085 390 2129 rerem
415 2067 538 2128 creatrix
565 2070 752 2129 multifariam
774 2068 812 2129 ad
835 2069 864 2128 id
886 2070 940 2128 niti
962 2068 1091 2143 ridetur,
1121 2077 1155 2129 nt
1181 2070 1289 2130 formas
1319 2072 1502 2148 geometricis

156 2154 280 2233 legibus,
297 2154 399 2232 quales
413 2155 559 2217 humanae
574 2159 664 2218 menti
677 2156 716 2218 ab
726 2158 810 2217 initio
825 2157 930 2217 insitae
944 2163 1021 2231 sunt,
1036 2158 1176 2232 aequales
1189 2164 1338 2236 procreet3
1354 2159 1501 2236 crystalla,

158 2246 216 2318 nix,
239 2244 335 2318 fleres,
357 2259 495 2303 numerus
517 2249 548 2303 et
569 2245 639 2305 ordo
661 2244 795 2305 loliorum
814 2244 1016 2322 hrenumque
1029 2244 1132 2319 forma,
1156 2262 1244 2323 apum
1260 2244 1351 2305 cellae
1367 2254 1397 2305 et
1411 2245 1503 2306 multe

156 2329 286 2390 ffiarim
296 2333 382 2390 istem
392 2332 568 2408 genetricem
580 2331 745 2394 ostendunt.
768 2332 823 2393 llle
835 2349 929 2392 rerum
939 2331 1019 2406 crdo,
1036 2330 1188 2393 harmonia
1199 2332 1251 2391 illa
1261 2335 1293 2392 vi
1303 2332 1502 2410 inexplicabili

149 2435 240 2478 auree
255 2419 370 2493 leriens,
388 2419 567 2480 documento
582 2429 635 2496 est,
659 2419 768 2481 mundo
782 2423 877 2481 inesse
892 2422 953 2479 rim
967 2421 1149 2495 geometricis
1163 2420 1277 2499 legibus
1299 2428 1404 2495 actam,
1426 2438 1502 2497 qnae

157 2506 316 2566 animantia
332 2513 362 2572 et
375 2508 505 2568 inanima
514 2517 641 2580 moreat,
658 2510 771 2569 etamsi
787 2525 823 2568 ne
839 2509 998 2567 animantia
1011 2505 1128 2583 quidem
1140 2525 1205 2568 eam
1219 2509 1325 2569 sentire
1336 2507 1501 2568 videantur.

158 2592 242 2653 Illam
273 2596 335 2653 vim
369 2611 506 2655 mennam
534 2595 679 2673 Keplerus
709 2613 774 2656 cnm
804 2595 929 2655 bominis
958 2596 1056 2654 animo
1085 2602 1237 2672 comparat
1263 2612 1428 2671 nomenque
1457 2595 1500 2654 illi

157 2680 238 2740 addit
258 2698 386 2758 aequum
411 2684 545 2758 ,animae
567 2684 698 2743 mundi“.
743 2683 828 2743 Haec
849 2681 949 2742 mundi
972 2684 1071 2741 anima
1093 2683 1211 2758 iisdem,
1243 2683 1349 2759 quibus
1375 2683 1501 2743 bominis

157 2771 283 2844 animus,
305 2769 420 2847 legibus
441 2772 560 2849 regitur.
604 2771 661 2847 Qut
684 2778 719 2832 ut
740 2771 821 2833 sonis
843 2768 1018 2831 harmonicis
1041 2777 1071 2830 et
1092 2771 1261 2832 harmonico
1283 2770 1410 2832 siderum
1432 2773 1500 2845 situ,

158 2855 304 2933 quomodo
326 2855 356 2916 id
378 2857 582 2933 buthesaim,
611 2866 754 2935 moretur,
785 2860 828 2918 ita
848 2858 895 2918 his
917 2861 1007 2919 etiam
1029 2860 1129 2918 mundi
1152 2863 1250 2920 anima
1269 2860 1369 2935 agitur
1390 2866 1420 2919 et
1440 2876 1500 2919 nen

157 2944 252 3019 modo,
277 2961 351 3021 quas
373 2943 514 3020 diximus,
545 2947 653 3007 iormaa
673 2947 822 3024 regulares
843 2954 991 3025 procreat,
1014 2945 1066 3007 sed
1089 2948 1177 3007 etiam
1200 2946 1321 3007 adsim
1343 2949 1373 3005 in
1395 2963 1500 3024 corpus

157 3049 255 3106 mum,
287 3031 419 3103 Terram,
451 3033 639 3095 exserendam
668 3051 761 3112 aeque
791 3035 896 3111 egitur,
926 3041 1015 3111 atque
1043 3033 1116 3093 illud
1138 3033 1171 3093 iit
1191 3036 1221 3091 in
1244 3037 1341 3096 animo
1363 3034 1498 3095 bominis.

157 3118 228 3180 lude
259 3122 440 3196 tempestatis
456 3124 642 3193 mutationes,
666 3130 794 3182 meteora
817 3120 942 3195 atalia,
974 3121 1042 3182 inde
1071 3124 1161 3182 etiam
1191 3125 1236 3182 vis
1267 3129 1439 3200 aspectuum
1469 3125 1498 3180 in
1542 3116 1544 3125 ‘

158 3208 286 3267 animum
306 3206 434 3267 bominis
453 3209 500 3269 bis
520 3209 758 3288 praevalentibus
780 3210 852 3267 nati.

263 3292 336 3354 Illas
363 3299 524 3358 sententias
545 3295 691 3373 Ksplerns
719 3294 845 3373 explicat
872 3297 902 3354 ln
934 3294 1056 3369 libellis,
1089 3291 1167 3370 qnos
1185 3312 1275 3372 supra
1304 3294 1440 3371 diximus,
1470 3302 1499 3355 et

156 3380 216 3457 jam
239 3383 269 3439 in
292 3382 386 3457 primo
407 3384 532 3444 intendit
552 3385 657 3445 librum
679 3384 850 3460 ampliorem
871 3382 996 3460 posthac
1018 3381 1174 3456 edendnm,
1202 3382 1403 3443 Harmoniam.

260 3468 391 3529 Primum
408 3471 472 3546 iam
493 3471 637 3549 Keplerus
660 3472 689 3532 id
713 3475 781 3549 egit,
805 3478 838 3531 nt
859 3469 1031 3547 explicaret,
1054 3486 1104 3530 cur
1124 3478 1261 3546 aspectus
1282 3471 1320 3531 ab
1344 3469 1500 3547 cacologia

158 3557 320 3633 antiquitus
342 3556 442 3617 traditi
462 3560 506 3619 ita
527 3559 673 3635 valerent,
702 3568 736 3620 nt
764 3561 794 3618 ln
822 3560 990 3636 praemissis
1011 3560 1075 3639 ipse
1096 3565 1252 3632 statuerat,
1284 3566 1314 3618 et
1335 3559 1499 3634 inquireret,

157 3662 226 3703 num
242 3645 332 3704 etiam
346 3645 406 3719 alii,
429 3663 516 3723 quam
531 3650 581 3725 qni
604 3645 700 3707 adhuc
722 3653 803 3708 erant
825 3645 933 3718 traditi,
955 3644 1139 3722 planetamm
1153 3647 1228 3704 inter
1241 3662 1273 3705 se
1288 3647 1361 3704 situs
1377 3645 1499 3705 eandem

158 3735 216 3791 rim
251 3729 400 3793 haberent.
457 3732 540 3810 Quae
572 3736 758 3811 quaestiones
795 3752 861 3793 eum
893 3733 932 3794 ad
966 3731 1137 3794 divisionem
1171 3731 1286 3806 circuli,
1321 3730 1360 3790 ad
1391 3732 1500 3809 figuras
1562 3734 1567 3750 ⁴

157 3818 304 3896 regulares
327 3827 356 3879 et
378 3837 507 3897 corpora,
530 3820 570 3882 ad
591 3838 680 3883 sonos
702 3822 885 3882 harmonicas
907 3819 1090 3881 reduxeruut.
1127 3818 1175 3878 Ad
1191 3819 1222 3877 id
1236 3826 1361 3879 veteres*
1374 3819 1500 3880 recolere

159 3909 263 3984 coepit,
287 3923 352 3967 cum
373 3909 594 3970 mathematicos
616 3909 776 3983 Euclidem,
799 3909 944 3983 Proclnm,
968 3907 1173 3984 Apollonium,
1197 3906 1415 3982 Archimedem,
1439 3915 1501 3966 tum

157 3994 322 4055 Ptolemaei
344 3998 469 4056 maxime
489 3997 690 4067 Harmoniam,
712 3997 845 4057 Platonis
867 3996 1030 4069 Timaeum,
1054 3993 1239 4055 Aristotelem
1261 3993 1405 4071 aliosque.
1442 3994 1500 4056 Sed

157 4081 313 4161 plurimum
335 4085 473 4161 temporis
495 4087 697 4147 astronomicis
723 4085 827 4144 studiis
853 4085 1015 4157 insumens,
1046 4084 1196 4144 intermitti
1219 4082 1270 4142 illa
1291 4099 1500 4159 nonnunquam

158 4186 278 4231 ueeoese
298 4170 369 4245 init,
399 4189 574 4249 quamquam
596 4190 655 4232 non
677 4190 793 4250 prorsus
817 4173 924 4232 omisit.
969 4169 1003 4229 ln
1026 4171 1160 4231 omnibus
1183 4169 1299 4247 quidem
1322 4171 1386 4247 ejus
1409 4169 1499 4241 libris,

159 4265 188 4317 et
208 4260 239 4316 in
268 4259 315 4333 iis,
347 4274 421 4335 qnos
451 4277 540 4337 snpra
570 4259 704 4334 diximus,
737 4268 766 4320 et
795 4262 825 4319 in
855 4257 976 4336 Optiea,
1009 4259 1039 4314 in
1069 4258 1143 4317 libro
1173 4257 1208 4318 de
1238 4258 1342 4318 Martis
1372 4257 1499 4316 motibus

159 4347 338 4422 consu-ipio,
366 4347 398 4403 in
421 4346 660 4423 Ephemeridibus
688 4347 825 4424 aliisque,
858 4349 887 4405 in
908 4344 1057 4405 literarum
1080 4347 1250 4407 commercio
1279 4348 1392 4417 insunt,
1424 4360 1499 4418 quae

160 4438 300 4493 testentur
315 4434 378 4509 ejus
391 4434 528 4509 studium,
551 4438 732 4512 propositum
754 4434 840 4496 linem
862 4433 1047 4509 assequendi,
1072 4451 1147 4509 quae
1170 4433 1271 4492 eadem
1293 4432 1499 4502 demonstrent,

161 4519 316 4597 quomodo,
339 4538 415 4598 gnae
436 4522 551 4596 viderit,
581 4539 646 4583 cnm
668 4525 729 4582 suis
750 4524 902 4583 sententiis
924 4522 1127 4580 asucnomicis
1149 4518 1300 4579 conciliare
1323 4525 1352 4579 et
1377 4518 1497 4595 ,leges“

159 4625 229 4668 anas
251 4610 459 4675 monomicas
481 4610 627 4687 adjunctis
649 4610 815 4670 barmbniae
838 4609 953 4683 legibus
967 4608 998 4665 vi
1014 4613 1042 4666 et
1057 4609 1229 4666 anctoritate
1251 4605 1376 4682 quadam
1398 4614 1500 4667 sancta

160 4713 268 4771 angere
296 4701 327 4754 et
355 4714 456 4757 ornare
484 4696 565 4758 velit
610 4698 682 4758 Jam
702 4715 778 4758 anno
804 4697 897 4765 1505.
920 4695 1066 4771 Keplerns
1089 4693 1186 4768 Anglo
1208 4692 1355 4772 Haydonn
1385 4695 1498 4754 scribit:

163 4783 264 4855 ,Dens
292 4800 340 4844 me
369 4802 404 4844 ex
431 4786 610 4845 aahonomia
638 4783 786 4861 expediat,
816 4790 849 4844 ut
877 4783 916 4843 ad
945 4799 1044 4843 curam
1073 4782 1167 4859 operis
1194 4783 1249 4840 mei
1280 4780 1316 4841 de
1338 4781 1501 4841 Harmonia

160 4869 264 4930 Mundi
280 4875 460 4945 converterit,
483 4879 514 4932 et
535 4870 626 4945 addit,
649 4874 745 4931 anime
767 4889 799 4933 se
820 4871 968 4943 statuisse,
991 4870 1048 4930 hcc
1066 4886 1139 4945 opus
1153 4866 1268 4928 Jaccbo
1286 4869 1410 4945 Angliae
1424 4869 1500 4944 Regi

162 4958 304 5019 dedicare
358 4958 424 5020 Hac
450 4959 575 5037 epistola
604 4959 728 5037 aliisque
755 4960 839 5023 ahere
868 4957 1013 5036 quaedam
1035 4957 1072 5019 de
1093 4963 1263 5034 argumento
1284 4956 1372 5034 hujus
1394 4958 1498 5035 operis,
