3567 5625
275 399 339 460 240
528 358 534 369 x
688 388 730 444 De
748 382 1012 455 canigoradonitua
1029 388 1208 448 Harmonicis.

275 566 401 638 quadrati
417 578 532 621 ιιιιιιι
550 562 585 619 ad
602 560 765 617 ιιιιιιιιιιι
781 560 825 617 vel
843 561 904 631 eius
921 563 1092 633 quadratum.
1128 566 1221 622 Posito
1239 568 1334 635 igitur,
1359 569 1433 638 qnod
1449 576 1548 626 natura
1564 570 1629 633 sub

273 647 376 705 ιιιιιιι
393 646 495 700 ιιιιιι
512 658 624 699 sensum
641 640 735 698 circuli
751 640 869 707 zodiaci,
894 640 988 697 cuculi
1007 642 1132 701 nimirum
1151 646 1301 715 sensibilia,
1324 649 1392 703 ioris
1410 651 1522 721 ιιιιιιι,
1547 668 1629 721 quem

274 728 335 797 ipsa
354 725 491 782 examinet
510 724 544 779 ud
562 722 651 777 ideam
669 720 765 776 circuli
782 720 913 776 abstracti
930 721 1136 795 intellectualia,
1160 742 1242 794 quam
1260 725 1322 795 ipsa
1339 741 1431 781 secum
1455 729 1539 795 habet
1556 731 1630 785 intus

195 832 198 839 ⁴
275 815 419 861 connatam
444 819 493 859 seu
517 808 699 864 concreatum,
723 806 790 854 tnnc
808 815 874 855 sane
901 801 1041 868 sequitur,
1068 804 1142 871 quod
1164 804 1259 858 ordine
1283 811 1397 860 ιιιιιιι
1419 805 1495 874 prius
1521 809 1631 877 sentiat,

275 894 393 955 quantus
418 898 497 939 arcus
522 881 625 936 zodiaci
652 881 688 936 sit
714 894 731 934 a
754 878 861 935 duobus
888 879 1007 949 planetis
1035 881 1223 937 interstinctus
1250 890 1278 938 et
1293 893 1395 953 quanta
1416 892 1492 940 recta
1508 885 1548 940 illi
1567 888 1631 943 sub·

274 964 410 1031 tendatur,
428 962 507 1029 cujus
526 959 677 1031 qualitatis,
707 960 777 1015 sitne
796 958 913 1014 effabilis
931 958 1101 1030 longitudine
1124 977 1159 1016 ιι
1178 960 1238 1015 sola
1254 962 1378 1030 potentia
1396 963 1535 1035 quadrati,
1561 983 1632 1022 anne

275 1061 337 1101 cum
355 1042 409 1099 alia
427 1039 544 1110 quadam
562 1037 697 1094 enubilem
722 1037 805 1093 iaciat
824 1053 957 1093 summam
975 1040 1171 1106 quadratorum
1194 1047 1223 1094 et
1245 1040 1433 1107 rectangulum
1458 1041 1582 1111 effabsse,
1604 1047 1633 1101 in

275 1138 330 1193 ιιι
346 1119 513 1192 proprietate
531 1117 663 1171 fundatur
680 1117 825 1173 etiabilitas
844 1132 934 1185 areae,
957 1118 1026 1174 baec
1037 1119 1237 1189 inquam'prius
1249 1118 1420 1175 innotescere
1434 1131 1549 1176 naturae
1569 1124 1633 1179 sub

273 1200 362 1256 lunari
379 1199 507 1254 ridentur
524 1190 619 1251 ordine¹
637 1204 764 1263 naturae,
787 1196 851 1264 quia
868 1197 941 1251 latus
960 1199 1035 1266 priua
1054 1207 1097 1254 est
1114 1199 1214 1267 ligura,
1242 1215 1276 1252 ex
1294 1198 1388 1254 lateris
1405 1200 1634 1271 multiplicatione

275 1279 425 1349 descripta,
443 1282 541 1346 portae
559 1275 675 1341 demum,
693 1276 741 1331 ubi
759 1282 820 1330 tota
837 1274 927 1343 figura
944 1274 1082 1346 descripta
1100 1277 1219 1333 fueritin
1231 1277 1343 1332 aodmco
1356 1277 1466 1347 circulo,
1485 1289 1634 1349 patescunt

275 1357 334 1428 ejus
353 1355 444 1425 anguli
463 1369 610 1423 eorumque
628 1354 781 1423 quantitas,
806 1363 834 1408 et
852 1369 887 1408 an
905 1353 925 1407 ii
942 1354 998 1409 sint
1015 1370 1050 1409 ex
1068 1357 1210 1425 congruis,
1238 1361 1266 1410 et
1283 1372 1318 1410 ιι
1336 1356 1425 1425 figura
1442 1362 1568 1417 omnibus
1586 1380 1634 1419 au·

274 1437 345 1508 gulis
364 1442 509 1490 concurrat
524 1432 560 1486 ad
577 1432 691 1488 eandem
708 1433 903 1501 congruentiae
921 1435 1054 1503 speciem,
1077 1442 1105 1491 et
1122 1451 1157 1490 an
1176 1435 1368 1491 continuabilis
1392 1436 1429 1490 sit
1446 1441 1633 1507 congruentia

274 1516 406 1583 Breviter,
425 1510 603 1580 congruentia
622 1519 665 1565 est
683 1508 797 1566 affectus
815 1511 991 1580 angulorum,
1018 1513 1150 1569 scibilitas
1173 1513 1300 1572 laterum.
1338 1516 1392 1570 Ubi
1410 1531 1475 1585 ergo
1497 1518 1576 1587 prius
1594 1522 1634 1575 in·

276 1593 393 1650 notescit
409 1590 514 1662 figurae
533 1589 651 1660 angulus
669 1606 751 1661 quam
769 1588 850 1649 latus.
867 1590 905 1644 ibi
923 1591 1028 1660 priores
1046 1602 1074 1647 et
1092 1594 1213 1662 potimes
1235 1595 1361 1650 ridentur
1379 1611 1441 1651 ease
1458 1606 1551 1666 partes
1571 1616 1635 1656 een-

276 1672 417 1746 gruentiae
436 1684 517 1741 quam
534 1667 701 1734 scibilitatis,
724 1668 771 1725 ubi
787 1669 926 1738 posterius
944 1671 1120 1738 posteriores.
1157 1672 1194 1726 At
1211 1672 1315 1741 figurae
1339 1673 1374 1727 ad
1390 1681 1514 1729 centrum
1531 1681 1635 1746 pertin·

277 1752 367 1823 gentis
385 1749 462 1820 prius
479 1748 626 1803 innotescit
644 1747 773 1817 angulus,
796 1746 900 1815 figurae
924 1764 989 1803 reru
1010 1748 1038 1802 in
1057 1750 1202 1819 superficie
1222 1752 1376 1820 descriptae
1400 1755 1460 1821 (per
1478 1754 1549 1809 duca
1567 1766 1635 1825 puta

276 1832 352 1890 solos
368 1828 505 1900 planetae)
522 1826 599 1896 prius
623 1827 769 1884 innotescit
792 1827 880 1897 latus;
902 1834 977 1882 reete
1003 1843 1068 1898 ergo
1092 1829 1150 1884 fieri
1169 1828 1288 1898 ridetur,
1314 1830 1337 1884 si
1359 1829 1494 1899 infigura
1519 1835 1635 1890 centrali

276 1910 367 1982 potior
384 1900 519 1962 babe'atur
537 1905 732 1976 congruentiae
749 1905 832 1972 ratio,
850 1907 879 1961 in
897 1906 1062 1985 superficiali
1078 1910 1170 1978 potior
1188 1908 1352 1964 scibilitatis.

364 1986 441 2042 Haec
457 1984 541 2054 igitur
564 1985 593 2038 in
611 1984 778 2040 contrarium
801 1991 912 2039 nostrae
937 1988 1117 2056 propositioni
1142 1988 1227 2044 allata
1253 1997 1318 2043 sunt
1344 1987 1423 2043 nobis
1450 1988 1636 2056 dissolvenda,

277 2065 425 2137 eademque
451 2079 535 2134 opera
560 2064 632 2118 veris
659 2064 827 2132 argumentis
854 2063 1025 2120 roborandus
1059 2067 1126 2121 ordo
1157 2066 1353 2136 proprietatum
1383 2070 1579 2135 congruentiae
1606 2076 1634 2124 et

276 2144 440 2203 scibilitatis.

363 2223 484 2278 Primum
501 2220 599 2291 igitur,
622 2221 785 2276 etsiverum
804 2229 860 2290 ιιι,
884 2221 919 2276 de
937 2222 1025 2291 figura
1041 2222 1157 2278 centrali
1174 2223 1287 2277 formari
1308 2239 1359 2292 per
1376 2222 1491 2283 duorum
1509 2223 1634 2294 planeta·

164 2319 170 2327 ·
275 2320 335 2360 rum
351 2303 444 2358 radios
461 2315 544 2355 unum
562 2299 701 2368 angulum,
718 2316 774 2355 non
792 2310 882 2355 tamen
901 2300 965 2357 inda
983 2301 1115 2371 sequitur,
1134 2308 1166 2355 ut
1183 2316 1260 2356 mens
1277 2301 1431 2371 percipiens
1449 2303 1635 2375 quantitatem

277 2381 368 2451 eugub
386 2380 519 2451 percipiat
537 2388 652 2435 naturae
677 2380 772 2435 ordine
789 2381 865 2449 prius
883 2380 1000 2449 figurae,
1027 2379 1106 2448 cujus
1129 2380 1239 2435 futurus
1258 2386 1301 2435 est
1327 2379 1456 2449 angulus,
1481 2376 1650 2452 congruam

276 2463 350 2518 tiam.
387 2460 477 2515 Οιιιι
494 2464 578 2527 patet,
597 2459 662 2526 qnia
679 2461 864 2527 congruentia,
882 2460 911 2514 in
929 2467 1060 2529 quantum
1078 2465 1121 2514 est
1139 2460 1221 2515 unius
1234 2459 1327 2527 anguli
1345 2459 1460 2529 ejusque
1477 2460 1634 2530 ιιιιιιιιιι

276 2540 388 2611 aliquot,
406 2539 434 2592 in
452 2552 536 2592 unum
557 2534 647 2590 locum
664 2536 791 2607 planum,
818 2539 898 2594 nimia
917 2548 960 2595 est
982 2537 1130 2607 generalis,
1156 2547 1220 2594 suut
1239 2539 1310 2593 enim
1333 2537 1455 2593 infinitae
1472 2538 1637 2608 angulorum

276 2622 316 2678 ιιι
334 2617 541 2689 congruentium
559 2615 677 2686 formae,
699 2624 777 2671 tanto
796 2632 905 2687 semper
921 2617 1014 2688 plures
1032 2634 1159 2687 numero,
1184 2626 1286 2687 quanto
1305 2618 1405 2688 singuli
1424 2625 1488 2672 sunt
1505 2617 1635 2673 minores.

276 2700 340 2755 Non
358 2705 400 2752 eet
416 2697 501 2767 igitur
518 2696 587 2752 haec
605 2695 652 2751 illa
669 2696 862 2766 congruentia,
887 2697 922 2752 de
940 2712 994 2767 ιιι
1012 2713 1062 2751 ιιι
1089 2696 1260 2767 disputamus
1284 2697 1352 2751 libro
1370 2696 1411 2767 11,
1436 2712 1506 2765 quae
1527 2695 1638 2764 angulis

276 2793 330 2834 non
349 2777 462 2833 seorsim
479 2775 586 2843 eccidit,
604 2777 654 2833 sed
669 2776 764 2847 figuris
782 2777 896 2849 integris
914 2783 1027 2848 propter
1044 2775 1167 2847 angulos,
1185 2792 1236 2832 nec
1253 2776 1348 2846 liguris
1364 2774 1488 2845 singulis,
1506 2775 1555 2830 sed
1573 2774 1637 2845 plu·

276 2858 352 2912 ribus
370 2856 444 2911 inter
460 2870 490 2910 ae
504 2856 615 2924 junctis.
652 2857 748 2926 Itaque
766 2872 821 2911 non
838 2864 946 2912 tantum
964 2856 1129 2926 dissolvitur,
1149 2858 1290 2912 sedetiam
1309 2862 1484 2925 retorquetur
1501 2855 1637 2924 objectio;

277 2934 351 3008 quod
369 2932 502 2988 animilia
520 2935 554 2988 de
572 2934 808 2991 circumferentiali
825 2944 1018 3006 usurpaverat,
1043 2953 1188 3006 possumus
1206 2953 1257 2992 nos
1275 2952 1363 3008 aequo
1377 2937 1441 3004 iura
1468 2933 1502 2989 de
1519 2932 1637 2987 centrali

267 3027 418 3087 'snrparq
437 3013 652 3082 congruentiam,
671 3029 742 3082 quae
760 3014 839 3070 nobis
856 3014 902 3068 ιιι
920 3021 964 3069 ιιι
980 3016 1136 3086 proposita,
1162 3015 1191 3069 in
1209 3030 1244 3069 ιι
1259 3017 1438 3084 posteriorem
1447 3027 1517 3070 resse
1535 3011 1638 3066 scibili-

276 3099 345 3161 tate,
365 3106 450 3162 quare
467 3092 589 3161 potiores
608 3108 668 3147 esse
686 3101 813 3162 oportere
831 3093 914 3159 hujus
937 3109 1018 3161 quam
1036 3094 1110 3149 illius
1127 3101 1234 3163 partes,
1259 3110 1392 3149 concessu
1412 3091 1521 3162 quidem
1540 3090 1639 3145 adver·

278 3171 350 3227 sarii.
387 3170 466 3225 Prius
484 3171 554 3225 enim
572 3172 687 3240 figuram
706 3178 815 3242 oportet
832 3172 907 3242 fieri,
934 3188 1014 3240 quam
1038 3180 1098 3228 tota
1116 3189 1266 3241 congruere
1288 3172 1381 3242 possit
1419 3171 1481 3225 Jam
1502 3185 1565 3225 vero
1582 3170 1639 3223 nisi

275 3252 348 3307 latus
364 3251 469 3319 figurae
487 3250 579 3305 scibile
597 3253 641 3319 sit,
659 3252 747 3319 figura
764 3251 823 3305 ficri
841 3268 896 3305 non
914 3257 1013 3320 potest.
1049 3252 1120 3305 Nam
1132 3252 1184 3306 etsi
1202 3268 1295 3306 verum
1309 3258 1360 3319 ιιι,
1379 3250 1443 3304 dato
1457 3266 1511 3304 uno
1529 3249 1638 3317 figurae

177 3368 181 3376 ·
278 3328 388 3400 augurio,
411 3343 493 3398 quem
509 3328 577 3383 radii
596 3330 710 3385 duorum
725 3330 897 3399 planetarum
915 3330 1032 3384 formant
1048 3329 1077 3383 in
1096 3338 1202 3398 centro,
1228 3329 1286 3385 dari
1310 3343 1451 3384 numerum
1470 3328 1588 3383 omnium
1611 3333 1641 3381 et

277 3425 328 3479 per
344 3406 406 3461 illos
422 3405 527 3475 figurae
549 3408 634 3462 totius
658 3407 839 3479 aptitudinem
856 3407 892 3463 ad
910 3406 1126 3476 congruendum,
1149 3423 1201 3462 nec
1226 3408 1254 3460 in
1279 3408 1350 3462 banc
1377 3406 1640 3468 demonstrationem

276 3485 382 3556 ingredi
399 3485 493 3540 lateris
511 3493 648 3556 naturam3
667 3496 696 3541 ιι
713 3502 766 3542 ιιι
785 3486 866 3541 datur
883 3486 931 3540 ille
949 3501 1019 3542 unus
1038 3485 1142 3554 figurae
1160 3484 1285 3555 angulus,
1303 3486 1332 3540 id
1344 3494 1386 3540 ιιι
1404 3501 1459 3541 ιιι
1476 3484 1642 3553 agnoscitur

277 3581 328 3638 pro
347 3563 447 3633 angulo
464 3565 568 3635 figurae
586 3580 731 3638 curmae,
750 3566 803 3621 nisi
821 3581 870 3636 per
886 3565 960 3621 latus
978 3564 1081 3620 scibile.
1117 3565 1197 3619 Prius
1210 3581 1274 3633 ergo
1289 3564 1392 3633 (urdine
1404 3567 1527 3631 naturae)
1546 3563 1641 3617 anima

278 3647 331 3700 scit
347 3642 433 3714 latus,
460 3660 542 3711 quam
567 3651 711 3715 agnoscat,
735 3643 787 3699 sibi
810 3644 868 3699 dari
890 3645 1020 3713 angulum
1044 3660 1203 3715 congruum.
1249 3644 1353 3713 Quodsi
1376 3641 1568 3714 comparemus
1595 3644 1643 3697 bic

277 3723 392 3792 figuram
410 3729 569 3793 utramque,
592 3723 682 3779 minna
699 3723 827 3792 equidem
844 3724 925 3779 datur
941 3724 1014 3780 latus
1037 3721 1080 3777 vel
1098 3738 1163 3777 area
1180 3723 1285 3791 figurae
1303 3723 1445 3791 centralis,
1471 3723 1529 3793 ipso
1547 3721 1640 3776 radia·

278 3800 361 3855 tionis
379 3806 455 3868 actu,
474 3818 556 3870 qnam
574 3802 646 3858 latus
664 3801 768 3872 figurae
786 3802 1052 3872 circumferentium
1077 3802 1130 3857 hoc
1148 3803 1219 3857 enim
1237 3818 1345 3873 semper
1368 3802 1551 3858 determinant
1567 3802 1640 3856 radii

277 3879 338 3950 ipsi,
356 3878 404 3933 illa
422 3894 476 3934 non
494 3897 610 3952 semper,
629 3882 677 3937 sed
696 3882 725 3935 in
742 3881 905 3950 quibusdam
923 3889 1028 3937 tantum
1046 3881 1155 3949 figuris,
1175 3890 1206 3937 nt
1223 3884 1251 3936 in
1262 3883 1379 3952 trigono,
1398 3881 1462 3951 quia
1479 3880 1567 3935 latera
1586 3882 1640 3936 cir·

278 3954 489 4013 cumierentialis
507 3961 600 4029 anguli
617 3960 724 4028 singula
741 3959 912 4016 subtendent
928 3977 1021 4015 arcum
1039 3959 1181 4029 aequalem
1199 3962 1360 4032 intercepto.
1396 3960 1537 4015 Remotior
1553 3959 1642 4029 igitur

278 4041 322 4090 ιιι
338 4033 425 4103 figura
443 4037 571 4093 centralis
589 4038 623 4092 ab
642 4046 707 4093 actu
724 4036 835 4107 sciendi,
854 4054 936 4106 quarn
948 4038 1211 4110 circumferentialia,
1234 4040 1363 4096 remotior
1379 4040 1461 4107 igitur
1474 4038 1555 4098 etiarn
1573 4054 1640 4092 con·

279 4112 421 4184 ιιιιιιιιι
443 4116 606 4186 nobiseum
632 4117 749 4185 objectio
768 4132 831 4171 vero
853 4116 991 4194 nitebatur
1017 4119 1168 4190 conuario,
1199 4120 1278 4189 quasi
1304 4111 1482 4188 congruentia
1506 4116 1639 4172 eenmalia

277 4199 352 4249 esset
368 4190 479 4263 propior
496 4195 622 4267 notitiae,
644 4212 726 4266 qnam
743 4196 922 4265 congruentia
940 4195 1200 4253 circumferentialis.

366 4271 499 4342 Amplius,
518 4276 542 4329 ei
559 4276 652 4347 anguli
669 4276 808 4346 quantitas
825 4276 987 4347 percipitur,
1006 4292 1061 4345 qua
1073 4292 1103 4330 rc
1122 4279 1296 4349 percipietur,
1313 4277 1366 4332 nini
1383 4293 1512 4332 mensura
1529 4293 1589 4348 sua,
1608 4279 1638 4336 id

277 4358 321 4408 eat
338 4366 404 4406 arcu
421 4350 514 4409 cuculi
531 4353 614 4424 illius,
633 4355 680 4425 qui
698 4373 732 4411 ex
750 4355 842 4426 anguli
855 4355 987 4426 propositi
998 4363 1108 4426 puncto,
1128 4357 1202 4425 quod
1213 4357 1298 4413 Terra
1312 4365 1361 4425 eet,
1381 4359 1562 4415 describitur?
1581 4377 1638 4416 non

277 4445 342 4485 vero
361 4429 447 4500 primo
470 4433 564 4487 circuli
581 4434 667 4506 illius,
690 4436 738 4505 qui
757 4435 862 4505 figurae
880 4434 994 4490 centrali
1020 4436 1263 4507 circumscribitur,
1288 4452 1337 4507 per
1354 4437 1465 4492 Terram
1487 4440 1637 4496 transiens.

279 4508 370 4577 Quare
386 4509 416 4563 in
433 4512 608 4581 perceptione
626 4513 787 4583 quantitatis
804 4511 898 4584 anguli
916 4511 951 4567 de
967 4511 1056 4582 figura
1074 4513 1187 4567 centruli
1205 4522 1313 4584 oportet
1333 4523 1364 4571 ut
1380 4517 1469 4571 anima
1487 4519 1638 4587 potentiam

277 4589 352 4645 illam
370 4596 486 4655 emerat,
504 4606 559 4659 qut
575 4592 693 4648 euentus
711 4601 767 4661 est,
794 4609 848 4648 non
866 4592 954 4659 illam,
972 4606 1026 4660 qua
1043 4592 1116 4646 erile
1133 4601 1264 4662 punctum
1281 4602 1332 4662 est,
1357 4593 1392 4648 ad
1410 4594 1483 4664 quod
1503 4597 1638 4666 pertingit

278 4669 403 4740 angulus.
439 4672 525 4741 Atqui
542 4669 637 4725 eodem
655 4679 721 4742 typo
739 4672 878 4728 circularia
897 4686 964 4726 suae
982 4672 1118 4727 essentiae
1141 4673 1257 4743 percipit
1278 4674 1359 4726 etiam
1382 4672 1638 4730 circumferentialia

180 4813 185 4818 ,
279 4749 383 4819 figurae
400 4751 472 4807 latus
490 4751 602 4821 ejusque
622 4766 721 4822 arcum,
739 4752 822 4822 idque
840 4752 942 4823 primo;
964 4760 1060 4821 postea
1078 4752 1201 4821 demum,
1221 4750 1359 4821 duplicato
1378 4753 1431 4807 hoe
1449 4768 1529 4823 arcu,
1550 4768 1637 4807 emer·

279 4829 320 4898 git
335 4832 418 4887 etiam
435 4847 515 4887 arcus
533 4831 627 4888 circuli
645 4832 770 4903 minoris,
793 4832 841 4902 qui
858 4829 963 4900 figurae
985 4832 1100 4887 centruli
1119 4830 1358 4901 cirumscribitur,
1384 4848 1434 4904 per
1457 4834 1554 4905 prioris
1572 4847 1638 4889 cen·
