3567 5625
644 413 890 472 uenonmeome.
925 413 1009 474 uiner
1025 417 1046 471 1.
1461 423 1523 486 ut

177 603 203 656 et
222 597 366 672 ιιίςοιιιιι,
390 596 461 673 quin
483 593 576 655 intera
597 594 708 655 habent
730 593 859 657 effabilia
881 594 947 656 cola
968 598 1109 673 potentia
1155 575 1298 672 Quartum
1321 602 1420 658 tenent
1442 595 1524 658 ordi-

176 699 236 742 nern
255 682 351 744 latera
372 680 564 760 dodecagoui,
588 682 730 760 decagoni
754 700 912 759 eorumque
935 686 1017 744 eocia
1037 682 1190 746 atellamm
1211 683 1322 762 latera3
1344 693 1413 745 eunt
1435 701 1464 743 n.
1487 702 1524 746 ex

176 769 367 831 ineffabilibus
387 773 521 849 potentia
543 776 573 829 et
587 772 757 849 componitis
779 765 890 848 primae
913 773 1031 848 speciei,
1054 779 1122 832 eunt
1144 788 1184 831 ec.
1208 773 1374 834 binominus
1397 780 1427 833 et
1448 789 1524 849 apo·

176 867 277 933 ionae,
300 857 484 937 dodecagoni
506 857 625 935 quidem
646 861 776 936 primae,
800 857 944 935 decagoni
967 875 1037 920 vero
1060 868 1192 936 quartae.
1231 858 1342 936 Quinto
1363 859 1431 921 ioco
1453 876 1523 920 auc-

176 947 278 1007 cedunt
298 945 393 1008 lutera
413 949 573 1024 pentagoni
595 953 625 1006 et
645 944 750 1007 atellae
773 947 852 1022 ejus,
875 947 920 1006 aie
941 955 972 1007 et
992 945 1088 1008 latera
1110 950 1248 1026 octogoni
1270 958 1301 1009 et
1321 946 1428 1011 otellae
1450 948 1525 1023 eiua,

177 1044 238 1093 euut
261 1051 292 1094 n.
316 1052 352 1095 ex
374 1042 480 1112 quarta
502 1035 729 1112 compositorum
753 1034 861 1112 specie,
882 1036 980 1096 miron
1002 1043 1033 1094 et
1054 1035 1172 1096 eitemn
1196 1034 1300 1098 dictae.
1326 1098 1333 1114 ,

254 1121 300 1182 Ne
324 1139 385 1199 qua
409 1115 476 1182 vero
498 1122 578 1183 bona
599 1130 670 1182 nota
697 1123 727 1181 iu
750 1120 914 1199 decauguio
942 1120 1123 1199 praejudicet
1146 1120 1382 1201 quinqueangulo,
1415 1129 1466 1182 eut
1488 1138 1526 1181 ne

175 1211 282 1286 medea
305 1208 408 1270 eadem
430 1210 530 1288 interis
552 1208 751 1287 oetaugularie
773 1217 882 1286 aequet
903 1225 988 1270 auam
1010 1209 1134 1287 figuram
1156 1210 1378 1290 quinquanguio
1401 1209 1449 1270 vel
1471 1209 1526 1269 de-

176 1296 307 1374 caogqu,
328 1313 409 1357 nove
424 1297 644 1374 quinquangqu
659 1295 773 1358 aceedit
787 1299 882 1356 virtue
902 1297 934 1354 in
958 1303 1023 1356 ortu
1038 1300 1117 1376 ipeo;
1140 1298 1220 1375 quod
1241 1315 1293 1377 per
1307 1298 1383 1358 hane
1406 1305 1525 1369 sectam,

175 1383 291 1445 denario
310 1387 581 1462 communicantem,
604 1393 709 1463 regnet
723 1384 854 1463 undique
874 1386 1028 1463 proportio
1044 1385 1153 1462 divina,
1176 1403 1253 1462 quae
1267 1385 1435 1447 immediate
1451 1386 1528 1445 ineat

175 1473 238 1549 ipeie
264 1472 406 1532 lateribus
429 1471 675 1551 quequmguien
698 1473 820 1550 ejusque
842 1471 965 1548 aialim
993 1478 1025 1540 oi
1054 1472 1241 1551 damnentur
1271 1492 1338 1535 cum
1365 1491 1420 1535 aua
1442 1470 1528 1533 atella
1582 1465 1587 1476 '

174 1577 227 1619 non
250 1563 401 1638 competit,
423 1563 480 1620 uini
503 1560 650 1621 mediante
672 1560 764 1622 latere
786 1559 957 1637 sexanguli3
982 1563 1165 1638 ociengulari
1186 1560 1274 1640 plane
1297 1578 1355 1622 uon
1379 1561 1527 1637 competit.

257 1648 379 1709 Praeter
401 1648 457 1711 hae
478 1648 603 1714 interum
624 1649 819 1726 proprietates
841 1648 918 1709 aliua
940 1649 1178 1726 inruperceuene
1194 1649 1426 1724 eetnobilitatie,
1449 1647 1528 1725 quod

175 1735 282 1812 figurae
312 1737 528 1814 dintinguantur
555 1754 592 1797 ex
622 1737 786 1815 aptitudine
814 1743 843 1796 et
872 1736 1051 1812 perfectione
1077 1752 1178 1808 areae,
1213 1754 1303 1813 quam
1323 1738 1400 1815 sepit
1425 1736 1528 1812 figura.

175 1822 227 1883 Hic
248 1832 321 1901 pont
342 1822 516 1884 diametrum
544 1825 644 1902 (eujus
667 1841 737 1885 area
758 1822 841 1883 nulia
863 1830 894 1884 et
916 1840 992 1900 quae
1014 1823 1080 1884 eola
1102 1824 1202 1884 circuli
1224 1842 1340 1898 eneam,
1371 1831 1405 1884 ut
1425 1822 1528 1883 Ptole-

174 1929 275 1971 maeus
298 1919 407 1986 monet,
429 1913 459 1970 in
484 1910 542 1971 duo
565 1912 702 1990 aequalia
722 1918 818 1985 cecat,
841 1927 901 1969 non
924 1913 1019 1971 minua
1042 1928 1130 1988 quum
1155 1907 1426 1991 circumferentiam)
1447 1912 1530 1988 prin·

176 2002 270 2076 cipem
293 1999 391 2059 locum
414 1999 548 2060 obtinent
570 2007 740 2078 tetragonus
763 2006 792 2060 et
815 1997 1033 2076 dodecagonua‚
1058 2001 1108 2076 qui
1131 2017 1231 2060 aream
1245 1999 1354 2061 habent
1376 1999 1530 2074 affabilem,

175 2093 201 2145 et
221 2094 396 2164 tetragonus
419 2086 539 2164 quidem
562 2089 669 2149 eximia
690 2087 914 2164 prauogativffi
939 2089 1010 2164 quie
1032 2086 1135 2148 eadem
1159 2086 1202 2146 iili
1225 2097 1270 2148 eet
1292 2105 1377 2162 mea,
1400 2104 1478 2165 quae
1502 2096 1531 2148 et

174 2171 274 2234 latoria
296 2174 485 2251 quadratum,
517 2177 627 2254 quippe
649 2192 737 2236 areae
759 2176 873 2253 speciae
896 2182 942 2234 eet
964 2172 1124 2250 quadrata:
1155 2177 1257 2252 itaque
1279 2178 1358 2254 oepit
1379 2173 1531 2234 dimidium

175 2260 208 2320 de
228 2261 379 2340 quadrato
400 2260 551 2337 dianetum
573 2261 784 2339 dodeuagouuo
799 2278 869 2322 voro
883 2267 943 2320 etat
957 2268 1026 2338 poet
1039 2264 1192 2340 principie,
1216 2266 1335 2339 neptem
1358 2261 1531 2324 uouentem

175 2349 208 2409 dc
230 2350 379 2428 quadram
401 2349 546 2412 diametri.
578 2350 716 2411 Proximo
738 2349 806 2411 ioco
829 2348 989 2412 succedunt
1011 2348 1371 2428 trigonue,ae1anguiuni
1394 2356 1425 2409 et
1447 2361 1531 2410 octo-

174 2454 279 2513 goaua,
302 2439 411 2515 quibu
424 2447 470 2498 eet
491 2455 563 2500 aree
581 2455 618 2499 a
633 2441 732 2516 apeme
746 2454 857 2513 mecon,
876 2438 1039 2515 peaugoni
1062 2444 1092 2499 ot
1107 2436 1251 2517 decagoni
1265 2453 1354 2499 ureae
1368 2436 1450 2498 nullu
1463 2437 1534 2497 dum
1589 2438 1594 2448 '

174 2524 287 2587 habent
308 2529 428 2586 nomina
450 2529 611 2588 notionum
