3567 5625
777 1294 843 1373 ro.
859 1263 1076 1373 =nonnosi
1424 1383 1428 1390 ,

554 1455 859 1571 tltdtlitdt
894 1456 1047 1573 lllllll
1081 1455 1229 1571 llllllll
1263 1458 1295 1570 Ι.

251 1662 302 1736 lle
328 1662 532 1752 ligurarum
548 1661 791 1751 Regulurium,
819 1681 912 1754 quae
940 1663 1181 1753 proportiones
1205 1662 1423 1735 bermonicns
1451 1663 1603 1751 pariunt,

348 1791 445 1875 ortu,
474 1785 661 1872 classibus,
689 1784 811 1892 ordine
838 1790 873 1858 et
901 1784 1118 1874 differentiis,
1147 1805 1254 1860 causa
1280 1787 1447 1860 scientiae
1475 1791 1512 1858 et

685 1959 690 1968 .
770 1907 1083 1980 demonstrationis.
1204 1977 1210 1986 .

473 2070 616 2128 Procius
633 2059 932 2127 bladosius'mbro
949 2069 971 2126 L
990 2071 1137 2130 Commeut.
1155 2070 1184 2126 in
1201 2071 1222 2128 Ι,
1241 2069 1374 2127 Euclidis.

251 2176 336 2255 Προς
356 2179 389 2236 de
410 2194 461 2252 spe
483 2194 603 2253 qomxpe
625 2178 754 2252 &suom
776 2167 810 2255 (ἡ
832 2168 1037 2255 μαθηματικη)
1060 2196 1097 2235 su
1118 2195 1236 2255 μεγιστα
1258 2155 1472 2251 συμβαλλετάι,
1495 2193 1547 2249 spe
1568 2192 1601 2233 se

250 2285 308 2324 sorr
331 2266 420 2342 loyce
442 2257 578 2334 εὐταξιιιν
600 2258 813 2344 ἆναφαινουσα,
837 2257 904 2323 καθ’
929 2255 964 2338 ἡν
985 2265 1223 2341 dsdppssoupypsus
1237 2282 1271 2323 so
1292 2283 1352 2324 uus
1374 2307 1381 2321 .
1404 2306 1412 2321 .
1437 2304 1445 2320 .
1469 2302 1477 2319 .
1501 2282 1549 2321 και
1564 2280 1602 2320 τα

250 2344 332 2412 tinia
354 2372 401 2411 και
423 2370 596 2430 npusoopya
626 2370 765 2428 οτοιχεια,
794 2372 842 2410 και
863 2369 957 2428 sung
979 2370 1013 2427 rp
1035 2368 1194 2429 noppssprqr
1224 2372 1272 2411 και
1292 2371 1327 2430 sq
1349 2347 1457 2426 ἱσοτητι
1486 2368 1602 2427 susspe-

250 2460 322 2514 pseu
345 2435 479 2512 ὄειξασα,
510 2432 543 2498 δι’
568 2431 610 2499 eir
637 2459 685 2498 και
714 2430 731 2499 ὁ
760 2458 818 2506 nuc
839 2432 966 2514 sepum
994 2433 1167 2514 ἐτελειωθη,
1198 2457 1330 2516 σχηματα
1359 2459 1398 2499 τα
1424 2456 1604 2516 προςηκοηα

597 2547 671 2587 κατα
691 2545 745 2594 sup
765 2520 872 2586 ἑαυτου
891 2528 1013 2605 merbec
1033 2517 1255 2599 duodskupsesoe.

548 2679 623 2741 oum
651 2679 683 2742 s.
697 2649 700 2660 ’
714 2673 747 2741 o.
777 2678 819 2739 u.
849 2679 1009 2786 remegio
1039 2679 1078 2742 ar
1109 2697 1202 2741 unos
1232 2679 1302 2742 xv.

425 2835 528 2886 miton
545 2837 718 2888 susumus.
753 2836 900 2888 Exeudsbst
915 2837 1045 2890 lebannes
1061 2777 1183 2902 Plancus,
1200 2850 1268 2887 anno
1284 2835 1442 2889 limma
1493 2911 1502 2917 ⁵

761 3189 1082 3332 ruoonrrnr.

341 3425 416 3487 Cum
438 3446 457 3487 a
479 3425 673 3489 divisionibus
696 3425 797 3486 circuli
819 3429 849 3487 in
871 3436 969 3506 partes
992 3427 1139 3505 aliquotas
1160 3426 1314 3504 aequales,
1338 3442 1414 3503 quae
1435 3423 1509 3484 dunt
1529 3440 1605 3502 geo·

141 3513 147 3519 '
252 3515 369 3574 metrice
392 3522 422 3576 et
442 3514 608 3589 scientifice,
630 3514 688 3575 boc
709 3522 756 3574 est
776 3531 796 3573 a
817 3514 918 3592 figuris
942 3514 1037 3593 planis
1051 3514 1234 3592 regularibus
1249 3513 1523 3575 demonstrabilibus
1545 3514 1605 3573 sint

253 3602 340 3662 nobis
362 3602 506 3681 petendas
528 3618 634 3662 musae
657 3603 878 3682 proportionum
901 3602 1146 3663 burmouieurum:
1175 3600 1248 3661 illud
1274 3604 1358 3662 initio
1380 3599 1604 3691 significandum

253 3687 338 3763 duxi,
370 3688 546 3749 differentias
568 3706 663 3748 rerum
685 3692 926 3766 geometricorum
948 3689 1104 3765 mentales,
1127 3688 1232 3769 bodie,
1262 3695 1404 3766 quantum
1424 3696 1545 3767 apparet
1567 3705 1605 3747 ex

252 3774 334 3834 libris
355 3776 457 3850 editis,
480 3775 659 3836 insolidum
681 3779 819 3855 ignorari.
864 3777 1009 3856 Adeoque
1030 3796 1067 3838 ne
1090 3795 1126 3838 ex
1148 3777 1297 3837 veteribus
1320 3775 1454 3854 quidem,
1478 3777 1528 3852 qui
1550 3773 1605 3835 bas

252 3860 404 3940 specificas
425 3878 521 3923 rerum
543 3865 784 3940 geometricorum
807 3864 983 3925 differentias
1012 3881 1044 3925 se
1066 3872 1168 3925 exacte
1191 3867 1366 3942 cognovisse
1388 3861 1604 3940 significaverit,

143 3956 146 3963 ¹
252 3958 368 4026 praeter
389 3949 540 4009 Euclidem
563 3952 686 4028 ejusque
708 3961 967 4014 commentatorem
988 3951 1134 4026 Proclum,
1160 3955 1317 4029 quisquam
1339 3952 1472 4013 uocauit.
1508 3948 1605 4030 Puppi

252 4034 371 4112 quidem
394 4036 586 4097 Alexandrini
608 4048 808 4118 veterumque,
831 4056 906 4116 quos
929 4040 978 4100 ille
993 4041 1134 4117 sequitur,
1158 4039 1323 4100 distributio
1340 4037 1552 4118 problematum
1574 4040 1605 4096 ln

251 4121 348 4201 plena,
371 4122 467 4185 solidu
489 4133 518 4185 et
539 4124 669 4199 linearia,
692 4128 763 4185 satis
786 4134 831 4186 est
844 4129 982 4205 apposita
995 4126 1033 4187 ad
1048 4126 1166 4187 babitus
1179 4129 1295 4203 mentis,
1319 4130 1396 4189 circa
1409 4142 1605 4202 unamquam-

253 4227 310 4287 que
325 4211 451 4288 subjeeti
464 4213 634 4290 geometrici
647 4220 759 4292 partem
776 4215 911 4289 orientes,
928 4212 1133 4292 explicandos:
1150 4213 1202 4275 illa
1211 4223 1308 4277 tamen
1323 4224 1353 4276 et
1366 4216 1463 4276 brevis
1478 4222 1523 4273 est
1535 4229 1604 4274 rer·

252 4297 299 4360 bis
321 4306 351 4360 et
372 4298 411 4359 ad
432 4301 535 4378 praxin
558 4300 723 4379 applicata;
747 4299 783 4361 de
798 4301 912 4362 theoria
926 4301 1008 4362 nulla
1022 4302 1194 4363 dt'meutio:
1218 4311 1249 4364 et
1269 4320 1340 4364 vero
1356 4304 1413 4362 nisi
1429 4309 1492 4362 tota
1506 4308 1604 4361 mente

251 4388 282 4444 in
305 4387 419 4447 theoria
440 4386 528 4464 liujus
550 4390 592 4448 rei
616 4405 804 4466 occupemur,
828 4393 1119 4467 uunquam'assequi
1140 4392 1299 4467 poterimus
1313 4392 1441 4450 mdones
1454 4388 1605 4449 bumont·

256 4490 319 4534 cas.
365 4472 490 4535 Procius
504 4475 675 4536 Diadochus
697 4476 780 4536 libris
802 4484 929 4554 quatuor
950 4478 981 4536 in
1008 4479 1133 4555 primum
1149 4477 1280 4538 Euclidis
1297 4476 1382 4538 editis
1396 4475 1606 4555 philosophum

138 4624 142 4633 ,
198 4562 203 4571 “
253 4561 444 4623 theoreticum
469 4565 499 4621 in
530 4563 735 4624 mathematico
764 4564 899 4641 subjecto
931 4580 967 4623 ex
995 4566 1127 4643 proiesso
1156 4567 1232 4642 egit:
1263 4567 1315 4642 qui
1343 4567 1370 4624 si
1396 4565 1605 4625 commentaria

252 4664 308 4708 sua
328 4651 360 4708 in
381 4649 526 4711 decimum
548 4652 637 4712 etiam
658 4651 765 4711 librum
786 4649 917 4711 Euclidis
939 4652 1026 4713 nobis
1047 4651 1230 4732 reliquisset,
1251 4660 1281 4713 et
1302 4660 1418 4712 nocuos
1440 4660 1604 4728 geometras

251 4738 368 4797 inscitia
388 4737 543 4800 liberasset
563 4756 622 4800 nou
643 4739 803 4816 neglectus,
827 4746 925 4799 etms
946 4737 1048 4800 labore
1070 4741 1127 4801 boe
1148 4738 1314 4818 explicandi
1336 4757 1432 4800 rerum
1445 4740 1605 4818 geometri·

252 4841 352 4884 carum
380 4823 557 4887 differentias
584 4829 614 4886 in
636 4826 762 4888 solidum
783 4825 978 4889 sublevasset
1023 4826 1103 4889 Setis
1125 4828 1203 4889 eninr
1222 4827 1266 4887 illi
1289 4830 1409 4904 cognita
1428 4827 1518 4888 inisse
1541 4825 1604 4887 dis·

253 4915 374 4973 erimina
394 4914 453 4973 ista
473 4916 584 4975 entium
605 4916 790 4990 mentalium,
818 4932 856 4976 ex
877 4916 943 4994 ipso
967 4910 1086 4977 exordio
1107 4916 1193 4977 iaoils
1214 4925 1351 4995 apparet,
1373 4933 1441 4976 cum
1461 4917 1605 4995 principia
