<?xml version="1.0" encoding="UTF-8"?>
<!DOCTYPE html PUBLIC "-//W3C//DTD XHTML 1.0 Transitional//EN"
    "http://www.w3.org/TR/xhtml1/DTD/xhtml1-transitional.dtd">
<html xmlns="http://www.w3.org/1999/xhtml" xml:lang="en" lang="en">
 <head>
  <title>
</title>
<meta http-equiv="Content-Type" content="text/html;charset=utf-8" />
  <meta name='ocr-system' content='tesseract 3.04.00' />
  <meta name='ocr-capabilities' content='ocr_page ocr_carea ocr_par ocr_line ocrx_word'/>
</head>
<body>
  <div class='ocr_page' id='page_1' title='image "./joanniskepleria24frisgoog/joanniskepleria24frisgoog_0224.png"; bbox 0 0 3567 5625; ppageno 0'>
   <div class='ocr_carea' id='block_1_1' title="bbox 277 404 1185 479">
    <p class='ocr_par' dir='ltr' id='par_1_1' title="bbox 277 404 1185 479">
     <span class='ocr_line' id='line_1_1' title="bbox 277 404 1185 479; baseline -0.007 -9"><span class='ocrx_word' id='word_1_1' title='bbox 277 410 340 470; x_wconf 71' lang='lat'>202</span> <span class='ocrx_word' id='word_1_2' title='bbox 708 404 751 463; x_wconf 78' lang='lat' dir='ltr'>lle</span> <span class='ocrx_word' id='word_1_3' title='bbox 767 406 992 479; x_wconf 83' lang='lat' dir='ltr'>Properticuibus</span> <span class='ocrx_word' id='word_1_4' title='bbox 1007 406 1185 465; x_wconf 79' lang='lat' dir='ltr'>Hemoaicis-</span> 
     </span>
    </p>
   </div>
   <div class='ocr_carea' id='block_1_2' title="bbox 276 585 1623 925">
    <p class='ocr_par' dir='ltr' id='par_1_2' title="bbox 276 585 1623 925">
     <span class='ocr_line' id='line_1_2' title="bbox 277 585 1622 664; baseline 0.001 -20"><span class='ocrx_word' id='word_1_5' title='bbox 277 602 400 662; x_wconf 84' lang='lat' dir='ltr'>quarum</span> <span class='ocrx_word' id='word_1_6' title='bbox 427 603 492 645; x_wconf 90' lang='lat' dir='ltr'>eum</span> <span class='ocrx_word' id='word_1_7' title='bbox 519 587 558 645; x_wconf 87' lang='lat' dir='ltr'>sit</span> <span class='ocrx_word' id='word_1_8' title='bbox 587 587 728 661; x_wconf 84' lang='lat' dir='ltr'>varietas,</span> <span class='ocrx_word' id='word_1_9' title='bbox 756 585 844 645; x_wconf 84' lang='lat' dir='ltr'>nullis</span> <span class='ocrx_word' id='word_1_10' title='bbox 871 603 999 662; x_wconf 87' lang='lat' dir='ltr'>unquam</span> <span class='ocrx_word' id='word_1_11' title='bbox 1030 586 1144 662; x_wconf 89' lang='lat' dir='ltr'>legibus</span> <span class='ocrx_word' id='word_1_12' title='bbox 1172 585 1241 645; x_wconf 89' lang='lat' dir='ltr'>illae</span> <span class='ocrx_word' id='word_1_13' title='bbox 1264 585 1467 663; x_wconf 87' lang='lat' dir='ltr'>comprcbsudl</span> <span class='ocrx_word' id='word_1_14' title='bbox 1489 594 1622 664; x_wconf 74' lang='lat' dir='ltr'>possuru.</span> 
     </span>
     <span class='ocr_line' id='line_1_3' title="bbox 277 664 1623 750; baseline 0.001 -18"><span class='ocrx_word' id='word_1_15' title='bbox 277 672 388 732; x_wconf 86' lang='lat' dir='ltr'>Neutra</span> <span class='ocrx_word' id='word_1_16' title='bbox 410 674 499 750; x_wconf 78' lang='lat' dir='ltr'>igitar</span> <span class='ocrx_word' id='word_1_17' title='bbox 519 676 592 732; x_wconf 92' lang='lat' dir='ltr'>ratio</span> <span class='ocrx_word' id='word_1_18' title='bbox 615 692 666 750; x_wconf 90' lang='lat' dir='ltr'>per</span> <span class='ocrx_word' id='word_1_19' title='bbox 680 673 790 734; x_wconf 85' lang='lat' dir='ltr'>sesols</span> <span class='ocrx_word' id='word_1_20' title='bbox 804 680 903 733; x_wconf 85' lang='lat' dir='ltr'>tuetur</span> <span class='ocrx_word' id='word_1_21' title='bbox 916 664 1108 750; x_wconf 73' lang='lat' dir='ltr'>respublicae,</span> <span class='ocrx_word' id='word_1_22' title='bbox 1131 672 1185 732; x_wconf 88' lang='lat' dir='ltr'>sed</span> <span class='ocrx_word' id='word_1_23' title='bbox 1198 673 1362 733; x_wconf 85' lang='lat' dir='ltr'>miscendas</span> <span class='ocrx_word' id='word_1_24' title='bbox 1385 673 1470 735; x_wconf 90' lang='lat' dir='ltr'>docet</span> <span class='ocrx_word' id='word_1_25' title='bbox 1484 673 1623 748; x_wconf 84' lang='lat' dir='ltr'>Bodinus,</span> 
     </span>
     <span class='ocr_line' id='line_1_4' title="bbox 276 759 1623 839; baseline 0 -18"><span class='ocrx_word' id='word_1_26' title='bbox 276 770 311 821; x_wconf 86' lang='lat' dir='ltr'>ut</span> <span class='ocrx_word' id='word_1_27' title='bbox 333 770 363 820; x_wconf 89' lang='lat' dir='ltr'>et</span> <span class='ocrx_word' id='word_1_28' title='bbox 384 759 464 837; x_wconf 83' lang='lat' dir='ltr'>leges</span> <span class='ocrx_word' id='word_1_29' title='bbox 486 762 554 834; x_wconf 91' lang='lat' dir='ltr'>siut,</span> <span class='ocrx_word' id='word_1_30' title='bbox 577 761 629 821; x_wconf 91' lang='lat' dir='ltr'>sed</span> <span class='ocrx_word' id='word_1_31' title='bbox 652 778 771 839; x_wconf 86' lang='lat' dir='ltr'>paucae,</span> <span class='ocrx_word' id='word_1_32' title='bbox 795 762 865 836; x_wconf 79' lang='lat' dir='ltr'>qais</span> <span class='ocrx_word' id='word_1_33' title='bbox 887 762 986 837; x_wconf 89' lang='lat' dir='ltr'>legum</span> <span class='ocrx_word' id='word_1_34' title='bbox 1008 760 1164 820; x_wconf 90' lang='lat' dir='ltr'>multitudo</span> <span class='ocrx_word' id='word_1_35' title='bbox 1187 777 1272 838; x_wconf 88' lang='lat' dir='ltr'>seges</span> <span class='ocrx_word' id='word_1_36' title='bbox 1294 768 1339 819; x_wconf 86' lang='lat' dir='ltr'>est</span> <span class='ocrx_word' id='word_1_37' title='bbox 1362 760 1506 820; x_wconf 84' lang='lat' dir='ltr'>uberrima</span> <span class='ocrx_word' id='word_1_38' title='bbox 1520 762 1623 831; x_wconf 87' lang='lat' dir='ltr'>litium,</span> 
     </span>
     <span class='ocr_line' id='line_1_5' title="bbox 277 847 1622 925; baseline 0 -18"><span class='ocrx_word' id='word_1_39' title='bbox 277 856 312 909; x_wconf 86' lang='lat' dir='ltr'>et</span> <span class='ocrx_word' id='word_1_40' title='bbox 328 847 420 906; x_wconf 64' lang='lat' dir='ltr'>mula</span> <span class='ocrx_word' id='word_1_41' title='bbox 434 850 636 925; x_wconf 81' lang='lat' dir='ltr'>magistratus</span> <span class='ocrx_word' id='word_1_42' title='bbox 662 849 781 909; x_wconf 88' lang='lat' dir='ltr'>arbitrio</span> <span class='ocrx_word' id='word_1_43' title='bbox 809 855 1009 920; x_wconf 74' lang='lat' dir='ltr'>reserventur,</span> <span class='ocrx_word' id='word_1_44' title='bbox 1039 865 1096 907; x_wconf 83' lang='lat' dir='ltr'>uos</span> <span class='ocrx_word' id='word_1_45' title='bbox 1125 847 1204 907; x_wconf 86' lang='lat' dir='ltr'>iacta</span> <span class='ocrx_word' id='word_1_46' title='bbox 1225 855 1339 907; x_wconf 86' lang='lat' dir='ltr'>tantum</span> <span class='ocrx_word' id='word_1_47' title='bbox 1366 849 1540 924; x_wconf 88' lang='lat' dir='ltr'>singularia,</span> <span class='ocrx_word' id='word_1_48' title='bbox 1573 848 1622 909; x_wconf 90' lang='lat' dir='ltr'>sed</span> 
     </span>
    </p>
   </div>
   <div class='ocr_carea' id='block_1_3' title="bbox 278 934 1714 1012">
    <p class='ocr_par' dir='ltr' id='par_1_3' title="bbox 278 934 1714 1012">
     <span class='ocr_line' id='line_1_6' title="bbox 278 934 1714 1012; baseline 0.001 -17"><span class='ocrx_word' id='word_1_49' title='bbox 278 937 366 997; x_wconf 84' lang='lat' dir='ltr'>eiiam</span> <span class='ocrx_word' id='word_1_50' title='bbox 396 937 526 1012; x_wconf 81' lang='lat' dir='ltr'>integrae</span> <span class='ocrx_word' id='word_1_51' title='bbox 558 934 715 996; x_wconf 76' lang='lat' dir='ltr'><strong>nonnullae</strong></span> <span class='ocrx_word' id='word_1_52' title='bbox 744 937 887 995; x_wconf 87' lang='lat' dir='ltr'>laetorum</span> <span class='ocrx_word' id='word_1_53' title='bbox 914 938 1027 1012; x_wconf 86' lang='lat' dir='ltr'>species</span> <span class='ocrx_word' id='word_1_54' title='bbox 1055 943 1210 1011; x_wconf 76' lang='lat' dir='ltr'>certaeque</span> <span class='ocrx_word' id='word_1_55' title='bbox 1237 934 1313 994; x_wconf 89' lang='lat' dir='ltr'>aliae</span> <span class='ocrx_word' id='word_1_56' title='bbox 1343 935 1440 1011; x_wconf 86' lang='lat' dir='ltr'>legum</span> <span class='ocrx_word' id='word_1_57' title='bbox 1471 939 1621 1011; x_wconf 90' lang='lat' dir='ltr'>materiae,</span> <span class='ocrx_word' id='word_1_58' title='bbox 1712 972 1714 977; x_wconf 83' lang='lat'><em>.</em></span> 
     </span>
    </p>
   </div>
   <div class='ocr_carea' id='block_1_4' title="bbox 277 1022 1623 1189">
    <p class='ocr_par' dir='ltr' id='par_1_4' title="bbox 277 1022 1623 1189">
     <span class='ocr_line' id='line_1_7' title="bbox 278 1022 1623 1101; baseline 0.002 -21"><span class='ocrx_word' id='word_1_59' title='bbox 278 1023 416 1100; x_wconf 86' lang='lat' dir='ltr'>imprimis</span> <span class='ocrx_word' id='word_1_60' title='bbox 433 1039 603 1100; x_wconf 83' lang='lat' dir='ltr'>poenarum</span> <span class='ocrx_word' id='word_1_61' title='bbox 632 1025 756 1084; x_wconf 65' lang='lat' dir='ltr'>intende</span> <span class='ocrx_word' id='word_1_62' title='bbox 785 1029 815 1082; x_wconf 91' lang='lat' dir='ltr'>et</span> <span class='ocrx_word' id='word_1_63' title='bbox 841 1025 974 1082; x_wconf 89' lang='lat' dir='ltr'>remissio</span> <span class='ocrx_word' id='word_1_64' title='bbox 1005 1022 1161 1099; x_wconf 77' lang='lat' dir='ltr'>legumque</span> <span class='ocrx_word' id='word_1_65' title='bbox 1196 1024 1324 1099; x_wconf 90' lang='lat' dir='ltr'>ipsarum</span> <span class='ocrx_word' id='word_1_66' title='bbox 1362 1024 1561 1101; x_wconf 79' lang='lat' dir='ltr'>interpretatio</span> <span class='ocrx_word' id='word_1_67' title='bbox 1593 1031 1623 1083; x_wconf 91' lang='lat' dir='ltr'>et</span> 
     </span>
     <span class='ocr_line' id='line_1_8' title="bbox 277 1109 1622 1189; baseline 0 -19"><span class='ocrx_word' id='word_1_68' title='bbox 277 1111 315 1170; x_wconf 91' lang='lat' dir='ltr'>ad</span> <span class='ocrx_word' id='word_1_69' title='bbox 344 1110 415 1169; x_wconf 85' lang='lat' dir='ltr'>laeti</span> <span class='ocrx_word' id='word_1_70' title='bbox 433 1111 676 1187; x_wconf 60' lang='lat' dir='ltr'>,unumunurn</span> <span class='ocrx_word' id='word_1_71' title='bbox 703 1109 870 1189; x_wconf 75' lang='lat' dir='ltr'>applicatio.</span> <span class='ocrx_word' id='word_1_72' title='bbox 916 1109 973 1170; x_wconf 88' lang='lat' dir='ltr'>Hic</span> <span class='ocrx_word' id='word_1_73' title='bbox 1003 1126 1061 1168; x_wconf 88' lang='lat' dir='ltr'>nou</span> <span class='ocrx_word' id='word_1_74' title='bbox 1091 1111 1127 1170; x_wconf 87' lang='lat' dir='ltr'>de</span> <span class='ocrx_word' id='word_1_75' title='bbox 1150 1110 1254 1186; x_wconf 90' lang='lat' dir='ltr'>triplici</span> <span class='ocrx_word' id='word_1_76' title='bbox 1277 1113 1348 1185; x_wconf 86' lang='lat' dir='ltr'>reip.</span> <span class='ocrx_word' id='word_1_77' title='bbox 1373 1110 1481 1185; x_wconf 79' lang='lat' dir='ltr'>ferma,</span> <span class='ocrx_word' id='word_1_78' title='bbox 1510 1110 1622 1170; x_wconf 83' lang='lat' dir='ltr'>sedda</span> 
     </span>
    </p>
   </div>
   <div class='ocr_carea' id='block_1_5' title="bbox 158 1196 1624 1275">
    <p class='ocr_par' dir='ltr' id='par_1_5' title="bbox 158 1196 1624 1275">
     <span class='ocr_line' id='line_1_9' title="bbox 158 1196 1624 1275; baseline 0.004 -24"><span class='ocrx_word' id='word_1_79' title='bbox 158 1238 164 1251; x_wconf 73' lang='grc'><em>,</em></span> <span class='ocrx_word' id='word_1_80' title='bbox 276 1197 506 1275; x_wconf 82' lang='lat' dir='ltr'>uuirrseujueque</span> <span class='ocrx_word' id='word_1_81' title='bbox 524 1196 703 1274; x_wconf 83' lang='lat' dir='ltr'>gubernandi</span> <span class='ocrx_word' id='word_1_82' title='bbox 731 1197 825 1257; x_wconf 87' lang='lat' dir='ltr'>iorma</span> <span class='ocrx_word' id='word_1_83' title='bbox 845 1197 954 1274; x_wconf 87' lang='lat' dir='ltr'>triplici</span> <span class='ocrx_word' id='word_1_84' title='bbox 976 1200 1088 1275; x_wconf 80' lang='lat' dir='ltr'>agitur3</span> <span class='ocrx_word' id='word_1_85' title='bbox 1116 1214 1197 1259; x_wconf 89' lang='lat' dir='ltr'>mera</span> <span class='ocrx_word' id='word_1_86' title='bbox 1225 1198 1382 1272; x_wconf 86' lang='lat' dir='ltr'>aequitatis</span> <span class='ocrx_word' id='word_1_87' title='bbox 1405 1199 1495 1272; x_wconf 88' lang='lat' dir='ltr'>ratio,</span> <span class='ocrx_word' id='word_1_88' title='bbox 1518 1197 1624 1258; x_wconf 85' lang='lat' dir='ltr'>‘soluta</span> 
     </span>
    </p>
   </div>
   <div class='ocr_carea' id='block_1_6' title="bbox 277 1283 1668 2410">
    <p class='ocr_par' dir='ltr' id='par_1_6' title="bbox 277 1283 1668 2067">
     <span class='ocr_line' id='line_1_10' title="bbox 277 1283 1624 1363; baseline 0.001 -18"><span class='ocrx_word' id='word_1_89' title='bbox 277 1285 402 1363; x_wconf 83' lang='lat' dir='ltr'>legibus,</span> <span class='ocrx_word' id='word_1_90' title='bbox 426 1293 471 1345; x_wconf 87' lang='lat' dir='ltr'>est</span> <span class='ocrx_word' id='word_1_91' title='bbox 494 1287 693 1345; x_wconf 74' lang='lat' dir='ltr'>ausleeratice</span> <span class='ocrx_word' id='word_1_92' title='bbox 715 1284 897 1361; x_wconf 87' lang='lat' dir='ltr'>gubemaudi</span> <span class='ocrx_word' id='word_1_93' title='bbox 918 1287 1003 1359; x_wconf 91' lang='lat' dir='ltr'>ratio,</span> <span class='ocrx_word' id='word_1_94' title='bbox 1027 1287 1115 1344; x_wconf 89' lang='lat' dir='ltr'>etiam</span> <span class='ocrx_word' id='word_1_95' title='bbox 1135 1288 1164 1343; x_wconf 95' lang='lat' dir='ltr'>in</span> <span class='ocrx_word' id='word_1_96' title='bbox 1177 1283 1312 1363; x_wconf 89' lang='lat' dir='ltr'>populari</span> <span class='ocrx_word' id='word_1_97' title='bbox 1335 1286 1423 1360; x_wconf 88' lang='lat' dir='ltr'>inque</span> <span class='ocrx_word' id='word_1_98' title='bbox 1437 1288 1520 1362; x_wconf 86' lang='lat' dir='ltr'>regio</span> <span class='ocrx_word' id='word_1_99' title='bbox 1534 1294 1624 1347; x_wconf 90' lang='lat' dir='ltr'>statu.</span> 
     </span>
     <span class='ocr_line' id='line_1_11' title="bbox 277 1371 1624 1450; baseline -0.001 -17"><span class='ocrx_word' id='word_1_100' title='bbox 277 1372 390 1450; x_wconf 84' lang='lat' dir='ltr'>Legum</span> <span class='ocrx_word' id='word_1_101' title='bbox 412 1374 531 1433; x_wconf 81' lang='lat' dir='ltr'>vincula</span> <span class='ocrx_word' id='word_1_102' title='bbox 552 1373 792 1450; x_wconf 74' lang='lat' dir='ltr'>gubernationem</span> <span class='ocrx_word' id='word_1_103' title='bbox 806 1371 978 1449; x_wconf 78' lang='lat' dir='ltr'>popularem</span> <span class='ocrx_word' id='word_1_104' title='bbox 1001 1372 1119 1444; x_wconf 86' lang='lat' dir='ltr'>iaciunt,</span> <span class='ocrx_word' id='word_1_105' title='bbox 1143 1374 1231 1431; x_wconf 90' lang='lat' dir='ltr'>etiam</span> <span class='ocrx_word' id='word_1_106' title='bbox 1255 1374 1282 1428; x_wconf 95' lang='lat' dir='ltr'>in</span> <span class='ocrx_word' id='word_1_107' title='bbox 1298 1374 1388 1447; x_wconf 86' lang='lat' dir='ltr'>regie.</span> <span class='ocrx_word' id='word_1_108' title='bbox 1433 1373 1474 1431; x_wconf 79' lang='lat' dir='ltr'>at</span> <span class='ocrx_word' id='word_1_109' title='bbox 1495 1374 1520 1431; x_wconf 90' lang='lat' dir='ltr'>si</span> <span class='ocrx_word' id='word_1_110' title='bbox 1544 1372 1624 1449; x_wconf 85' lang='lat' dir='ltr'>leges</span> 
     </span>
     <span class='ocr_line' id='line_1_12' title="bbox 280 1459 1624 1537; baseline -0.001 -18"><span class='ocrx_word' id='word_1_111' title='bbox 280 1459 397 1537; x_wconf 90' lang='lat' dir='ltr'>quidem</span> <span class='ocrx_word' id='word_1_112' title='bbox 420 1462 487 1534; x_wconf 91' lang='lat' dir='ltr'>sint,</span> <span class='ocrx_word' id='word_1_113' title='bbox 511 1462 547 1519; x_wconf 90' lang='lat' dir='ltr'>iis</span> <span class='ocrx_word' id='word_1_114' title='bbox 570 1477 640 1522; x_wconf 79' lang='lat' dir='ltr'>vero</span> <span class='ocrx_word' id='word_1_115' title='bbox 663 1460 817 1536; x_wconf 88' lang='lat' dir='ltr'>derogetur</span> <span class='ocrx_word' id='word_1_116' title='bbox 838 1461 867 1516; x_wconf 93' lang='lat' dir='ltr'>in</span> <span class='ocrx_word' id='word_1_117' title='bbox 891 1460 956 1519; x_wconf 87' lang='lat' dir='ltr'>loco</span> <span class='ocrx_word' id='word_1_118' title='bbox 980 1469 1010 1520; x_wconf 92' lang='lat' dir='ltr'>et</span> <span class='ocrx_word' id='word_1_119' title='bbox 1031 1468 1160 1536; x_wconf 90' lang='lat' dir='ltr'>tempore</span> <span class='ocrx_word' id='word_1_120' title='bbox 1188 1477 1241 1535; x_wconf 91' lang='lat' dir='ltr'>pro</span> <span class='ocrx_word' id='word_1_121' title='bbox 1264 1459 1384 1518; x_wconf 90' lang='lat' dir='ltr'>arbitrio</span> <span class='ocrx_word' id='word_1_122' title='bbox 1413 1461 1624 1534; x_wconf 78' lang='lat' dir='ltr'>gubernatoris,</span> 
     </span>
     <span class='ocr_line' id='line_1_13' title="bbox 278 1544 1624 1626; baseline 0.001 -20"><span class='ocrx_word' id='word_1_123' title='bbox 278 1564 433 1606; x_wconf 89' lang='lat' dir='ltr'>asumma</span> <span class='ocrx_word' id='word_1_124' title='bbox 455 1548 601 1624; x_wconf 76' lang='lat' dir='ltr'>potestate</span> <span class='ocrx_word' id='word_1_125' title='bbox 624 1550 791 1626; x_wconf 76' lang='lat' dir='ltr'>eonattuti,</span> <span class='ocrx_word' id='word_1_126' title='bbox 814 1548 989 1624; x_wconf 88' lang='lat' dir='ltr'>gubernator</span> <span class='ocrx_word' id='word_1_127' title='bbox 1012 1550 1082 1620; x_wconf 90' lang='lat' dir='ltr'>iste,</span> <span class='ocrx_word' id='word_1_128' title='bbox 1105 1546 1175 1605; x_wconf 89' lang='lat' dir='ltr'>licet</span> <span class='ocrx_word' id='word_1_129' title='bbox 1196 1563 1215 1605; x_wconf 86' lang='lat' dir='ltr'>a</span> <span class='ocrx_word' id='word_1_130' title='bbox 1236 1544 1348 1623; x_wconf 91' lang='lat' dir='ltr'>populo</span> <span class='ocrx_word' id='word_1_131' title='bbox 1372 1544 1469 1620; x_wconf 90' lang='lat' dir='ltr'>detur,</span> <span class='ocrx_word' id='word_1_132' title='bbox 1493 1548 1624 1623; x_wconf 82' lang='lat' dir='ltr'>regulum</span> 
     </span>
     <span class='ocr_line' id='line_1_14' title="bbox 281 1632 1625 1712; baseline 0.001 -19"><span class='ocrx_word' id='word_1_133' title='bbox 281 1634 428 1711; x_wconf 89' lang='lat' dir='ltr'>quendam</span> <span class='ocrx_word' id='word_1_134' title='bbox 450 1636 521 1712; x_wconf 86' lang='lat' dir='ltr'>agit.</span> <span class='ocrx_word' id='word_1_135' title='bbox 567 1633 656 1694; x_wconf 83' lang='lat' dir='ltr'>Tales</span> <span class='ocrx_word' id='word_1_136' title='bbox 678 1635 848 1712; x_wconf 86' lang='lat' dir='ltr'>plerumque</span> <span class='ocrx_word' id='word_1_137' title='bbox 869 1634 1019 1712; x_wconf 89' lang='lat' dir='ltr'>praesides</span> <span class='ocrx_word' id='word_1_138' title='bbox 1041 1636 1266 1710; x_wconf 86' lang='lat' dir='ltr'>provinciarum.</span> <span class='ocrx_word' id='word_1_139' title='bbox 1311 1632 1340 1691; x_wconf 88' lang='lat' dir='ltr'>la</span> <span class='ocrx_word' id='word_1_140' title='bbox 1362 1635 1450 1709; x_wconf 86' lang='lat' dir='ltr'>igitur</span> <span class='ocrx_word' id='word_1_141' title='bbox 1472 1642 1523 1693; x_wconf 89' lang='lat' dir='ltr'>aut</span> <span class='ocrx_word' id='word_1_142' title='bbox 1546 1634 1625 1710; x_wconf 88' lang='lat' dir='ltr'>loges</span> 
     </span>
     <span class='ocr_line' id='line_1_15' title="bbox 278 1720 1624 1800; baseline 0 -19"><span class='ocrx_word' id='word_1_143' title='bbox 278 1723 432 1796; x_wconf 85' lang='lat' dir='ltr'>observat,</span> <span class='ocrx_word' id='word_1_144' title='bbox 460 1729 513 1781; x_wconf 90' lang='lat' dir='ltr'>aut</span> <span class='ocrx_word' id='word_1_145' title='bbox 535 1739 571 1781; x_wconf 81' lang='lat' dir='ltr'>ex</span> <span class='ocrx_word' id='word_1_146' title='bbox 592 1738 688 1798; x_wconf 89' lang='lat' dir='ltr'>aequo</span> <span class='ocrx_word' id='word_1_147' title='bbox 709 1721 835 1800; x_wconf 84' lang='lat' dir='ltr'>judicat,</span> <span class='ocrx_word' id='word_1_148' title='bbox 865 1730 1002 1795; x_wconf 84' lang='lat' dir='ltr'>eatenus,</span> <span class='ocrx_word' id='word_1_149' title='bbox 1033 1721 1102 1780; x_wconf 90' lang='lat' dir='ltr'>dum</span> <span class='ocrx_word' id='word_1_150' title='bbox 1124 1724 1196 1798; x_wconf 85' lang='lat' dir='ltr'>reip.</span> <span class='ocrx_word' id='word_1_151' title='bbox 1219 1720 1300 1780; x_wconf 90' lang='lat' dir='ltr'>salus</span> <span class='ocrx_word' id='word_1_152' title='bbox 1322 1722 1448 1797; x_wconf 81' lang='lat' dir='ltr'>patitur3</span> <span class='ocrx_word' id='word_1_153' title='bbox 1478 1724 1503 1779; x_wconf 89' lang='lat' dir='ltr'>si</span> <span class='ocrx_word' id='word_1_154' title='bbox 1529 1738 1624 1795; x_wconf 86' lang='lat' dir='ltr'>secus,</span> 
     </span>
     <span class='ocr_line' id='line_1_16' title="bbox 277 1807 1624 1888; baseline 0 -22"><span class='ocrx_word' id='word_1_155' title='bbox 277 1826 335 1870; x_wconf 89' lang='lat' dir='ltr'>nou</span> <span class='ocrx_word' id='word_1_156' title='bbox 359 1809 474 1871; x_wconf 79' lang='lat' dir='ltr'>dubitat</span> <span class='ocrx_word' id='word_1_157' title='bbox 501 1809 674 1870; x_wconf 70' lang='lat' dir='ltr'>exorbitare.</span> <span class='ocrx_word' id='word_1_158' title='bbox 720 1807 760 1869; x_wconf 90' lang='lat' dir='ltr'>Ut</span> <span class='ocrx_word' id='word_1_159' title='bbox 786 1812 811 1869; x_wconf 88' lang='lat' dir='ltr'>si</span> <span class='ocrx_word' id='word_1_160' title='bbox 840 1811 906 1885; x_wconf 92' lang='lat' dir='ltr'>quis</span> <span class='ocrx_word' id='word_1_161' title='bbox 936 1810 1157 1888; x_wconf 88' lang='lat' dir='ltr'>proportionum</span> <span class='ocrx_word' id='word_1_162' title='bbox 1180 1811 1308 1884; x_wconf 87' lang='lat' dir='ltr'>speeies,</span> <span class='ocrx_word' id='word_1_163' title='bbox 1339 1824 1415 1883; x_wconf 88' lang='lat' dir='ltr'>quae</span> <span class='ocrx_word' id='word_1_164' title='bbox 1443 1807 1624 1867; x_wconf 86' lang='lat' dir='ltr'>harmoniam</span> 
     </span>
     <span class='ocr_line' id='line_1_17' title="bbox 277 1894 1626 1973; baseline -0.001 -19"><span class='ocrx_word' id='word_1_165' title='bbox 277 1898 397 1971; x_wconf 84' lang='lat' dir='ltr'>iaciunt,</span> <span class='ocrx_word' id='word_1_166' title='bbox 421 1896 565 1969; x_wconf 86' lang='lat' dir='ltr'>admittat,</span> <span class='ocrx_word' id='word_1_167' title='bbox 589 1894 673 1971; x_wconf 75' lang='lat' dir='ltr'>ut&#39;l,</span> <span class='ocrx_word' id='word_1_168' title='bbox 699 1899 727 1972; x_wconf 83' lang='lat'>3,</span> <span class='ocrx_word' id='word_1_169' title='bbox 751 1899 779 1970; x_wconf 81' lang='lat'>4,</span> <span class='ocrx_word' id='word_1_170' title='bbox 804 1896 851 1956; x_wconf 82' lang='lat' dir='ltr'>vel</span> <span class='ocrx_word' id='word_1_171' title='bbox 878 1900 904 1971; x_wconf 96' lang='lat' dir='ltr'>i,</span> <span class='ocrx_word' id='word_1_172' title='bbox 929 1899 958 1969; x_wconf 75' lang='lat'>2,</span> <span class='ocrx_word' id='word_1_173' title='bbox 982 1899 1011 1970; x_wconf 82' lang='lat' dir='ltr'>t,</span> <span class='ocrx_word' id='word_1_174' title='bbox 1035 1913 1111 1973; x_wconf 85' lang='lat' dir='ltr'>quae</span> <span class='ocrx_word' id='word_1_175' title='bbox 1134 1896 1363 1970; x_wconf 73' lang='lat' dir='ltr'>dissonantiam,</span> <span class='ocrx_word' id='word_1_176' title='bbox 1387 1912 1437 1955; x_wconf 86' lang='lat' dir='ltr'>eas</span> <span class='ocrx_word' id='word_1_177' title='bbox 1460 1898 1557 1956; x_wconf 87' lang='lat' dir='ltr'>turbet</span> <span class='ocrx_word' id='word_1_178' title='bbox 1579 1899 1626 1954; x_wconf 90' lang='lat' dir='ltr'>in-</span> 
     </span>
     <span class='ocr_line' id='line_1_18' title="bbox 277 1984 1668 2067; baseline -0.001 -23"><span class='ocrx_word' id='word_1_179' title='bbox 277 2002 335 2062; x_wconf 87' lang='lat' dir='ltr'>que</span> <span class='ocrx_word' id='word_1_180' title='bbox 355 1993 550 2045; x_wconf 88' lang='lat' dir='ltr'>consonantes</span> <span class='ocrx_word' id='word_1_181' title='bbox 574 1992 739 2067; x_wconf 71' lang='lat' dir='ltr'>wmrnrrtet,</span> <span class='ocrx_word' id='word_1_182' title='bbox 764 1991 796 2043; x_wconf 90' lang='lat' dir='ltr'>ut</span> <span class='ocrx_word' id='word_1_183' title='bbox 822 1987 853 2058; x_wconf 95' lang='lat' dir='ltr'>l,</span> <span class='ocrx_word' id='word_1_184' title='bbox 876 1986 913 2055; x_wconf 61' lang='lat' dir='ltr'>g,</span> <span class='ocrx_word' id='word_1_185' title='bbox 938 1986 957 2044; x_wconf 79' lang='lat' dir='ltr'>b</span> <span class='ocrx_word' id='word_1_186' title='bbox 980 1986 1009 2042; x_wconf 93' lang='lat' dir='ltr'>in</span> <span class='ocrx_word' id='word_1_187' title='bbox 1035 1987 1066 2057; x_wconf 90' lang='lat' dir='ltr'>l,</span> <span class='ocrx_word' id='word_1_188' title='bbox 1091 1986 1126 2056; x_wconf 85' lang='lat'>3,</span> <span class='ocrx_word' id='word_1_189' title='bbox 1151 1985 1170 2042; x_wconf 89' lang='lat'><em>8</em></span> <span class='ocrx_word' id='word_1_190' title='bbox 1194 1990 1224 2042; x_wconf 91' lang='lat' dir='ltr'>et</span> <span class='ocrx_word' id='word_1_191' title='bbox 1245 1984 1283 2055; x_wconf 77' lang='lat' dir='ltr'>d,</span> <span class='ocrx_word' id='word_1_192' title='bbox 1308 1984 1343 2061; x_wconf 80' lang='lat'>5,</span> <span class='ocrx_word' id='word_1_193' title='bbox 1368 1986 1385 2040; x_wconf 88' lang='lat' dir='ltr'>&#39;i</span> <span class='ocrx_word' id='word_1_194' title='bbox 1409 1985 1438 2040; x_wconf 92' lang='lat' dir='ltr'>in</span> <span class='ocrx_word' id='word_1_195' title='bbox 1462 1985 1501 2057; x_wconf 87' lang='lat'>3,</span> <span class='ocrx_word' id='word_1_196' title='bbox 1534 1986 1569 2055; x_wconf 82' lang='lat'>5,</span> <span class='ocrx_word' id='word_1_197' title='bbox 1596 1986 1624 2043; x_wconf 87' lang='lat'>8.</span> <span class='ocrx_word' id='word_1_198' title='bbox 1662 2034 1668 2043; x_wconf 83' lang='lat'><em>‚</em></span> 
     </span>
    </p>

    <p class='ocr_par' dir='ltr' id='par_1_7' title="bbox 277 2063 1633 2410">
     <span class='ocr_line' id='line_1_19' title="bbox 363 2063 1633 2148; baseline -0.001 -18"><span class='ocrx_word' id='word_1_199' title='bbox 363 2071 405 2130; x_wconf 83' lang='lat' dir='ltr'>X.</span> <span class='ocrx_word' id='word_1_200' title='bbox 428 2071 462 2130; x_wconf 92' lang='lat' dir='ltr'>In</span> <span class='ocrx_word' id='word_1_201' title='bbox 487 2071 602 2148; x_wconf 83' lang='lat' dir='ltr'>legibus</span> <span class='ocrx_word' id='word_1_202' title='bbox 624 2075 705 2148; x_wconf 90' lang='lat' dir='ltr'>ipsis,</span> <span class='ocrx_word' id='word_1_203' title='bbox 728 2089 803 2147; x_wconf 89' lang='lat' dir='ltr'>quae</span> <span class='ocrx_word' id='word_1_204' title='bbox 827 2080 895 2130; x_wconf 83' lang='lat' dir='ltr'>snut</span> <span class='ocrx_word' id='word_1_205' title='bbox 917 2070 954 2130; x_wconf 92' lang='lat' dir='ltr'>de</span> <span class='ocrx_word' id='word_1_206' title='bbox 976 2070 1091 2130; x_wconf 85' lang='lat' dir='ltr'>mulctis</span> <span class='ocrx_word' id='word_1_207' title='bbox 1114 2063 1298 2147; x_wconf 84' lang='lat' dir='ltr'>pecuniariis,</span> <span class='ocrx_word' id='word_1_208' title='bbox 1321 2070 1532 2145; x_wconf 90' lang='lat' dir='ltr'>utplurimum</span> <span class='ocrx_word' id='word_1_209' title='bbox 1554 2074 1633 2147; x_wconf 89' lang='lat' dir='ltr'>qui··</span> 
     </span>
     <span class='ocr_line' id='line_1_20' title="bbox 277 2157 1627 2236; baseline -0.002 -19"><span class='ocrx_word' id='word_1_210' title='bbox 277 2158 343 2219; x_wconf 92' lang='lat' dir='ltr'>dem</span> <span class='ocrx_word' id='word_1_211' title='bbox 366 2158 547 2219; x_wconf 85' lang='lat' dir='ltr'>arithmetica</span> <span class='ocrx_word' id='word_1_212' title='bbox 569 2167 703 2220; x_wconf 73' lang='lat' dir='ltr'>servatur</span> <span class='ocrx_word' id='word_1_213' title='bbox 725 2157 900 2236; x_wconf 87' lang='lat' dir='ltr'>aequalitas,</span> <span class='ocrx_word' id='word_1_214' title='bbox 922 2166 956 2217; x_wconf 88' lang='lat' dir='ltr'>ui</span> <span class='ocrx_word' id='word_1_215' title='bbox 976 2158 1116 2218; x_wconf 89' lang='lat' dir='ltr'>muletam</span> <span class='ocrx_word' id='word_1_216' title='bbox 1138 2158 1253 2235; x_wconf 91' lang='lat' dir='ltr'>legibus</span> <span class='ocrx_word' id='word_1_217' title='bbox 1275 2164 1416 2216; x_wconf 87' lang='lat' dir='ltr'>statutam</span> <span class='ocrx_word' id='word_1_218' title='bbox 1438 2158 1537 2218; x_wconf 82' lang='lat' dir='ltr'>solvat</span> <span class='ocrx_word' id='word_1_219' title='bbox 1560 2160 1627 2234; x_wconf 90' lang='lat' dir='ltr'>qui·</span> 
     </span>
     <span class='ocr_line' id='line_1_21' title="bbox 277 2242 1628 2324; baseline -0.001 -18"><span class='ocrx_word' id='word_1_220' title='bbox 277 2264 392 2323; x_wconf 78' lang='lat' dir='ltr'>esuque</span> <span class='ocrx_word' id='word_1_221' title='bbox 414 2246 550 2324; x_wconf 74' lang='lat' dir='ltr'>deliquit,</span> <span class='ocrx_word' id='word_1_222' title='bbox 579 2249 643 2307; x_wconf 89' lang='lat' dir='ltr'>sire</span> <span class='ocrx_word' id='word_1_223' title='bbox 665 2245 749 2305; x_wconf 87' lang='lat' dir='ltr'>dives</span> <span class='ocrx_word' id='word_1_224' title='bbox 771 2247 835 2305; x_wconf 80' lang='lat' dir='ltr'>sire</span> <span class='ocrx_word' id='word_1_225' title='bbox 856 2262 977 2323; x_wconf 87' lang='lat' dir='ltr'>pauper.</span> <span class='ocrx_word' id='word_1_226' title='bbox 1021 2242 1129 2304; x_wconf 86' lang='lat' dir='ltr'>Videre</span> <span class='ocrx_word' id='word_1_227' title='bbox 1159 2254 1256 2305; x_wconf 75' lang='lat' dir='ltr'>mareu</span> <span class='ocrx_word' id='word_1_228' title='bbox 1279 2253 1337 2318; x_wconf 88' lang='lat' dir='ltr'>esi,</span> <span class='ocrx_word' id='word_1_229' title='bbox 1369 2245 1420 2303; x_wconf 91' lang='lat' dir='ltr'>ubi</span> <span class='ocrx_word' id='word_1_230' title='bbox 1449 2253 1479 2304; x_wconf 88' lang='lat' dir='ltr'>et</span> <span class='ocrx_word' id='word_1_231' title='bbox 1506 2262 1628 2322; x_wconf 80' lang='lat' dir='ltr'>geenne·</span> 
     </span>
     <span class='ocr_line' id='line_1_22' title="bbox 277 2333 1626 2410; baseline -0.001 -18"><span class='ocrx_word' id='word_1_232' title='bbox 277 2333 533 2393; x_wconf 64' lang='lat' dir='ltr'>tricesimilitudo</span> <span class='ocrx_word' id='word_1_233' title='bbox 556 2336 608 2407; x_wconf 90' lang='lat' dir='ltr'>sit,</span> <span class='ocrx_word' id='word_1_234' title='bbox 639 2340 671 2392; x_wconf 90' lang='lat' dir='ltr'>ut</span> <span class='ocrx_word' id='word_1_235' title='bbox 692 2335 718 2392; x_wconf 91' lang='lat' dir='ltr'>si</span> <span class='ocrx_word' id='word_1_236' title='bbox 741 2333 851 2392; x_wconf 89' lang='lat' dir='ltr'>mulcta</span> <span class='ocrx_word' id='word_1_237' title='bbox 873 2335 979 2409; x_wconf 89' lang='lat' dir='ltr'>cuique</span> <span class='ocrx_word' id='word_1_238' title='bbox 1001 2350 1053 2410; x_wconf 90' lang='lat' dir='ltr'>pru</span> <span class='ocrx_word' id='word_1_239' title='bbox 1077 2334 1190 2392; x_wconf 90' lang='lat' dir='ltr'>ratione</span> <span class='ocrx_word' id='word_1_240' title='bbox 1213 2349 1317 2393; x_wconf 90' lang='lat' dir='ltr'>census</span> <span class='ocrx_word' id='word_1_241' title='bbox 1341 2334 1495 2408; x_wconf 80' lang='lat' dir='ltr'>irrogetur,</span> <span class='ocrx_word' id='word_1_242' title='bbox 1526 2342 1579 2392; x_wconf 90' lang='lat' dir='ltr'>aut</span> <span class='ocrx_word' id='word_1_243' title='bbox 1600 2335 1626 2392; x_wconf 92' lang='lat' dir='ltr'>si</span> 
     </span>
    </p>
   </div>
   <div class='ocr_carea' id='block_1_7' title="bbox 181 2418 1629 2499">
    <p class='ocr_par' dir='ltr' id='par_1_8' title="bbox 181 2418 1629 2499">
     <span class='ocr_line' id='line_1_23' title="bbox 181 2418 1629 2499; baseline 0.001 -22"><span class='ocrx_word' id='word_1_244' title='bbox 181 2472 183 2477; x_wconf 83' lang='lat'><em>.</em></span> <span class='ocrx_word' id='word_1_245' title='bbox 276 2430 384 2481; x_wconf 84' lang='lat' dir='ltr'>temere</span> <span class='ocrx_word' id='word_1_246' title='bbox 414 2421 532 2499; x_wconf 89' lang='lat' dir='ltr'>litigans</span> <span class='ocrx_word' id='word_1_247' title='bbox 562 2420 721 2498; x_wconf 86' lang='lat' dir='ltr'>aliquotam</span> <span class='ocrx_word' id='word_1_248' title='bbox 747 2428 862 2497; x_wconf 83' lang='lat' dir='ltr'>partem</span> <span class='ocrx_word' id='word_1_249' title='bbox 891 2426 1007 2479; x_wconf 88' lang='lat' dir='ltr'>amittat</span> <span class='ocrx_word' id='word_1_250' title='bbox 1034 2421 1205 2479; x_wconf 80' lang='lat' dir='ltr'>aestimatae</span> <span class='ocrx_word' id='word_1_251' title='bbox 1233 2420 1302 2478; x_wconf 90' lang='lat' dir='ltr'>litis.</span> <span class='ocrx_word' id='word_1_252' title='bbox 1348 2418 1399 2478; x_wconf 84' lang='lat' dir='ltr'>Sin</span> <span class='ocrx_word' id='word_1_253' title='bbox 1423 2426 1522 2479; x_wconf 90' lang='lat' dir='ltr'>autem</span> <span class='ocrx_word' id='word_1_254' title='bbox 1553 2423 1629 2479; x_wconf 87' lang='lat' dir='ltr'>inter</span> 
     </span>
    </p>
   </div>
   <div class='ocr_carea' id='block_1_8' title="bbox 276 2507 1630 3547">
    <p class='ocr_par' dir='ltr' id='par_1_9' title="bbox 276 2507 1630 3547">
     <span class='ocr_line' id='line_1_24' title="bbox 276 2507 1625 2586; baseline -0.001 -18"><span class='ocrx_word' id='word_1_255' title='bbox 276 2509 438 2586; x_wconf 87' lang='lat' dir='ltr'>locupletes</span> <span class='ocrx_word' id='word_1_256' title='bbox 461 2526 562 2569; x_wconf 84' lang='lat' dir='ltr'>omues</span> <span class='ocrx_word' id='word_1_257' title='bbox 584 2509 678 2585; x_wconf 80' lang='lat' dir='ltr'>maJ‘er</span> <span class='ocrx_word' id='word_1_258' title='bbox 700 2508 800 2584; x_wconf 88' lang='lat' dir='ltr'>aliqua</span> <span class='ocrx_word' id='word_1_259' title='bbox 821 2507 932 2567; x_wconf 86' lang='lat' dir='ltr'>mulcta</span> <span class='ocrx_word' id='word_1_260' title='bbox 954 2515 1149 2583; x_wconf 86' lang='lat' dir='ltr'>nuncupetur,</span> <span class='ocrx_word' id='word_1_261' title='bbox 1173 2509 1247 2566; x_wconf 86' lang='lat' dir='ltr'>ister</span> <span class='ocrx_word' id='word_1_262' title='bbox 1269 2513 1372 2566; x_wconf 86' lang='lat' dir='ltr'>tenues</span> <span class='ocrx_word' id='word_1_263' title='bbox 1395 2507 1505 2576; x_wconf 81' lang='lat' dir='ltr'>terior,</span> <span class='ocrx_word' id='word_1_264' title='bbox 1529 2526 1625 2584; x_wconf 87' lang='lat' dir='ltr'>eaque</span> 
     </span>
     <span class='ocr_line' id='line_1_25' title="bbox 276 2593 1627 2673; baseline -0.001 -18"><span class='ocrx_word' id='word_1_265' title='bbox 276 2595 440 2673; x_wconf 87' lang='lat' dir='ltr'>asingulls</span> <span class='ocrx_word' id='word_1_266' title='bbox 463 2597 606 2673; x_wconf 89' lang='lat' dir='ltr'>cujusque</span> <span class='ocrx_word' id='word_1_267' title='bbox 636 2594 746 2655; x_wconf 86' lang='lat' dir='ltr'>ordinis</span> <span class='ocrx_word' id='word_1_268' title='bbox 769 2597 903 2671; x_wconf 84' lang='lat' dir='ltr'>exigatur</span> <span class='ocrx_word' id='word_1_269' title='bbox 931 2595 1108 2671; x_wconf 88' lang='lat' dir='ltr'>aequaliter,</span> <span class='ocrx_word' id='word_1_270' title='bbox 1137 2601 1396 2670; x_wconf 83' lang='lat' dir='ltr'>temperamentum</span> <span class='ocrx_word' id='word_1_271' title='bbox 1428 2593 1455 2651; x_wconf 95' lang='lat' dir='ltr'>id</span> <span class='ocrx_word' id='word_1_272' title='bbox 1480 2597 1535 2654; x_wconf 89' lang='lat' dir='ltr'>erit</span> <span class='ocrx_word' id='word_1_273' title='bbox 1557 2612 1627 2671; x_wconf 91' lang='lat' dir='ltr'>pro·</span> 
     </span>
     <span class='ocr_line' id='line_1_26' title="bbox 276 2682 1627 2761; baseline -0.002 -19"><span class='ocrx_word' id='word_1_274' title='bbox 276 2686 427 2761; x_wconf 87' lang='lat' dir='ltr'>portionis,</span> <span class='ocrx_word' id='word_1_275' title='bbox 451 2683 567 2743; x_wconf 90' lang='lat' dir='ltr'>Bodine</span> <span class='ocrx_word' id='word_1_276' title='bbox 590 2682 685 2743; x_wconf 90' lang='lat' dir='ltr'>dictae</span> <span class='ocrx_word' id='word_1_277' title='bbox 706 2682 901 2744; x_wconf 87' lang='lat' dir='ltr'>harmonicae.</span> <span class='ocrx_word' id='word_1_278' title='bbox 945 2682 1011 2741; x_wconf 90' lang='lat' dir='ltr'>Nou</span> <span class='ocrx_word' id='word_1_279' title='bbox 1034 2689 1183 2740; x_wconf 88' lang='lat' dir='ltr'>mutantur</span> <span class='ocrx_word' id='word_1_280' title='bbox 1197 2682 1246 2741; x_wconf 86' lang='lat' dir='ltr'>iric</span> <span class='ocrx_word' id='word_1_281' title='bbox 1266 2683 1489 2757; x_wconf 81' lang='lat' dir='ltr'>proportionum</span> <span class='ocrx_word' id='word_1_282' title='bbox 1504 2685 1627 2760; x_wconf 85' lang='lat' dir='ltr'>speeies,</span> 
     </span>
     <span class='ocr_line' id='line_1_27' title="bbox 279 2768 1628 2848; baseline -0.001 -18"><span class='ocrx_word' id='word_1_283' title='bbox 279 2769 332 2833; x_wconf 86' lang='lat' dir='ltr'>sed</span> <span class='ocrx_word' id='word_1_284' title='bbox 355 2780 577 2848; x_wconf 86' lang='lat' dir='ltr'>componuntur,</span> <span class='ocrx_word' id='word_1_285' title='bbox 598 2779 652 2833; x_wconf 83' lang='lat' dir='ltr'>aut</span> <span class='ocrx_word' id='word_1_286' title='bbox 674 2768 883 2830; x_wconf 88' lang='lat' dir='ltr'>distribuuntur</span> <span class='ocrx_word' id='word_1_287' title='bbox 905 2771 1004 2846; x_wconf 85' lang='lat' dir='ltr'>potius</span> <span class='ocrx_word' id='word_1_288' title='bbox 1022 2771 1051 2828; x_wconf 92' lang='lat' dir='ltr'>iu</span> <span class='ocrx_word' id='word_1_289' title='bbox 1067 2768 1205 2830; x_wconf 84' lang='lat' dir='ltr'>distincta</span> <span class='ocrx_word' id='word_1_290' title='bbox 1219 2769 1361 2845; x_wconf 87' lang='lat' dir='ltr'>subjecta,</span> <span class='ocrx_word' id='word_1_291' title='bbox 1388 2769 1426 2829; x_wconf 90' lang='lat' dir='ltr'>ad</span> <span class='ocrx_word' id='word_1_292' title='bbox 1442 2768 1518 2829; x_wconf 89' lang='lat' dir='ltr'>idem</span> <span class='ocrx_word' id='word_1_293' title='bbox 1534 2779 1628 2831; x_wconf 90' lang='lat' dir='ltr'>totum</span> 
     </span>
     <span class='ocr_line' id='line_1_28' title="bbox 276 2862 1576 2935; baseline -0.002 -16"><span class='ocrx_word' id='word_1_294' title='bbox 276 2862 460 2935; x_wconf 89' lang='lat' dir='ltr'>pertinentia.</span> <span class='ocrx_word' id='word_1_295' title='bbox 1573 2865 1576 2872; x_wconf 83' lang='lat'>&#39;</span> 
     </span>
     <span class='ocr_line' id='line_1_29' title="bbox 363 2943 1630 3022; baseline -0.001 -17"><span class='ocrx_word' id='word_1_296' title='bbox 363 2944 421 3006; x_wconf 89' lang='lat' dir='ltr'>XI.</span> <span class='ocrx_word' id='word_1_297' title='bbox 445 2945 541 3022; x_wconf 72' lang='lat' dir='ltr'>leges</span> <span class='ocrx_word' id='word_1_298' title='bbox 569 2946 727 3006; x_wconf 85' lang='lat' dir='ltr'>vestiariae</span> <span class='ocrx_word' id='word_1_299' title='bbox 754 2945 911 3022; x_wconf 87' lang='lat' dir='ltr'>plurimum</span> <span class='ocrx_word' id='word_1_300' title='bbox 941 2944 1051 3004; x_wconf 89' lang='lat' dir='ltr'>habent</span> <span class='ocrx_word' id='word_1_301' title='bbox 1088 2943 1123 3004; x_wconf 90' lang='lat' dir='ltr'>de</span> <span class='ocrx_word' id='word_1_302' title='bbox 1153 2947 1339 3021; x_wconf 89' lang='lat' dir='ltr'>proportione</span> <span class='ocrx_word' id='word_1_303' title='bbox 1367 2946 1562 3020; x_wconf 87' lang='lat' dir='ltr'>geometrica,</span> <span class='ocrx_word' id='word_1_304' title='bbox 1597 2953 1630 3005; x_wconf 93' lang='lat' dir='ltr'>ut</span> 
     </span>
     <span class='ocr_line' id='line_1_30' title="bbox 277 3030 1629 3110; baseline -0.001 -18"><span class='ocrx_word' id='word_1_305' title='bbox 277 3041 389 3110; x_wconf 89' lang='lat' dir='ltr'>quanto</span> <span class='ocrx_word' id='word_1_306' title='bbox 411 3036 535 3109; x_wconf 88' lang='lat' dir='ltr'>quisque</span> <span class='ocrx_word' id='word_1_307' title='bbox 558 3032 654 3106; x_wconf 77' lang='lat' dir='ltr'>altiori</span> <span class='ocrx_word' id='word_1_308' title='bbox 679 3032 829 3109; x_wconf 89' lang='lat' dir='ltr'>dignitatis</span> <span class='ocrx_word' id='word_1_309' title='bbox 851 3030 944 3108; x_wconf 59' lang='lat' dir='ltr'>made</span> <span class='ocrx_word' id='word_1_310' title='bbox 968 3034 1114 3104; x_wconf 87' lang='lat' dir='ltr'>consistit,</span> <span class='ocrx_word' id='word_1_311' title='bbox 1144 3040 1226 3090; x_wconf 89' lang='lat' dir='ltr'>tanto</span> <span class='ocrx_word' id='word_1_312' title='bbox 1249 3034 1404 3107; x_wconf 88' lang='lat' dir='ltr'>pretiosior</span> <span class='ocrx_word' id='word_1_313' title='bbox 1425 3033 1453 3091; x_wconf 90' lang='lat' dir='ltr'>ei</span> <span class='ocrx_word' id='word_1_314' title='bbox 1475 3035 1629 3107; x_wconf 86' lang='lat' dir='ltr'>permitta-</span> 
     </span>
     <span class='ocr_line' id='line_1_31' title="bbox 277 3117 1629 3196; baseline -0.001 -16"><span class='ocrx_word' id='word_1_315' title='bbox 277 3130 324 3180; x_wconf 91' lang='lat' dir='ltr'>tnr</span> <span class='ocrx_word' id='word_1_316' title='bbox 344 3129 466 3180; x_wconf 86' lang='lat' dir='ltr'>umatus</span> <span class='ocrx_word' id='word_1_317' title='bbox 488 3122 630 3196; x_wconf 78' lang='lat' dir='ltr'>restium3</span> <span class='ocrx_word' id='word_1_318' title='bbox 652 3119 815 3196; x_wconf 84' lang='lat' dir='ltr'>aequalitas</span> <span class='ocrx_word' id='word_1_319' title='bbox 837 3119 1021 3178; x_wconf 84' lang='lat' dir='ltr'>arithmetica</span> <span class='ocrx_word' id='word_1_320' title='bbox 1042 3118 1235 3178; x_wconf 84' lang='lat' dir='ltr'>intolerabilis</span> <span class='ocrx_word' id='word_1_321' title='bbox 1262 3118 1312 3177; x_wconf 86' lang='lat' dir='ltr'>bic</span> <span class='ocrx_word' id='word_1_322' title='bbox 1335 3128 1387 3178; x_wconf 89' lang='lat' dir='ltr'>est.</span> <span class='ocrx_word' id='word_1_323' title='bbox 1432 3117 1508 3194; x_wconf 87' lang='lat' dir='ltr'>Quis</span> <span class='ocrx_word' id='word_1_324' title='bbox 1531 3127 1629 3179; x_wconf 85' lang='lat' dir='ltr'>tamea</span> 
     </span>
     <span class='ocr_line' id='line_1_32' title="bbox 277 3205 1630 3285; baseline -0.001 -19"><span class='ocrx_word' id='word_1_325' title='bbox 277 3224 372 3284; x_wconf 78' lang='lat' dir='ltr'>neque</span> <span class='ocrx_word' id='word_1_326' title='bbox 395 3206 459 3268; x_wconf 89' lang='lat' dir='ltr'>sols</span> <span class='ocrx_word' id='word_1_327' title='bbox 481 3210 608 3268; x_wconf 68' lang='lat' dir='ltr'>sarisas</span> <span class='ocrx_word' id='word_1_328' title='bbox 631 3206 763 3266; x_wconf 86' lang='lat' dir='ltr'>ordinum</span> <span class='ocrx_word' id='word_1_329' title='bbox 787 3211 815 3266; x_wconf 90' lang='lat' dir='ltr'>in</span> <span class='ocrx_word' id='word_1_330' title='bbox 840 3208 948 3266; x_wconf 86' lang='lat' dir='ltr'>vestitu</span> <span class='ocrx_word' id='word_1_331' title='bbox 970 3205 1185 3266; x_wconf 81' lang='lat' dir='ltr'>distinctionem</span> <span class='ocrx_word' id='word_1_332' title='bbox 1212 3206 1358 3285; x_wconf 87' lang='lat' dir='ltr'>postulat,</span> <span class='ocrx_word' id='word_1_333' title='bbox 1385 3206 1437 3266; x_wconf 87' lang='lat' dir='ltr'>sed</span> <span class='ocrx_word' id='word_1_334' title='bbox 1460 3206 1559 3282; x_wconf 88' lang='lat' dir='ltr'>aliqua</span> <span class='ocrx_word' id='word_1_335' title='bbox 1582 3209 1630 3266; x_wconf 87' lang='lat' dir='ltr'>irie</span> 
     </span>
     <span class='ocr_line' id='line_1_33' title="bbox 277 3292 1630 3371; baseline 0 -17"><span class='ocrx_word' id='word_1_336' title='bbox 277 3295 351 3355; x_wconf 85' lang='lat' dir='ltr'>retia</span> <span class='ocrx_word' id='word_1_337' title='bbox 374 3294 512 3356; x_wconf 85' lang='lat' dir='ltr'>habenda</span> <span class='ocrx_word' id='word_1_338' title='bbox 533 3297 697 3371; x_wconf 84' lang='lat' dir='ltr'>sepiarum,</span> <span class='ocrx_word' id='word_1_339' title='bbox 732 3293 832 3371; x_wconf 91' lang='lat' dir='ltr'>aliqua</span> <span class='ocrx_word' id='word_1_340' title='bbox 861 3297 1040 3369; x_wconf 87' lang='lat' dir='ltr'>meritorum,</span> <span class='ocrx_word' id='word_1_341' title='bbox 1073 3311 1170 3370; x_wconf 91' lang='lat' dir='ltr'>neque</span> <span class='ocrx_word' id='word_1_342' title='bbox 1192 3292 1279 3352; x_wconf 79' lang='lat' dir='ltr'>facile</span> <span class='ocrx_word' id='word_1_343' title='bbox 1309 3309 1409 3353; x_wconf 86' lang='lat' dir='ltr'>omues</span> <span class='ocrx_word' id='word_1_344' title='bbox 1432 3293 1549 3354; x_wconf 90' lang='lat' dir='ltr'>ordines</span> <span class='ocrx_word' id='word_1_345' title='bbox 1571 3312 1630 3354; x_wconf 86' lang='lat' dir='ltr'>una</span> 
     </span>
     <span class='ocr_line' id='line_1_34' title="bbox 277 3380 1630 3460; baseline 0.001 -20"><span class='ocrx_word' id='word_1_346' title='bbox 277 3382 342 3459; x_wconf 86' lang='lat' dir='ltr'>lege</span> <span class='ocrx_word' id='word_1_347' title='bbox 363 3391 489 3460; x_wconf 87' lang='lat' dir='ltr'>possunt</span> <span class='ocrx_word' id='word_1_348' title='bbox 511 3385 675 3442; x_wconf 84' lang='lat' dir='ltr'>enunciari:</span> <span class='ocrx_word' id='word_1_349' title='bbox 699 3389 959 3458; x_wconf 83' lang='lat' dir='ltr'>temperamentum</span> <span class='ocrx_word' id='word_1_350' title='bbox 981 3380 1099 3457; x_wconf 87' lang='lat' dir='ltr'>aliquod</span> <span class='ocrx_word' id='word_1_351' title='bbox 1123 3383 1276 3457; x_wconf 91' lang='lat' dir='ltr'>utriusque</span> <span class='ocrx_word' id='word_1_352' title='bbox 1304 3382 1499 3459; x_wconf 79' lang='lat' dir='ltr'>proportionis</span> <span class='ocrx_word' id='word_1_353' title='bbox 1521 3384 1630 3457; x_wconf 88' lang='lat' dir='ltr'>partim</span> 
     </span>
     <span class='ocr_line' id='line_1_35' title="bbox 276 3468 1630 3547; baseline 0 -19"><span class='ocrx_word' id='word_1_354' title='bbox 276 3470 391 3547; x_wconf 81' lang='lat' dir='ltr'>legibus</span> <span class='ocrx_word' id='word_1_355' title='bbox 420 3472 492 3547; x_wconf 90' lang='lat' dir='ltr'>ipsis</span> <span class='ocrx_word' id='word_1_356' title='bbox 517 3472 603 3529; x_wconf 89' lang='lat' dir='ltr'>inseri</span> <span class='ocrx_word' id='word_1_357' title='bbox 630 3468 720 3543; x_wconf 86' lang='lat' dir='ltr'>solet,</span> <span class='ocrx_word' id='word_1_358' title='bbox 754 3472 858 3547; x_wconf 89' lang='lat' dir='ltr'>partim</span> <span class='ocrx_word' id='word_1_359' title='bbox 888 3469 1006 3528; x_wconf 88' lang='lat' dir='ltr'>arbitrio</span> <span class='ocrx_word' id='word_1_360' title='bbox 1030 3468 1243 3527; x_wconf 86' lang='lat' dir='ltr'>moderatorum</span> <span class='ocrx_word' id='word_1_361' title='bbox 1268 3471 1451 3545; x_wconf 87' lang='lat' dir='ltr'>permittitur.</span> <span class='ocrx_word' id='word_1_362' title='bbox 1496 3468 1532 3526; x_wconf 91' lang='lat' dir='ltr'>id</span> <span class='ocrx_word' id='word_1_363' title='bbox 1554 3477 1630 3528; x_wconf 87' lang='lat' dir='ltr'>tem·</span> 
     </span>
    </p>
   </div>
   <div class='ocr_carea' id='block_1_9' title="bbox 276 3555 1754 3633">
    <p class='ocr_par' dir='ltr' id='par_1_10' title="bbox 276 3555 1754 3633">
     <span class='ocr_line' id='line_1_36' title="bbox 276 3555 1754 3633; baseline -0.001 -17"><span class='ocrx_word' id='word_1_364' title='bbox 276 3565 476 3633; x_wconf 81' lang='lat' dir='ltr'>paramentum</span> <span class='ocrx_word' id='word_1_365' title='bbox 498 3557 631 3617; x_wconf 85' lang='lat' dir='ltr'>Bodinus</span> <span class='ocrx_word' id='word_1_366' title='bbox 659 3556 856 3616; x_wconf 85' lang='lat' dir='ltr'>harmonicum</span> <span class='ocrx_word' id='word_1_367' title='bbox 878 3563 988 3629; x_wconf 86' lang='lat' dir='ltr'>censet,</span> <span class='ocrx_word' id='word_1_368' title='bbox 1010 3558 1082 3632; x_wconf 88' lang='lat' dir='ltr'>quia</span> <span class='ocrx_word' id='word_1_369' title='bbox 1097 3555 1264 3614; x_wconf 83' lang='lat' dir='ltr'>hannoniae</span> <span class='ocrx_word' id='word_1_370' title='bbox 1289 3556 1492 3631; x_wconf 87' lang='lat' dir='ltr'>conjunctione</span> <span class='ocrx_word' id='word_1_371' title='bbox 1507 3556 1631 3615; x_wconf 87' lang='lat' dir='ltr'>duarum</span> <span class='ocrx_word' id='word_1_372' title='bbox 1749 3571 1754 3582; x_wconf 87' lang='grc'><strong>’</strong></span> 
     </span>
    </p>
   </div>
   <div class='ocr_carea' id='block_1_10' title="bbox 277 3641 1631 4593">
    <p class='ocr_par' dir='ltr' id='par_1_11' title="bbox 277 3641 1631 4593">
     <span class='ocr_line' id='line_1_37' title="bbox 277 3641 1630 3723; baseline 0.001 -21"><span class='ocrx_word' id='word_1_373' title='bbox 277 3647 437 3722; x_wconf 87' lang='lat' dir='ltr'>specierum</span> <span class='ocrx_word' id='word_1_374' title='bbox 460 3646 654 3723; x_wconf 86' lang='lat' dir='ltr'>proportionis</span> <span class='ocrx_word' id='word_1_375' title='bbox 677 3642 786 3703; x_wconf 87' lang='lat' dir='ltr'>delinit.</span> <span class='ocrx_word' id='word_1_376' title='bbox 830 3643 904 3702; x_wconf 85' lang='lat' dir='ltr'>llibi</span> <span class='ocrx_word' id='word_1_377' title='bbox 926 3643 1126 3704; x_wconf 85' lang='lat' dir='ltr'>harmonicum</span> <span class='ocrx_word' id='word_1_378' title='bbox 1147 3659 1205 3702; x_wconf 89' lang='lat' dir='ltr'>uon</span> <span class='ocrx_word' id='word_1_379' title='bbox 1221 3651 1276 3707; x_wconf 77' lang='lat' dir='ltr'>est,</span> <span class='ocrx_word' id='word_1_380' title='bbox 1300 3659 1367 3702; x_wconf 90' lang='lat' dir='ltr'>cum</span> <span class='ocrx_word' id='word_1_381' title='bbox 1385 3641 1537 3702; x_wconf 75' lang='lat' dir='ltr'>effectetur</span> <span class='ocrx_word' id='word_1_382' title='bbox 1558 3661 1630 3721; x_wconf 92' lang='lat' dir='ltr'>pro-</span> 
     </span>
     <span class='ocr_line' id='line_1_38' title="bbox 277 3732 1080 3809; baseline -0.001 -19"><span class='ocrx_word' id='word_1_383' title='bbox 277 3734 372 3809; x_wconf 88' lang='lat' dir='ltr'>portio</span> <span class='ocrx_word' id='word_1_384' title='bbox 395 3733 455 3791; x_wconf 90' lang='lat' dir='ltr'>alia</span> <span class='ocrx_word' id='word_1_385' title='bbox 478 3740 507 3791; x_wconf 89' lang='lat' dir='ltr'>et</span> <span class='ocrx_word' id='word_1_386' title='bbox 529 3736 737 3809; x_wconf 84' lang='lat' dir='ltr'>exprimeretur</span> <span class='ocrx_word' id='word_1_387' title='bbox 757 3732 899 3808; x_wconf 83' lang='lat' dir='ltr'>perlecto,</span> <span class='ocrx_word' id='word_1_388' title='bbox 923 3732 948 3789; x_wconf 90' lang='lat' dir='ltr'>si</span> <span class='ocrx_word' id='word_1_389' title='bbox 970 3738 1080 3807; x_wconf 82' lang='lat' dir='ltr'>posset</span> 
     </span>
     <span class='ocr_line' id='line_1_39' title="bbox 363 3816 1631 3895; baseline -0.003 -17"><span class='ocrx_word' id='word_1_390' title='bbox 363 3818 438 3881; x_wconf 82' lang='lat' dir='ltr'>xii.</span> <span class='ocrx_word' id='word_1_391' title='bbox 463 3818 543 3879; x_wconf 90' lang='lat' dir='ltr'>idern</span> <span class='ocrx_word' id='word_1_392' title='bbox 566 3820 627 3878; x_wconf 88' lang='lat' dir='ltr'>lere</span> <span class='ocrx_word' id='word_1_393' title='bbox 648 3817 685 3878; x_wconf 91' lang='lat' dir='ltr'>de</span> <span class='ocrx_word' id='word_1_394' title='bbox 707 3820 745 3876; x_wconf 90' lang='lat' dir='ltr'>iis</span> <span class='ocrx_word' id='word_1_395' title='bbox 766 3817 882 3892; x_wconf 87' lang='lat' dir='ltr'>legibus</span> <span class='ocrx_word' id='word_1_396' title='bbox 905 3816 1075 3890; x_wconf 87' lang='lat' dir='ltr'>dicendum,</span> <span class='ocrx_word' id='word_1_397' title='bbox 1099 3835 1175 3894; x_wconf 89' lang='lat' dir='ltr'>quae</span> <span class='ocrx_word' id='word_1_398' title='bbox 1198 3835 1264 3880; x_wconf 90' lang='lat' dir='ltr'>cum</span> <span class='ocrx_word' id='word_1_399' title='bbox 1286 3817 1322 3876; x_wconf 92' lang='lat' dir='ltr'>de</span> <span class='ocrx_word' id='word_1_400' title='bbox 1344 3819 1447 3894; x_wconf 84' lang='lat' dir='ltr'>poenis</span> <span class='ocrx_word' id='word_1_401' title='bbox 1469 3819 1538 3891; x_wconf 81' lang='lat' dir='ltr'>sint,</span> <span class='ocrx_word' id='word_1_402' title='bbox 1562 3835 1631 3895; x_wconf 77' lang='lat' dir='ltr'>per-</span> 
     </span>
     <span class='ocr_line' id='line_1_40' title="bbox 279 3905 1631 3984; baseline 0.002 -21"><span class='ocrx_word' id='word_1_403' title='bbox 279 3921 368 3966; x_wconf 86' lang='lat' dir='ltr'>sonas</span> <span class='ocrx_word' id='word_1_404' title='bbox 390 3905 517 3966; x_wconf 86' lang='lat' dir='ltr'>illustres</span> <span class='ocrx_word' id='word_1_405' title='bbox 541 3905 671 3981; x_wconf 86' lang='lat' dir='ltr'>periculo</span> <span class='ocrx_word' id='word_1_406' title='bbox 695 3906 807 3982; x_wconf 89' lang='lat' dir='ltr'>capitis,</span> <span class='ocrx_word' id='word_1_407' title='bbox 831 3905 944 3965; x_wconf 84' lang='lat' dir='ltr'>nobiles</span> <span class='ocrx_word' id='word_1_408' title='bbox 967 3905 1127 3984; x_wconf 88' lang='lat' dir='ltr'>suspendio</span> <span class='ocrx_word' id='word_1_409' title='bbox 1148 3908 1280 3964; x_wconf 87' lang='lat' dir='ltr'>eximunt</span> <span class='ocrx_word' id='word_1_410' title='bbox 1302 3921 1519 3983; x_wconf 89' lang='lat' dir='ltr'>poenarumque</span> <span class='ocrx_word' id='word_1_411' title='bbox 1535 3922 1631 3980; x_wconf 87' lang='lat' dir='ltr'>genus</span> 
     </span>
     <span class='ocr_line' id='line_1_41' title="bbox 279 3991 1630 4069; baseline 0.001 -18"><span class='ocrx_word' id='word_1_412' title='bbox 279 4000 475 4068; x_wconf 87' lang='lat' dir='ltr'>commutant,</span> <span class='ocrx_word' id='word_1_413' title='bbox 506 4009 584 4052; x_wconf 89' lang='lat' dir='ltr'>mere</span> <span class='ocrx_word' id='word_1_414' title='bbox 608 4010 626 4051; x_wconf 91' lang='lat' dir='ltr'>a</span> <span class='ocrx_word' id='word_1_415' title='bbox 649 3992 778 4069; x_wconf 89' lang='lat' dir='ltr'>plurimis</span> <span class='ocrx_word' id='word_1_416' title='bbox 800 3993 938 4069; x_wconf 87' lang='lat' dir='ltr'>gentibus</span> <span class='ocrx_word' id='word_1_417' title='bbox 960 4003 1087 4069; x_wconf 89' lang='lat' dir='ltr'>recepto.</span> <span class='ocrx_word' id='word_1_418' title='bbox 1134 3992 1209 4051; x_wconf 90' lang='lat' dir='ltr'>Nam</span> <span class='ocrx_word' id='word_1_419' title='bbox 1231 4010 1314 4066; x_wconf 89' lang='lat' dir='ltr'>reus,</span> <span class='ocrx_word' id='word_1_420' title='bbox 1345 3991 1516 4067; x_wconf 83' lang='lat' dir='ltr'>dignitatem</span> <span class='ocrx_word' id='word_1_421' title='bbox 1539 4009 1630 4069; x_wconf 88' lang='lat' dir='ltr'>quam</span> 
     </span>
     <span class='ocr_line' id='line_1_42' title="bbox 282 4076 1628 4160; baseline 0.001 -22"><span class='ocrx_word' id='word_1_422' title='bbox 282 4080 411 4140; x_wconf 87' lang='lat' dir='ltr'>babebat</span> <span class='ocrx_word' id='word_1_423' title='bbox 432 4084 585 4154; x_wconf 86' lang='lat' dir='ltr'>amittens,</span> <span class='ocrx_word' id='word_1_424' title='bbox 614 4081 732 4155; x_wconf 86' lang='lat' dir='ltr'>gravius</span> <span class='ocrx_word' id='word_1_425' title='bbox 755 4079 811 4138; x_wconf 89' lang='lat' dir='ltr'>boc</span> <span class='ocrx_word' id='word_1_426' title='bbox 834 4079 975 4140; x_wconf 87' lang='lat' dir='ltr'>dedecore</span> <span class='ocrx_word' id='word_1_427' title='bbox 996 4083 1115 4156; x_wconf 91' lang='lat' dir='ltr'>punitur</span> <span class='ocrx_word' id='word_1_428' title='bbox 1138 4076 1332 4160; x_wconf 88' lang='lat' dir='ltr'>(geometrica</span> <span class='ocrx_word' id='word_1_429' title='bbox 1352 4079 1420 4156; x_wconf 88' lang='lat' dir='ltr'>lege</span> <span class='ocrx_word' id='word_1_430' title='bbox 1447 4081 1628 4156; x_wconf 77' lang='lat' dir='ltr'>observata),</span> 
     </span>
     <span class='ocr_line' id='line_1_43' title="bbox 282 4166 1631 4244; baseline 0.001 -18"><span class='ocrx_word' id='word_1_431' title='bbox 282 4171 431 4244; x_wconf 88' lang='lat' dir='ltr'>quamsi,</span> <span class='ocrx_word' id='word_1_432' title='bbox 454 4169 556 4244; x_wconf 86' lang='lat' dir='ltr'>quiin</span> <span class='ocrx_word' id='word_1_433' title='bbox 581 4166 723 4244; x_wconf 86' lang='lat' dir='ltr'>dignitate</span> <span class='ocrx_word' id='word_1_434' title='bbox 745 4166 826 4226; x_wconf 90' lang='lat' dir='ltr'>nulla</span> <span class='ocrx_word' id='word_1_435' title='bbox 847 4167 920 4239; x_wconf 90' lang='lat' dir='ltr'>luit,</span> <span class='ocrx_word' id='word_1_436' title='bbox 943 4168 1033 4243; x_wconf 84' lang='lat' dir='ltr'>virgis</span> <span class='ocrx_word' id='word_1_437' title='bbox 1056 4166 1195 4226; x_wconf 88' lang='lat' dir='ltr'>caedatur</span> <span class='ocrx_word' id='word_1_438' title='bbox 1217 4168 1350 4243; x_wconf 79' lang='lat' dir='ltr'>publice3</span> <span class='ocrx_word' id='word_1_439' title='bbox 1378 4169 1477 4242; x_wconf 84' lang='lat' dir='ltr'>itaque</span> <span class='ocrx_word' id='word_1_440' title='bbox 1500 4166 1631 4227; x_wconf 89' lang='lat' dir='ltr'>dissimi-</span> 
     </span>
     <span class='ocr_line' id='line_1_44' title="bbox 279 4253 1629 4332; baseline 0.002 -19"><span class='ocrx_word' id='word_1_441' title='bbox 279 4256 350 4313; x_wconf 89' lang='lat' dir='ltr'>lium</span> <span class='ocrx_word' id='word_1_442' title='bbox 373 4271 532 4332; x_wconf 89' lang='lat' dir='ltr'>poenarum</span> <span class='ocrx_word' id='word_1_443' title='bbox 553 4254 715 4331; x_wconf 83' lang='lat' dir='ltr'>aequalitas</span> <span class='ocrx_word' id='word_1_444' title='bbox 738 4253 879 4331; x_wconf 82' lang='lat' dir='ltr'>quaedam</span> <span class='ocrx_word' id='word_1_445' title='bbox 902 4271 967 4313; x_wconf 86' lang='lat' dir='ltr'>esse</span> <span class='ocrx_word' id='word_1_446' title='bbox 988 4262 1086 4330; x_wconf 86' lang='lat' dir='ltr'>potest</span> <span class='ocrx_word' id='word_1_447' title='bbox 1109 4264 1138 4313; x_wconf 91' lang='lat' dir='ltr'>et</span> <span class='ocrx_word' id='word_1_448' title='bbox 1160 4254 1325 4314; x_wconf 88' lang='lat' dir='ltr'>distributio</span> <span class='ocrx_word' id='word_1_449' title='bbox 1348 4254 1516 4313; x_wconf 88' lang='lat' dir='ltr'>harmonica</span> <span class='ocrx_word' id='word_1_450' title='bbox 1539 4272 1629 4316; x_wconf 87' lang='lat' dir='ltr'>sensu</span> 
     </span>
     <span class='ocr_line' id='line_1_45' title="bbox 280 4339 1629 4420; baseline 0.001 -19"><span class='ocrx_word' id='word_1_451' title='bbox 280 4342 396 4416; x_wconf 89' lang='lat' dir='ltr'>Bodiui,</span> <span class='ocrx_word' id='word_1_452' title='bbox 421 4346 471 4419; x_wconf 89' lang='lat' dir='ltr'>qui</span> <span class='ocrx_word' id='word_1_453' title='bbox 494 4343 542 4403; x_wconf 89' lang='lat' dir='ltr'>hio</span> <span class='ocrx_word' id='word_1_454' title='bbox 564 4339 751 4401; x_wconf 75' lang='lat' dir='ltr'>Aristotelem</span> <span class='ocrx_word' id='word_1_455' title='bbox 774 4342 876 4417; x_wconf 88' lang='lat' dir='ltr'>rejicit,</span> <span class='ocrx_word' id='word_1_456' title='bbox 900 4343 950 4418; x_wconf 89' lang='lat' dir='ltr'>qui</span> <span class='ocrx_word' id='word_1_457' title='bbox 973 4344 1003 4399; x_wconf 87' lang='lat' dir='ltr'>in</span> <span class='ocrx_word' id='word_1_458' title='bbox 1026 4343 1162 4417; x_wconf 81' lang='lat' dir='ltr'>praesuiis</span> <span class='ocrx_word' id='word_1_459' title='bbox 1184 4341 1302 4418; x_wconf 89' lang='lat' dir='ltr'>quidem</span> <span class='ocrx_word' id='word_1_460' title='bbox 1325 4343 1531 4418; x_wconf 87' lang='lat' dir='ltr'>geometricam</span> <span class='ocrx_word' id='word_1_461' title='bbox 1557 4360 1629 4420; x_wconf 91' lang='lat' dir='ltr'>pro-</span> 
     </span>
     <span class='ocr_line' id='line_1_46' title="bbox 285 4429 1329 4510; baseline -0.002 -21"><span class='ocrx_word' id='word_1_462' title='bbox 285 4433 459 4510; x_wconf 85' lang='lat' dir='ltr'>portionem,</span> <span class='ocrx_word' id='word_1_463' title='bbox 482 4433 511 4489; x_wconf 89' lang='lat' dir='ltr'>iu</span> <span class='ocrx_word' id='word_1_464' title='bbox 533 4432 637 4507; x_wconf 89' lang='lat' dir='ltr'>poenis</span> <span class='ocrx_word' id='word_1_465' title='bbox 659 4445 729 4489; x_wconf 81' lang='lat' dir='ltr'>reru</span> <span class='ocrx_word' id='word_1_466' title='bbox 752 4429 964 4488; x_wconf 84' lang='lat' dir='ltr'>arithmeticam</span> <span class='ocrx_word' id='word_1_467' title='bbox 985 4430 1159 4489; x_wconf 84' lang='lat' dir='ltr'>servandam</span> <span class='ocrx_word' id='word_1_468' title='bbox 1183 4429 1329 4489; x_wconf 88' lang='lat' dir='ltr'>docuerat.</span> 
     </span>
     <span class='ocr_line' id='line_1_47' title="bbox 321 4512 1627 4593; baseline 0 -17"><span class='ocrx_word' id='word_1_469' title='bbox 321 4512 325 4518; x_wconf 82' lang='grc'>’</span> <span class='ocrx_word' id='word_1_470' title='bbox 366 4516 455 4579; x_wconf 85' lang='lat' dir='ltr'>Xlll.</span> <span class='ocrx_word' id='word_1_471' title='bbox 479 4518 531 4577; x_wconf 82' lang='lat' dir='ltr'>Est</span> <span class='ocrx_word' id='word_1_472' title='bbox 559 4527 588 4577; x_wconf 88' lang='lat' dir='ltr'>et</span> <span class='ocrx_word' id='word_1_473' title='bbox 615 4517 675 4576; x_wconf 89' lang='lat' dir='ltr'>alia</span> <span class='ocrx_word' id='word_1_474' title='bbox 702 4517 730 4573; x_wconf 91' lang='lat' dir='ltr'>iu</span> <span class='ocrx_word' id='word_1_475' title='bbox 762 4515 878 4592; x_wconf 87' lang='lat' dir='ltr'>legibus</span> <span class='ocrx_word' id='word_1_476' title='bbox 910 4516 1084 4593; x_wconf 88' lang='lat' dir='ltr'>poenalibus</span> <span class='ocrx_word' id='word_1_477' title='bbox 1115 4517 1308 4576; x_wconf 84' lang='lat' dir='ltr'>observabilis</span> <span class='ocrx_word' id='word_1_478' title='bbox 1341 4517 1489 4593; x_wconf 89' lang='lat' dir='ltr'>proportio</span> <span class='ocrx_word' id='word_1_479' title='bbox 1523 4516 1627 4577; x_wconf 86' lang='lat' dir='ltr'>eudem</span> 
     </span>
    </p>
   </div>
   <div class='ocr_carea' id='block_1_11' title="bbox 144 4591 1628 4682">
    <p class='ocr_par' dir='ltr' id='par_1_12' title="bbox 144 4591 1628 4682">
     <span class='ocr_line' id='line_1_48' title="bbox 144 4591 1628 4682; baseline -0.001 -18"><span class='ocrx_word' id='word_1_480' title='bbox 144 4591 150 4598; x_wconf 63' lang='grc'><strong>’</strong></span> <span class='ocrx_word' id='word_1_481' title='bbox 278 4612 523 4681; x_wconf 85' lang='lat' dir='ltr'>temperamento,</span> <span class='ocrx_word' id='word_1_482' title='bbox 554 4622 631 4682; x_wconf 89' lang='lat' dir='ltr'>quae</span> <span class='ocrx_word' id='word_1_483' title='bbox 653 4607 719 4663; x_wconf 78' lang='lat' dir='ltr'>uon</span> <span class='ocrx_word' id='word_1_484' title='bbox 735 4602 950 4679; x_wconf 80' lang='lat' dir='ltr'>delinquentem</span> <span class='ocrx_word' id='word_1_485' title='bbox 974 4605 1095 4678; x_wconf 87' lang='lat' dir='ltr'>attinet,</span> <span class='ocrx_word' id='word_1_486' title='bbox 1125 4603 1177 4664; x_wconf 89' lang='lat' dir='ltr'>sed</span> <span class='ocrx_word' id='word_1_487' title='bbox 1200 4621 1344 4681; x_wconf 87' lang='lat' dir='ltr'>personae</span> <span class='ocrx_word' id='word_1_488' title='bbox 1365 4603 1464 4663; x_wconf 87' lang='lat' dir='ltr'>laesae</span> <span class='ocrx_word' id='word_1_489' title='bbox 1486 4604 1628 4666; x_wconf 88' lang='lat' dir='ltr'>bonorem</span> 
     </span>
    </p>
   </div>
   <div class='ocr_carea' id='block_1_12' title="bbox 279 4690 1658 4943">
    <p class='ocr_par' dir='ltr' id='par_1_13' title="bbox 279 4690 1658 4943">
     <span class='ocr_line' id='line_1_49' title="bbox 279 4690 1627 4769; baseline 0.001 -17"><span class='ocrx_word' id='word_1_490' title='bbox 279 4700 309 4752; x_wconf 92' lang='lat' dir='ltr'>et</span> <span class='ocrx_word' id='word_1_491' title='bbox 330 4690 499 4754; x_wconf 84' lang='lat' dir='ltr'>vindictam</span> <span class='ocrx_word' id='word_1_492' title='bbox 545 4692 674 4753; x_wconf 84' lang='lat' dir='ltr'>Gravius</span> <span class='ocrx_word' id='word_1_493' title='bbox 694 4691 771 4750; x_wconf 91' lang='lat' dir='ltr'>euim</span> <span class='ocrx_word' id='word_1_494' title='bbox 794 4692 926 4769; x_wconf 86' lang='lat' dir='ltr'>punitur,</span> <span class='ocrx_word' id='word_1_495' title='bbox 958 4694 1008 4767; x_wconf 89' lang='lat' dir='ltr'>qui</span> <span class='ocrx_word' id='word_1_496' title='bbox 1032 4693 1188 4768; x_wconf 87' lang='lat' dir='ltr'>principem</span> <span class='ocrx_word' id='word_1_497' title='bbox 1211 4693 1356 4765; x_wconf 75' lang='lat' dir='ltr'>civitatis,</span> <span class='ocrx_word' id='word_1_498' title='bbox 1388 4693 1476 4767; x_wconf 80' lang='lat' dir='ltr'>quise</span> <span class='ocrx_word' id='word_1_499' title='bbox 1497 4709 1627 4753; x_wconf 89' lang='lat' dir='ltr'>unume</span> 
     </span>
     <span class='ocr_line' id='line_1_50' title="bbox 283 4775 1658 4858; baseline 0.001 -20"><span class='ocrx_word' id='word_1_500' title='bbox 283 4777 407 4858; x_wconf 84' lang='lat' dir='ltr'>collegio</span> <span class='ocrx_word' id='word_1_501' title='bbox 430 4781 588 4839; x_wconf 84' lang='lat' dir='ltr'>electorum</span> <span class='ocrx_word' id='word_1_502' title='bbox 610 4778 729 4850; x_wconf 91' lang='lat' dir='ltr'>occidit,</span> <span class='ocrx_word' id='word_1_503' title='bbox 760 4794 848 4854; x_wconf 87' lang='lat' dir='ltr'>quarn</span> <span class='ocrx_word' id='word_1_504' title='bbox 871 4781 922 4854; x_wconf 86' lang='lat' dir='ltr'>qui</span> <span class='ocrx_word' id='word_1_505' title='bbox 944 4779 1118 4855; x_wconf 68' lang='lat' dir='ltr'>agricolam</span> <span class='ocrx_word' id='word_1_506' title='bbox 1150 4781 1269 4855; x_wconf 73' lang='lat' dir='ltr'>gratim</span> <span class='ocrx_word' id='word_1_507' title='bbox 1297 4780 1347 4855; x_wconf 84' lang='lat' dir='ltr'>qai</span> <span class='ocrx_word' id='word_1_508' title='bbox 1369 4778 1510 4854; x_wconf 89' lang='lat' dir='ltr'>liberum,</span> <span class='ocrx_word' id='word_1_509' title='bbox 1539 4797 1627 4857; x_wconf 88' lang='lat' dir='ltr'>quam</span> <span class='ocrx_word' id='word_1_510' title='bbox 1653 4775 1658 4792; x_wconf 82' lang='lat'>‘</span> 
     </span>
     <span class='ocr_line' id='line_1_51' title="bbox 280 4864 1628 4943; baseline 0.001 -18"><span class='ocrx_word' id='word_1_511' title='bbox 280 4867 332 4943; x_wconf 87' lang='lat' dir='ltr'>qni</span> <span class='ocrx_word' id='word_1_512' title='bbox 353 4884 479 4928; x_wconf 84' lang='lat' dir='ltr'>serrum</span> <span class='ocrx_word' id='word_1_513' title='bbox 523 4867 599 4927; x_wconf 76' lang='lat' dir='ltr'>liam</span> <span class='ocrx_word' id='word_1_514' title='bbox 626 4867 683 4928; x_wconf 84' lang='lat' dir='ltr'>etsi</span> <span class='ocrx_word' id='word_1_515' title='bbox 704 4864 779 4925; x_wconf 87' lang='lat' dir='ltr'>baec</span> <span class='ocrx_word' id='word_1_516' title='bbox 801 4867 930 4926; x_wconf 83' lang='lat' dir='ltr'>varietas</span> <span class='ocrx_word' id='word_1_517' title='bbox 956 4865 994 4925; x_wconf 90' lang='lat' dir='ltr'>ad</span> <span class='ocrx_word' id='word_1_518' title='bbox 1015 4868 1221 4943; x_wconf 86' lang='lat' dir='ltr'>geometricam</span> <span class='ocrx_word' id='word_1_519' title='bbox 1252 4874 1298 4927; x_wconf 94' lang='lat' dir='ltr'>est</span> <span class='ocrx_word' id='word_1_520' title='bbox 1318 4864 1469 4927; x_wconf 76' lang='lat' dir='ltr'>reserenda</span> <span class='ocrx_word' id='word_1_521' title='bbox 1489 4868 1628 4927; x_wconf 85' lang='lat' dir='ltr'>similitu-</span> 
     </span>
    </p>
   </div>
   <div class='ocr_carea' id='block_1_13' title="bbox 0 0 1789 5625">
    <p class='ocr_par' dir='ltr' id='par_1_14' title="bbox 0 0 1789 5625">
     <span class='ocr_line' id='line_1_52' title="bbox 0 0 1789 5625; baseline 0 0"><span class='ocrx_word' id='word_1_522' title='bbox 0 0 1789 5625; x_wconf 95' lang='lat' dir='ltr'> </span> 
     </span>
    </p>
   </div>
  </div>
 </body>
</html>
