3567 5625
754 398 897 469 rpouga.
949 369 954 380 ’
1076 393 1079 407 ·
1435 395 1498 462 esi

148 579 181 631 ut
201 590 293 649 supra
316 572 354 632 ad
376 573 462 634 duem
486 575 600 652 snalys.
625 575 683 636 XI.
705 576 808 637 sedulo
832 581 909 640 cari
954 576 1127 638 harmarus
1147 592 1219 636 raro
1247 591 1300 655 pro
1321 574 1498 645 substantia,

148 669 259 719 motum
290 679 343 737 pro
373 674 479 722 natura
510 664 584 723 lucis
612 668 748 742 nuspiam
778 668 907 743 accipio,
944 665 996 726 ssd
1028 683 1093 725 eum
1127 664 1245 724 diuersa
1274 665 1334 722 sint
1364 663 1520 738 regiones„

147 748 334 823 planetarum
365 759 393 808 et
425 758 522 810 motus
551 769 604 828 per
631 769 699 824 eas,
732 756 847 830 utrique
877 755 925 835 rei
949 770 1035 814 ouum
1063 769 1127 812 esse
1151 759 1285 812 amatum
1314 751 1500 827 asapieotie

148 839 287 896 creatrice
311 840 463 897 inventum
486 838 606 899 doceor
623 841 793 915 regionibus
815 841 934 918 quidem
968 848 1001 901 ut
1027 840 1124 918 spatio
1155 856 1277 916 corpora
1299 839 1429 915 quinque
1452 855 1499 898 re=

146 924 280 1000 gularia,
310 928 398 1002 spatii
421 928 590 1005 participia,
618 929 748 988 motibus
771 947 842 988 vero
865 931 1068 1008 proportiones
1091 927 1284 987 harmonicas.
1328 925 1396 983 ‘libi
1419 943 1499 996 raro,

146 1010 292 1080 Roberte,
321 1012 392 1089 quid
415 1016 564 1092 imputem,
587 1016 676 1074 audi:
706 1015 793 1076 rideo
822 1021 900 1076 enim
922 1025 951 1078 te
980 1016 1010 1076 id
1032 1032 1091 1075 uon
1118 1023 1197 1074 recte
1227 1016 1392 1093 percepisse
1414 1011 1499 1074 flam-

145 1110 259 1157 matum
285 1100 337 1172 ira,
363 1101 442 1178 quod
465 1098 576 1179 scripsi,
602 1097 630 1163 te
652 1106 769 1180 privata
791 1107 906 1181 pictura
928 1103 1068 1166 mundum
1093 1106 1190 1164 auimo
1206 1110 1257 1162 tuo
1277 1103 1499 1176 circumgestarc

146 1188 260 1261 tibique
285 1195 367 1246 tuum
391 1188 473 1248 illum
502 1198 677 1266 conceptum
706 1192 806 1250 muudi
836 1193 1004 1268 subjectum
1033 1207 1099 1254 esse
1132 1191 1321 1249 harmonicas.
1366 1186 1413 1250 Tu
1435 1188 1496 1246 sei·

146 1274 218 1332 licet
249 1273 389 1334 mundum
419 1278 448 1334 in
479 1285 537 1337 tres
565 1280 700 1354 regiones
728 1279 850 1350 dividis,
884 1279 940 1338 lroc
969 1279 1087 1356 quidem
1117 1280 1264 1355 privatum
1294 1275 1423 1335 noudum
1441 1269 1500 1353 bet,

147 1361 226 1419 idem
252 1365 330 1421 enim
353 1372 383 1423 et
405 1364 455 1422 alii
479 1367 608 1425 lecerunt
630 1376 699 1426 ante
723 1376 769 1439 te;
794 1367 858 1442 jam
883 1385 951 1427 uero
979 1365 1112 1443 singular
1142 1368 1277 1442 regiones
1307 1366 1334 1422 in
1364 1363 1423 1423 alia
1446 1364 1501 1421 tria

146 1448 332 1524 subdividis,
362 1451 496 1526 singulos
518 1452 703 1530 planetarum
732 1455 833 1528 orbes,
862 1454 980 1531 singula
1011 1453 1173 1525 elementa,
1201 1461 1271 1512 tunc
1300 1452 1388 1512 ducta
1409 1453 1500 1510 semi-

147 1535 304 1607 diametro,
328 1538 486 1614 particulss
510 1541 574 1616 ejus
597 1531 728 1618 applicas
752 1552 879 1618 quantas
903 1542 984 1602 lubet
999 1543 1131 1617 facieque
1146 1539 1384 1611 monochordum,
1408 1540 1499 1596 vestie

149 1622 225 1682 illud
251 1623 360 1701 duplici
390 1627 541 1704 pyramide
561 1628 683 1705 jamque
707 1647 742 1689 ex
765 1630 821 1688 hac
843 1632 966 1706 pictura,
990 1646 1079 1705 quarn
1094 1636 1208 1705 praeter
1223 1636 1252 1688 te
1275 1628 1389 1685 invenit
1404 1643 1499 1699 nemo,

148 1710 322 1772 harmonias
345 1712 436 1775 elicis.
481 1715 579 1775 Nolim
600 1713 659 1776 'hoc
681 1717 826 1791 crederes,
850 1720 946 1795 ipsam
968 1734 1019 1794 per
1041 1734 1074 1777 se
1102 1720 1245 1794 picturam
1274 1714 1350 1773 hanc
1376 1713 1447 1772 mibi
1471 1716 1499 1770 in

146 1800 244 1857 animo
268 1818 333 1859 esse
363 1800 398 1860 de
428 1803 561 1878 subjecto
594 1812 662 1864 tuse
685 1804 869 1864 harmonicas
893 1805 1051 1881 cogitanti,
1082 1807 1143 1864 scio
1173 1806 1214 1863 rei
1240 1800 1354 1878 aliquid
1376 1802 1498 1862 subesse

148 1889 177 1943 in
211 1895 263 1946 tuo
297 1897 455 1966 conceptu3
482 1889 519 1949 ¹at
549 1891 709 1967 illudjam
733 1891 843 1952 dudum
874 1892 951 1951 ultro
979 1893 1075 1952 lassus
1104 1909 1151 1964 es,
1183 1899 1212 1950 te
1242 1890 1411 1950 harmonias
1434 1897 1500 1947 tuas

147 1976 266 2033 nonnisi
289 1975 436 2036 mediante
466 1976 521 2037 hac
544 1986 596 2038 tua
617 1981 734 2056 privata
766 1979 866 2037 mundi
888 1982 1003 2056 pictura
1033 1979 1165 2055 partibus
1193 1975 1499 2053 muudlapplicasse.

146 2061 218 2137 lpsa
248 2061 301 2124 tint
323 2061 374 2122 lux
398 2066 549 2132 materiam
579 2066 748 2144 suppeditat
774 2069 852 2140 scio,
885 2076 916 2130 st
946 2065 1114 2144 pyramides
1135 2075 1205 2128 tuas
1238 2065 1309 2125 dant
1338 2063 1442 2124 modos
1471 2071 1500 2124 at

41 2227 45 2234 ι
147 2146 297 2224 quandam
321 2150 413 2211 veluti
436 2170 615 2227 mensuram,
647 2157 709 2213 sine
733 2155 841 2230 quibus
868 2153 965 2214 modis
992 2171 1188 2229 mensuraque
1217 2152 1300 2213 nulla
1320 2155 1444 2214 materia
1472 2153 1500 2210 in

146 2236 239 2294 ullam
262 2236 444 2298 harmoniam
468 2242 617 2315 congruit,
640 2243 697 2300 nisi
720 2249 752 2300 tu
775 2243 849 2302 ioris
872 2242 1006 2318 abjures,
1030 2251 1074 2316 te,
1105 2259 1171 2301 oum
1195 2239 1378 2301 diatessaron
1402 2238 1501 2317 appli-

146 2341 231 2383 cares
256 2325 430 2396 urundaois,
461 2327 497 2386 de
520 2327 603 2387 nulla
625 2328 712 2404 plane
736 2347 873 2389 mensura
902 2346 1062 2389 numerous
1094 2332 1249 2405 cogitasse.
1294 2326 1366 2387 Jsm
1388 2335 1450 2387 tute
1473 2338 1502 2388 te
1587 2317 1590 2327 ’

145 2409 302 2487 recollige,
326 2412 469 2488 Roberte,
494 2425 649 2492 tecumque
672 2416 820 2495 expende,
850 2416 1000 2493 quoduam
1022 2416 1161 2494 probrum
1188 2419 1217 2474 in
1241 2424 1269 2476 tc
1294 2415 1457 2491 conjectum
1472 2433 1501 2476 »ο

144 2517 193 2558 me
217 2501 270 2570 sit,
299 2498 368 2560 dum
392 2503 444 2560 tibi
467 2519 524 2578 ego
546 2508 687 2578 picturae
712 2505 824 2564 mandi
850 2521 966 2578 norae,
994 2503 1052 2566 hoc
1074 2513 1119 2566 est
1135 2507 1279 2581 priuatae
1301 2502 1501 2566 inventionem

143 2603 227 2646 mero
251 2590 429 2649 maritatus
453 2592 612 2664 assignari.
1474 2621 1476 2624 ·

236 2673 290 2732 Ad
314 2676 495 2755 Analysin
518 2677 640 2738 XXVI.
686 2678 863 2757 Ecquisnam
885 2679 934 2738 bic
956 2676 1076 2755 Kepleri
1100 2677 1280 2754 triumphus,
1309 2678 1359 2753 qui
1382 2676 1500 2755 paean?

145 2759 298 2838 quoduam
327 2764 457 2825 laudam
486 2779 629 2829 mcurmn
652 2767 908 2829 monumentum?
939 2765 1010 2842 qnid
1039 2769 1166 2842 ingenue
1195 2765 1302 2837 fateor,
1334 2766 1382 2825 uri
1410 2767 1502 2825 cunas

143 2853 246 2927 operis
273 2854 334 2909 mei
361 2856 503 2912 notitiam
533 2874 553 2913 a
574 2858 721 2931 mysteriis
744 2859 805 2916 tais
833 2856 1003 2930 longissime
1028 2852 1129 2915 adhuc
1151 2854 1269 2913 abesae?
1313 2853 1389 2913 Nam
1421 2851 1501 2929 quod
1530 2924 1538 2939 .

143 2938 455 2999 demonstrationibus
476 2941 696 3001 mathematicis
719 2946 980 3003 dementissimum
1003 2941 1212 3002 certitudinem
1241 2957 1362 3017 arrogo,
1390 2941 1420 3001 id
1443 2958 1501 2999 non

144 3025 183 3085 ad
209 3042 257 3083 me
280 3028 432 3101 privatim,
456 3028 507 3087 sed
530 3026 568 3087 ad
591 3032 684 3104 ipsam
706 3031 857 3090 scientiam
881 3031 1014 3107 pertinet.
1044 3027 1116 3103 ‚Qui
1142 3047 1210 3089 rere
1240 3028 1389 3091 dedecoris
1411 3028 1502 3105 abyr·

35 3176 38 3179 ,
142 3130 196 3171 aas
220 3112 408 3188 quomodove
430 3116 460 3172 in
486 3133 552 3174 eum
577 3117 698 3193 sumam
720 3125 808 3177 taam
829 3117 973 3192 denudo,
1005 3115 1084 3193 quod
1115 3116 1228 3177 tradere
1252 3125 1281 3175 te
1313 3116 1379 3176 dico
1402 3116 1502 3194 philo·

142 3199 284 3275 sophiam
318 3201 591 3277 profundissimam,
623 3203 693 3280 quid
724 3207 863 3282 mysteria
893 3206 922 3262 in
952 3203 1004 3262 illa
1033 3204 1163 3263 conierts
1194 3200 1382 3285 celebro?⁵⁵)
1426 3203 1501 3263 Nam

144 3286 230 3363 quud
254 3288 476 3365 perplexissima
499 3290 551 3349 illa
573 3293 712 3367 mysteria
735 3291 807 3362 dixi,
832 3291 860 3350 id
884 3293 984 3351 nescio
1007 3292 1057 3368 qui
1081 3298 1113 3348 tu
1136 3291 1207 3349 mibi
1222 3292 1391 3368 exprobres,
1414 3308 1500 3367 quern

141 3392 180 3434 ne
207 3373 338 3447 dignaris
362 3377 480 3452 quidem
504 3372 617 3437 erudire
648 3382 763 3454 scriptis
787 3381 858 3452 tuis3
889 3380 993 3437 scribis
1016 3380 1094 3437 enim
1124 3378 1194 3453 filiis
1215 3382 1403 3454 sapientiae,
1435 3396 1500 3437 curn

144 3481 195 3522 me
220 3461 313 3520 filium
337 3466 520 3538 ignorantiae
543 3482 713 3540 persuasum
737 3466 856 3526 babeas.
903 3465 976 3523 Mihi
999 3467 1099 3540 itaque
1129 3467 1244 3541 meique
1266 3465 1411 3525 similibus
1434 3483 1500 3543 my·

139 3551 240 3609 steria
266 3562 317 3609 tua
339 3552 478 3628 perplexa
501 3560 578 3621 suut,
601 3551 631 3609 id
654 3561 699 3613 est
728 3555 868 3630 mysteria
891 3553 1053 3628 culpatus
1076 3560 1260 3628 tuorumque,
1289 3570 1364 3627 quos
1386 3552 1501 3626 laudus,

141 3655 254 3698 roseae
280 3641 377 3696 mucis
402 3640 555 3717 fretam,
572 3642 637 3714 ,qui
662 3640 799 3718 ,lugiunt
821 3638 859 3699 ad
885 3640 1009 3713 salices,
1038 3649 1068 3698 et
1089 3657 1120 3698 sc
1136 3641 1259 3715 cupiunt
1282 3649 1350 3699 ante
1373 3640 1498 3700 rideri.“
1523 3652 1527 3659 ‘

139 3727 213 3799 Age
252 3734 381 3800 namque
414 3729 470 3785 nisi
501 3727 662 3787 doctrinam
692 3729 805 3803 J'actcnt
836 3730 900 3804 ipso
934 3725 1097 3803 Evangelio
1135 3726 1254 3787 coelesti
1288 3730 1499 3804 pretiosiorem,

141 3811 300 3890 prodeunt
322 3815 352 3871 in
376 3814 525 3873 hominum
548 3815 750 3891 frequentiam,
773 3814 811 3875 sd
826 3831 907 3874 mare
919 3812 1083 3887 Galilaeae,
1108 3816 1135 3871 in
1158 3822 1300 3887 montem,
1324 3814 1362 3875 ad
1385 3816 1500 3887 festum,

136 3901 297 3958 dimittant
327 3900 488 3977 discipulos
517 3919 568 3978 per
591 3901 713 3962 castella
746 3905 897 3974 etnicos,
929 3910 999 3962 tune
1027 3902 1200 3978 loquantur,
1232 3902 1256 3961 si
1286 3905 1329 3963 its
1350 3902 1437 3976 libet,
1471 3905 1499 3960 iu

133 3986 296 4065 parabolis
318 3988 476 4065 perplexis,
500 3989 615 4069 copiam
638 3990 684 4048 sui
709 3992 845 4067 privatim
868 3990 1284 4053 conventurieutibusiaciant
1306 3997 1334 4049 et
1359 3999 1428 4051 tunc
1442 3992 1499 4048 nisi
1593 4052 1596 4067 ,

132 4081 358 4153 percontemur,
381 4077 437 4136 nisi
462 4076 617 4150 discamus,
641 4076 844 4153 perplexitatis
867 4076 984 4154 culpam
1007 4093 1061 4136 nor
1078 4078 1297 4139 sustinebimus.
1343 4078 1380 4136 Et
1402 4078 1500 4154 quod·

131 4181 212 4223 nam
234 4162 293 4221 hoc
315 4164 355 4221 sit
378 4165 576 4240 opprobrium,
600 4164 679 4240 quod
703 4164 779 4239 dico,
805 4174 856 4224 tua
878 4166 1019 4241 mysteria
1036 4165 1076 4224 ab
1092 4167 1312 4225 accuratissima
1326 4165 1500 4226 certitudine

131 4248 427 4311 demonstrationum
449 4249 721 4311 matbematicarum
744 4252 915 4328 longissime
936 4254 1103 4323 recessisse,
1127 4269 1193 4311 curn
1215 4261 1247 4312 tu
1271 4256 1334 4331 ipse
1357 4253 1386 4312 id
1404 4255 1499 4310 omni-

132 4342 199 4399 bus
224 4339 360 4413 paginis,
384 4339 520 4398 omuibus
543 4356 635 4415 prope
657 4339 744 4399 lineis
768 4340 844 4400 ultro
866 4338 1009 4398 fatearis?
1053 4338 1228 4416 Pyramides
1250 4342 1362 4417 pingis,
1393 4358 1499 4399 nume·
1557 4382 1561 4387 -
1652 4332 1655 4337 ’

129 4445 188 4486 ros
215 4434 246 4484 et
270 4443 421 4487 mensuras
444 4425 667 4487 mathematicas
690 4428 841 4504 applicas,
873 4444 927 4486 nee
949 4443 1000 4485 sas
1024 4428 1070 4485 vis
1100 4444 1153 4484 nos
1178 4430 1283 4488 intueri
1316 4427 1408 4489 oeulis
1431 4446 1499 4487 ma·

127 4515 326 4584 thematicis,
358 4530 412 4574 nec
435 4513 584 4591 applicare
608 4517 716 4592 pateris
738 4518 861 4576 circinos
883 4512 1023 4573 metiendi
1050 4530 1149 4574 causa.
1196 4514 1421 4575 Mathematicus
1445 4516 1498 4575 rie·

126 4604 371 4662 monstrationes
394 4601 469 4662 adeo
492 4600 593 4679 procul
617 4600 725 4673 habes,
760 4612 792 4661 nt
818 4603 933 4662 disertis
958 4600 1054 4659 verbis
1085 4618 1137 4659 eas
1160 4611 1329 4662 contemnas
1363 4606 1496 4677 interque

124 4691 211 4751 vani
234 4691 341 4765 capitis
365 4689 470 4751 deliria
491 4690 618 4763 rejicias.
663 4688 709 4748 De
743 4691 891 4767 mysteriis
923 4687 1042 4749 tandem
1072 4705 1118 4747 mc
1146 4690 1190 4747 ais
1221 4688 1313 4765 loqui.
1359 4689 1496 4751 Etiamne

122 4782 196 4841 hoc
221 4794 343 4853 quoque
365 4776 573 4838 uindicandum
596 4776 720 4835 censes?
757 4776 816 4838 Sed
840 4797 858 4837 a
880 4784 909 4836 te
932 4774 1009 4837 male
1032 4774 1180 4835 intellecta
1204 4774 1296 4836 dico?
1331 4777 1397 4835 Nou
1413 4777 1493 4847 dico;

120 4875 241 4949 potest
265 4868 331 4942 qais
354 4882 454 4929 secum
476 4868 540 4942 ipse
562 4864 672 4941 optime
696 4863 861 4943 intelligere
884 4873 1031 4924 semesum
1045 4862 1185 4940 'aliquod
1211 4863 1290 4941 qued
1311 4862 1496 4927 demonstra-
