3567 5625
613 411 617 428 ο
730 446 764 506 dc
781 446 937 506 monis.
1465 455 1506 517 39

162 629 204 693 nit
218 628 285 677 malo
309 626 431 678 limacum
452 632 561 678 autorem
578 642 680 696 graece,
705 642 779 693 quam
803 641 931 692 perperam
955 631 983 680 in
1009 629 1115 680 latinum
1138 642 1276 680 monam
1303 643 1447 684 conversum
1471 630 1506 679 la·

162 699 210 746 tina
227 698 317 757 lagare.

242 766 339 816 chmit
365 768 526 817 iibarsclalcka
550 771 591 819 leh
615 770 655 818 dia
680 770 839 818 Harmoniam
855 770 993 820 Ptolemaei
1014 783 1100 832 gratam
1123 770 1174 818 und
1200 770 1241 819 die
1264 769 1426 821 Harmoniam
1444 771 1506 820 Por·

160 839 345 900 phyrli‘graaca
367 844 393 887 at
415 839 507 903 latine,
534 855 589 894 cum
607 840 688 890 tertiis
705 840 864 890 Harmoniam
890 842 1014 902 anonymi
1050 841 1112 889 Will
1137 855 1197 902 garn
1215 841 1258 890 das
1278 840 1361 892 Harrn
1378 841 1507 892 Jndlciusn
1532 849 1537 860 '

161 909 261 958 darhbar
277 910 439 972 remansuro,
462 910 587 960 dallaicht
604 911 654 960 hab
671 911 711 970 ich
730 911 858 970 assalbst,
870 912 971 960 vertiam
989 912 1049 961 oder
1066 913 1188 961 remorso
1209 912 1300 965 lassam
1336 912 1380 962 Ich
1398 913 1442 962 bin
1460 915 1506 962 sti·
1554 907 1559 916 ’

160 981 240 1028 mulirt
255 979 373 1038 vordcn,
398 980 478 1030 dines
496 995 636 1030 zusammen
658 980 766 1030 druckan
792 996 822 1030 zu
848 981 945 1043 lassen,
972 981 1078 1031 dariibar
1104 983 1144 1030 ich
1162 984 1216 1032 sain
1235 982 1374 1031 Gutachtan
1397 984 1506 1032 anhdren

160 1050 244 1100 sollte.
279 1048 329 1097 Dia
348 1050 483 1100 Harmonia
500 1050 631 1115 Porphyrii
652 1065 709 1114 says
732 1057 801 1101 sonat
825 1053 866 1101 nio
890 1066 922 1102 zn
939 1052 1021 1102 Trucls
1045 1052 1167 1124 leuamen.
1204 1053 1250 1108 (lix
1268 1054 1373 1116 epistola
1393 1051 1417 1105 d.
1437 1052 1459 1103 d.
1479 1053 1504 1112 6.

31 1185 32 1204 χ
160 1118 228 1170 hart.
248 1115 345 1185 16⁰7),

236 1279 257 1330 Ε
275 1278 382 1343 Koplari
398 1280 559 1343 responsione
577 1275 616 1345 (d.
634 1293 719 1329 manaa
737 1281 800 1368 Apu*
815 1278 890 1334 taut.
911 1281 956 1335 cir.
968 1282 1012 1331 ΙΠ-
1030 1294 1055 1344 ps
1070 1278 1135 1345 ltu)
1152 1281 1214 1331 haac
1227 1282 1277 1331 uua
1295 1278 1423 1331 sacranda
1434 1285 1503 1331 sunt:

234 1508 353 1570 Literna
376 1517 459 1584 tuas,
489 1507 647 1586 Magnifice
669 1517 699 1570 et
720 1420 909 1571 adaldago
932 1509 1002 1584 Vir,
1033 1528 1100 1571 eum
1125 1510 1265 1570 librorum
1292 1509 1432 1571 fasciculo
1459 1511 1505 1573 his

31 1589 32 1598 ’
158 1596 253 1657 dicbus
274 1613 387 1674 magna
408 1597 522 1657 laetitia
543 1598 653 1674 accepi.
689 1597 783 1675 Igitur
805 1601 904 1658 statim
926 1597 964 1658 ad
980 1598 1214 1676 respondendum
1235 1614 1402 1672 conversus,
1426 1598 1506 1676 quod

158 1685 355 1760 magnimdine
387 1684 548 1745 officiorum
578 1702 637 1745 uon
666 1702 805 1763 possum,
837 1686 1048 1762 promtitudine
1077 1689 1107 1747 at
1132 1687 1276 1764 obsequio
1298 1689 1401 1746 matari
1423 1681 1506 1748 vetii

157 1788 243 1833 mam
264 1772 485 1851 gratitudinem.

236 1852 382 1920 llxo'rdiar
412 1876 517 1920 amco
545 1859 677 1921 discursu
704 1861 888 1934 tamenim,
919 1864 1092 1938 quaestione
1120 1877 1192 1942 usus
1215 1860 1367 1939 ambigua,
1397 1857 1512 1937 quibus'

158 1948 374 2008 exauctoribus
389 1948 533 2008 elementa
546 1948 636 2024 huius
651 1949 799 2011 tmuium
814 1950 923 2009 hauriri
939 1952 1062 2026 possint
1096 1948 1287 2023 Dubitabam,
1310 1965 1405 2008 meam
1419 1951 1507 2008 htam

157 2036 302 2110 muneres,
336 2053 374 2095 an
391 2036 485 2098 *illam
515 2043 656 2101 veterum.
701 2037 733 2098 Si
762 2043 905 2098 veterum:
937 2037 1030 2098 edidit
1051 2036 1242 2117 Dasypodius
1260 2034 1390 2096 Euclidis
1412 2036 1506 2097 Elem.
1593 2055 1597 2060 ·

157 2121 250 2182 Harm.
274 2122 394 2183 Graeca
416 2126 490 2183 citra
512 2123 784 2185 demonstrationes.
829 2123 901 2186 lnde
924 2124 1107 2185 definitiones
1137 2125 1325 2186 terminorum
1351 2127 1412 2201 peti
1434 2139 1507 2201 pos·

157 2217 226 2270 sunt
265 2210 317 2271 Ad
341 2207 619 2274 demonstrationum
640 2212 820 2273 intellectum
841 2214 998 2288 requiritur
1013 2215 1141 2289 cognitio
1163 2206 1393 2290 proportionum,
1417 2227 1506 2288 quam

158 2297 310 2372 Boethius,
336 2296 521 2374 domandus,
544 2298 611 2360 dac.
632 2300 728 2360 Faber
749 2302 779 2358 in
801 2302 863 2359 suis
887 2299 1102 2375 Arithmetieis,
1126 2299 1201 2360 alius
1230 2317 1266 2359 ex
1288 2299 1348 2359 also
1371 2302 1506 2373 mutuati,
1621 2362 1626 2374 ,

157 2385 314 2462 tradidere;
345 2385 522 2471 Glareanum
551 2386 601 2446 diu
631 2397 677 2450 ast
708 2406 743 2449 cx
767 2404 825 2464 quo
847 2404 906 2447 non
930 2386 1009 2462 vidi,
1036 2387 1116 2448 hunc
1138 2388 1239 2449 crebro
1261 2385 1373 2463 allegat
1394 2386 1506 2446 Anthu-

157 2474 211 2534 aiua
232 2474 346 2547 Italus,
377 2473 414 2534 de
436 2491 495 2551 qno
514 2489 646 2552 nuper,⁴
662 2484 735 2552 puto
762 2474 839 2534 hunc
865 2478 1088 2552 epitomatorem
1120 2475 1208 2550 hujus
1232 2475 1380 2534 doctrinae
1402 2473 1506 2534 haberi

156 2577 245 2637 passe.
291 2560 365 2622 Vidi
387 2561 488 2637 aliqua
510 2568 539 2622 at
561 2565 592 2622 in
616 2562 814 2641 Cyclopaedia
837 2561 887 2624 Jo.
911 2562 1043 2624 Thomas
1065 2564 1183 2640 Freigii.
1221 2561 1273 2621 Sin
1296 2561 1331 2622 de
1353 2578 1419 2622 meo
1442 2561 1505 2621 dis·

158 2665 235 2709 cursu
258 2651 395 2727 quaeris:
426 2657 498 2726 putu
521 2667 567 2710 me
589 2653 619 2708 in
642 2650 734 2710 literis
762 2651 861 2711 omnia
883 2652 1028 2728 tetigisse,
1060 2668 1136 2727 quae
1158 2657 1274 2728 praeter
1295 2649 1346 2710 lib.
1368 2648 1410 2725 X„
1433 2648 1505 2709 Ele·

156 2746 315 2797 mentorum
339 2736 470 2798 Euclidis
492 2744 561 2797 sunt
579 2733 757 2800 hecessaria.
802 2736 940 2797 Omnium
968 2751 1038 2800 vero
1061 2740 1203 2817 optimum
1232 2743 1304 2815 puto
1333 2739 1505 2822 magistrum

31 2834 32 2849 ³
156 2828 382 2903 experientiam,
414 2829 440 2885 ai
470 2842 557 2903 snper
587 2828 715 2887 cavimte
745 2825 860 2903 aliqua,
891 2844 968 2904 quae
990 2828 1061 2887 lecit
1085 2828 1300 2900 resonantiam,
1332 2826 1504 2887 extendetur

31 2940 32 2945 ¹
157 2911 259 2973 chorda
281 2929 387 2987 aenea
410 2921 441 2973 et
462 2916 615 2990 supposito
632 2913 778 2991 megedin,
802 2931 864 2988 seu,
887 2922 921 2973 ut
935 2915 1129 2992 appellamus,
1152 2915 1292 2992 ephippio
1307 2914 1408 2975 mobili
1430 2911 1504 2994 (sui-

31 3020 32 3033 ,
155 2998 210 3060 icit
229 3000 330 3080 stylus
351 2999 400 3061 vel
421 3000 545 3077 Ιίειιοιιι,
569 3001 607 3061 ad
630 3002 768 3062 chordam
791 3001 957 3079 applicatus
979 3003 1139 3077 levissime,
1161 3006 1204 3062 sic
1225 3008 1259 3062 nt
1272 3018 1409 3063 mamone
1431 2996 1531 3061 snb·‘

152 3086 256 3162 jectum
287 3087 410 3166 planum
439 3090 581 3166 attingere
610 3091 704 3166 possit
734 3088 772 3149 ad
800 3088 966 3150 iaciendum
995 3091 1110 3166 signum
1137 3091 1165 3147 ia
1189 3106 1224 3151 au
1246 3089 1327 3163 loco,
1360 3090 1411 3149 ubi
1439 3106 1505 3148 cum

155 3176 292 3254 ephippio
316 3172 513 3255 consistimus)
535 3177 701 3239 oberremus
724 3176 762 3237 ad
778 3175 895 3239 derbes
918 3186 948 3237 et
962 3178 1095 3237 sinistras
1111 3175 1237 3237 chordae
1252 3184 1359 3254 partos,
1383 3175 1505 3237 subinde

155 3271 307 3342 unamque
328 3271 442 3340 partem
465 3263 607 3338 chordas,
631 3267 669 3325 ah
693 3264 832 3342 ephippio
855 3258 943 3341 quasi
964 3264 1087 3338 divisae,
1110 3262 1276 3341 pulsantes,
1301 3281 1396 3341 caque
1417 3265 1507 3324 missa

153 3349 255 3426 libera,
289 3358 383 3411 totam
406 3367 524 3427 quoqne
552 3352 641 3429 pulsu
663 3360 819 3415 tentantes.
864 3351 990 3429 Reliqua
1019 3355 1224 3429 permittuntur
1244 3353 1359 3413 aurium
1383 3350 1505 3427 judicio.

31 3492 33 3521 ,
154 3437 225 3498 Nam
246 3441 276 3500 si
294 3439 496 3515 judicaverint
517 3457 612 3513 aures,
636 3456 798 3502 consonare
820 3447 933 3516 partam
957 3449 1111 3518 unamque
1133 3457 1199 3500 cum
1221 3446 1293 3513 tota,
1315 3439 1369 3499 fiat
1389 3440 1507 3515 signum

155 3525 274 3588 inloco
297 3526 451 3586 divisionis
472 3541 560 3604 snper
582 3527 686 3604 plano,
709 3535 739 3587 et
762 3535 945 3588 mensuratur
966 3536 1092 3605 utraque
1114 3526 1268 3604 longitudo
1292 3534 1432 3587 extensae
1455 3526 1508 3586 da·

153 3629 236 3690 anper
259 3615 353 3691 partis
376 3612 517 3675 chordae:
544 3622 616 3675 tune
636 3615 808 3692 apparebit,
836 3614 940 3692 quales
962 3618 1177 3675 comtitnautur
1198 3615 1411 3691 proportiones.
1456 3613 1509 3672 ln·

31 3728 32 3807 ζ
152 3701 265 3761 tardum
287 3710 387 3779 partas
411 3703 485 3761 inter
513 3718 545 3762 aa
569 3704 773 3763 consonabunt
801 3709 832 3762 at
854 3709 959 3762 nauus
988 3719 1054 3762 oum
1077 3708 1156 3778 tota,
1188 3701 1332 3762 interdum
1359 3717 1428 3779 pars
1449 3717 1510 3761 una
1545 3700 1546 3703 ’

153 3791 327 3849 consonabit
348 3805 415 3848 cum
437 3795 509 3862 tota,
531 3789 645 3866 reliqua
668 3797 698 3850 et
720 3790 757 3849 ab
780 3788 838 3849 hac
861 3796 891 3850 et
914 3778 1019 3849 a’tota
1037 3789 1218 3851 dissonmte.
1253 3790 1322 3849 Fiat
1344 3788 1450 3849 deinde
1473 3806 1510 3850 ex

31 3922 33 3963 3
152 3875 277 3937 chordae
300 3873 486 3952 longitudine
508 3876 644 3952 circulus,
667 3878 844 3939 coeuntibus
867 3877 1015 3953 capitibus
1031 3880 1211 3941 extensionis
1226 3874 1396 3939 chordaein
1410 3893 1510 3951 unum,

152 3971 179 4023 ct
198 3964 390 4026 manentibus
410 3965 503 4040 signia
519 3965 708 4038 divisionum,
732 3971 762 4024 et
773 3963 932 4040 judicetur,
955 3981 993 4025 an
1009 3982 1111 4026 varum
1133 3964 1265 4038 dixerim,
1289 3981 1391 4025 omnes
1404 3963 1511 4040 hujus-

150 4053 227 4112 modi
244 4059 352 4130 partes
375 4050 476 4111 drcnh
498 4069 562 4113 esse
585 4051 845 4113 demonstrabiles:
877 4069 955 4128 quae
977 4069 1048 4113 veru
1076 4069 1135 4112 non
1168 4049 1432 4126 concordaverant,
1463 4053 1511 4110 in·

154 4137 411 4200 demonstrabiles.

235 4228 312 4289 Cum
340 4243 433 4303 nuper
455 4226 652 4302 scripsissem,
680 4226 816 4288 carebam
845 4225 943 4287 adhuc
969 4225 1147 4303 supellectili
1174 4225 1302 4287 libraria
1346 4225 1452 4302 ltaque
1475 4224 1512 4286 da

150 4312 313 4376 Ptolemaei
333 4313 521 4374 Harmonicis
544 4312 659 4393 latinis,
690 4331 767 4391 quac
789 4315 862 4374 clim
890 4313 929 4373 ad
952 4331 999 4373 ms
1022 4316 1051 4373 in
1075 4314 1203 4391 Styriam
1227 4314 1349 4386 misisti,
1380 4329 1416 4373 cx
1439 4311 1510 4372 bibl.

151 4399 296 4463 Bararica
319 4400 467 4474 desumto,
497 4402 664 4478 mproasius
696 4402 826 4462 scobere
852 4418 911 4461 non
939 4402 1034 4478 potui.
1078 4400 1170 4461 Salva
1195 4413 1263 4461 snnt
1284 4408 1324 4480 et,
1355 4401 1381 4459 si
1412 4401 1455 4458 nti
1476 4401 1513 4460 iis

152 4489 278 4551 voluerit
301 4489 343 4549 tl.
367 4488 445 4569 Tua,
465 4488 646 4566 postliminio
669 4496 860 4552 revertentur.
906 4487 959 4548 Sin
986 4494 1086 4548 autem
1108 4486 1222 4566 aliquid
1254 4504 1342 4549 ame
1371 4487 1514 4547 inlibris

150 4593 217 4637 mas.
240 4578 383 4655 praestari
407 4579 505 4653 cupis,
529 4575 567 4636 ad
591 4576 670 4654 quod
692 4575 774 4637 libris
795 4576 897 4647 latims
920 4576 1069 4653 impressis
1092 4575 1165 4635 mihi
1192 4593 1266 4653 opus
1286 4576 1387 4650 luerit,
1419 4574 1455 4635 de
1478 4591 1514 4635 ao

96 4664 105 4683 '
151 4681 195 4724 me
216 4668 358 4742 proximis
379 4663 471 4725 literis
494 4663 640 4725 edocebis.
683 4663 873 4741 Gugaqinum
895 4666 1014 4741 ineptas
1035 4664 1180 4723 versionis
1202 4678 1384 4751 nonarguo,
1408 4669 1439 4723 at
1461 4662 1508 4724 la·

150 4753 242 4812 tinum
265 4760 378 4813 textum
402 4752 589 4812 obscuritatis
610 4753 640 4809 in
655 4754 779 4812 materia
793 4755 890 4812 minus
905 4754 982 4811 trita
1021 4749 1065 4808 lio
1080 4751 1136 4810 tibi
1152 4748 1332 4826 exemplum:
1355 4752 1399 4809 sic
1420 4752 1513 4809 vertit

152 4836 324 4917 Gogavinus
354 4841 569 4917 inscriptionem
593 4834 698 4916 capitis
727 4838 836 4900 ultimi:
869 4849 922 4918 ,ut
944 4839 1101 4899 errantium
1123 4832 1274 4899 stellarum
1296 4829 1511 4897 familiaritates

31 4960 32 4963 ι
152 4936 352 5006 comparentur
380 4929 411 4986 in
433 4946 507 5006 qnae
528 4926 638 4987 habent
659 4929 754 4987 soni.“
801 4926 874 5005 Quis
897 4927 972 4988 haec
998 4924 1151 5004 intelligit,
1180 4927 1236 4988 etsi
1266 4925 1389 5001 uerbum
1415 4925 1506 4986 uerbo
