3567 5625
280 368 343 432 846
792 368 941 428 Ptolemmi
956 369 1109 430 Harmas

277 540 448 602 hamonem
465 542 499 600 ab
518 543 577 600 allis
596 545 735 616 creatmis,
755 560 833 616 quse,
851 545 950 602 mentis
968 553 1115 617 compotes,
1133 544 1193 602 illas
1210 545 1423 617 perciperesunt
1433 552 1521 616 aptas.
1550 546 1619 604 Vide

178 633 185 658 ¹
276 619 338 675 libri
354 622 407 678 mai
422 625 512 693 quarti
529 623 617 694 capite
633 625 721 680 tertio.
846 623 854 634 “
911 683 916 694 ,

364 699 436 756 Nota
452 702 500 758 Ν.
535 705 574 760 Iu
591 707 664 772 sotus,
683 705 729 773 ait,
746 707 791 772 tis,
809 721 878 776 quac
895 707 1029 774 reprimo
1046 712 1153 762 mouent
1178 721 1297 775 quaeqae
1318 710 1382 760 atat
1398 707 1517 763 raucae
1529 710 1620 778 porti

276 777 358 847 doio,
376 781 512 836 cvidcatcr
528 784 649 853 covupioi
663 790 792 838 naturam
803 784 1000 840 harmonicam.
1034 784 1103 837 Nam
1116 785 1205 837 omnia
1222 782 1329 853 quidem
1348 782 1404 838 suis
1416 792 1540 841 constare
1557 804 1619 857 pro-

276 856 461 927 portiombus,
479 860 507 914 in
526 860 568 915 his
587 862 717 916 contineri
737 862 862 922 salutem,
889 863 915 915 in
935 862 1076 917 contrariis
1094 863 1244 930 interitum,
1264 860 1311 917 sed
1329 860 1356 915 id
1376 865 1476 919 nonin
1495 866 1619 921 omnibus

277 947 338 988 esse
355 938 545 1006 conspicuum,
573 956 628 996 non
646 947 719 996 certe
745 941 772 994 ln
796 943 925 1000 materiae
948 940 1167 1012 alterationibns;
1194 957 1265 1011 qnae
1290 941 1420 1010 subjectio
1446 941 1563 998 refertur
1584 944 1619 999 ad

276 1012 484 1102 praemissorum
501 1020 650 1073 membrum
668 1019 795 1085 alteram,
818 1021 891 1091 qnod
910 1021 1030 1090 dixerat,
1054 1024 1143 1077 omnia
1161 1024 1217 1080 suis
1243 1033 1368 1081 constare
1391 1023 1620 1091 proportionibus,

208 1163 211 1170 Ι
276 1097 358 1179 attam
375 1094 523 1150 secundnm
541 1104 656 1156 motum,
674 1098 727 1153 hoc
744 1106 787 1153 est
805 1099 895 1154 omnia
912 1100 985 1169 gigni
1002 1103 1124 1168 undem,
1149 1103 1281 1159 sicertae
1299 1104 1488 1160 alterationnm
1506 1117 1619 1172 propor-

276 1176 365 1225 tiones
382 1177 595 1245 praecesserint,
618 1177 660 1235 val
678 1179 701 1231 si
719 1185 809 1233 certae
827 1180 882 1234 sint
907 1180 934 1235 in
952 1196 981 1235 re
998 1181 1058 1250 ipsa
1075 1184 1263 1253 proportiones
1287 1185 1448 1252 qualitatum
1467 1189 1495 1237 et
1513 1181 1621 1249 quanti·

276 1254 371 1319 tatum,
390 1259 446 1305 tum
464 1270 623 1322 permanere
640 1256 679 1310 rei
698 1272 774 1311 suam
792 1257 917 1326 formano
938 1261 961 1314 si
979 1276 1043 1314 voro
1061 1261 1205 1317 turbentur
1221 1261 1293 1330 illae,
1310 1264 1407 1331 perire.
1443 1262 1503 1316 Hoc
1518 1260 1622 1315 Aristo·

276 1324 359 1396 tales,
377 1335 458 1418 punto,
481 1336 573 1390 masia
591 1335 710 1404 appellnt
727 1337 929 1392 elementorum.
964 1338 1062 1408 Neque
1080 1347 1172 1396 umen
1189 1341 1251 1396 ideo
1273 1340 1342 1397 haec
1359 1340 1515 1397 harmonica
1531 1355 1621 1393 rerum

277 1415 417 1474 proporuo
435 1427 484 1479 pro
502 1412 636 1469 efficiente
654 1430 736 1470 causa
754 1417 941 1486 constituitur;
961 1418 989 1472 in
1002 1417 1102 1473 talibus
1115 1417 1262 1475 materiatis
1285 1427 1313 1474 et
1329 1418 1497 1475 naturalibus
1514 1416 1624 1481 suflicit,

277 1490 308 1538 ut
326 1502 408 1542 cansa
427 1489 469 1559 sit,
489 1492 546 1545 sine
564 1506 618 1561 qua
635 1508 697 1546 uon.
735 1492 857 1548 Observa
874 1511 937 1550 vero
956 1494 1000 1552 hic
1015 1495 1122 1551 modum
1141 1495 1281 1565 loquendi:
1302 1499 1490 1554 ›Rormoaico
1505 1498 1579 1553 ratio
1596 1502 1624 1552 ct

272 1578 326 1654 ptr
343 1568 436 1622 oomrb
453 1575 479 1625 ct
496 1571 697 1626 accuratissime
713 1578 806 1628 utetur
821 1574 852 1629 in
863 1575 990 1645 ιιιὺᾰιιιίι
1007 1577 1088 1632 rcbtts
1101 1579 1294 1648 proportiones
1304 1577 1502 1633 temonem·
1537 1568 1623 1642 Quasi

278 1648 315 1694 sut
326 1640 422 1733 aliqua
440 1662 534 1717 causa,
562 1665 643 1719 quam
661 1650 790 1706 rationem
810 1652 942 1723 appellat,
969 1652 1031 1709 lusa
1049 1667 1098 1723 per
1114 1670 1158 1708 res
1176 1654 1317 1710 universas
1343 1661 1371 1709 et
1389 1659 1515 1722 separata
1532 1668 1548 1706 a
1567 1653 1622 1708 sin·

277 1721 356 1790 gnus,
375 1723 531 1782 harmoniae
548 1727 576 1782 in
593 1726 648 1782 illis
665 1736 766 1784 auctor.
803 1731 835 1786 In
854 1748 958 1788 summe
975 1732 1036 1801 ipsa
1052 1732 1092 1786 rei
1109 1731 1243 1787 evidentia
1254 1732 1411 1789 Ptolemaeo
1439 1739 1467 1786 st
1482 1732 1621 1799 ignoranti

279 1814 371 1854 vocem
389 1803 462 1859 illum
480 1807 653 1874 Virgilianam
671 1810 808 1877 exprimit:
833 1811 921 1866 Deum
940 1813 979 1866 ire
997 1827 1046 1880 per
1063 1827 1157 1867 omnes
1178 1820 1265 1872 terras
1282 1811 1441 1880 tractusque
1462 1811 1543 1864 maris
1562 1826 1624 1866 coe·

277 1876 386 1950 lamque
403 1885 575 1951 profundum.

366 1963 464 2032 Itaque
481 1971 603 2037 agnoscit
620 1971 700 2028 aliam
718 1972 850 2027 rationem
869 1969 1058 2038 sublunarem,
1078 1985 1147 2039 quae
1166 1969 1246 2024 etiam
1265 1976 1380 2024 mentem
1405 1968 1520 2024 hominis
1539 1968 1624 2024 ratio-

278 2052 393 2122 nemque
410 2043 479 2112 (ejus
497 2037 653 2106 facultatem
670 2055 761 2122 unam)
780 2053 807 2106 in
825 2051 1010 2106 harmonicum
1029 2056 1153 2103 ornatum
1171 2048 1321 2118 descripsit.

327 2166 334 2180 ,
365 2120 438 2177 Nota
455 2124 487 2180 V.
525 2128 648 2200 Onusam,
667 2147 716 2186 cur
732 2147 787 2187 non
804 2130 1052 2187 animadvertantur
1069 2128 1256 2198 proportiones
1274 2128 1303 2182 in
1321 2128 1447 2196 materia,
1465 2127 1567 2197 allegat
1584 2127 1625 2182 in-

279 2194 454 2289 autunum
472 2204 539 2274 eJ‘us.
575 2208 635 2263 Hoc
652 2209 743 2265 mulus
760 2209 846 2266 modis
865 2207 978 2276 intelligi
995 2217 1097 2279 potest
1134 2207 1184 2262 Vel
1203 2207 1288 2271 enim,
1306 2205 1379 2277 quod
1397 2215 1461 2262 sunt
1481 2208 1626 2262 materiata

279 2288 307 2326 ιιι
326 2282 454 2335 mnhnuo
471 2294 616 2353 augmento
634 2295 682 2342 aut
700 2288 884 2353 decremento,
903 2295 933 2342 ut
949 2288 976 2341 in
995 2287 1104 2344 animali
1115 2287 1217 2342 sanius
1235 2293 1263 2340 et
1274 2287 1386 2356 morbus
1405 2284 1625 2342 instabilissimas

280 2349 380 2442 habent
398 2362 592 2430 successiones,
611 2371 642 2420 ut
659 2366 758 2422 animal
777 2365 833 2420 lere
851 2383 989 2435 nunquam
1008 2365 1051 2423 vel
1067 2382 1136 2436 pure
1154 2380 1247 2420 sanum
1266 2364 1302 2418 sit
1319 2362 1362 2416 vel
1379 2379 1448 2433 pure
1460 2361 1624 2425 morbidum

278 2427 361 2499 “litut
379 2442 434 2492 tam
451 2442 598 2499 secudum
617 2444 721 2514 copiam
738 2445 880 2501 humorum
899 2445 970 2499 inter
982 2460 1011 2499 se
1031 2445 1205 2512 diversorum,
1222 2460 1303 2513 quam
1316 2443 1464 2498 secundum
1477 2442 1624 2513 qualitates

281 2516 401 2598 corporis
418 2533 453 2573 ex
471 2520 529 2576 aliis
548 2523 638 2579 causis
656 2525 812 2579 existentes.
848 2523 950 2590 Quodsi
975 2522 1032 2577 iere
1050 2536 1188 2590 nunqnam
1206 2522 1298 2576 existit
1315 2522 1342 2575 iu
1360 2521 1469 2576 animab
1485 2522 1525 2591 id,
1553 2521 1627 2593 quod

277 2599 383 2655 Justum
410 2603 437 2651 et
455 2599 606 2656 dimensum
629 2609 684 2671 est,
711 2618 776 2672 ergo
795 2603 875 2656 etiam
894 2603 1052 2672 principium
1080 2617 1134 2655 non
1156 2601 1237 2656 datur
1261 2601 1510 2671 comprehensionis
1533 2601 1627 2670 justae

179 2719 185 2730 .
280 2674 475 2745 proportionis,
502 2680 568 2747 quia
590 2680 636 2735 hic
653 2681 741 2744 locum
759 2680 842 2736 hahet
866 2680 934 2735 illud
952 2680 1071 2733 axioma:
1099 2677 1172 2747 quod
1198 2678 1264 2734 nihil
1282 2681 1374 2735 veniat
1398 2679 1627 2745 inintellectum,

281 2750 353 2820 quod
370 2766 425 2808 non
443 2756 518 2824 prins
540 2760 623 2816 fuerit
640 2761 668 2816 in
685 2776 775 2817 sensu.
812 2761 887 2817 Haec
906 2767 996 2817 autem
1018 2767 1084 2815 trino
1102 2757 1269 2815 solummodo
1295 2758 1383 2816 locum
1402 2758 1519 2829 babent,
1545 2761 1569 2816 si
1586 2761 1627 2814 in·

280 2827 407 2889 tellectns
424 2852 479 2892 non
496 2837 578 2895 luerit
595 2842 634 2895 rei
652 2840 855 2910 cognoscendae
873 2840 1049 2908 architectus,
1074 2854 1162 2907 aeque
1180 2836 1267 2892 ideam
1290 2854 1341 2897 nac
1362 2840 1538 2908 archetypum
1564 2839 1626 2905 ejus

281 2928 374 2971 eccum
392 2919 466 2973 intus
484 2918 687 2989 cucnmgcstet,
705 2920 792 2989 qualis
810 2919 857 2974 ille
875 2934 935 2975 esse
954 2919 1060 2973 debeat.
1096 2908 1165 2971 Nam
1183 2917 1236 2972 hoc
1254 2919 1277 2972 si
1294 2925 1381 2986 esset,
1404 2924 1434 2972 ut
1452 2917 1541 2972 estin
1560 2917 1626 2972 divi·

281 2994 323 3077 nis
341 2996 463 3066 adeoque
480 2996 562 3051 edam
579 2997 606 3052 in
624 2998 749 3053 humanis
761 2998 898 3067 operibus,
916 2996 1061 3054 tuncnihil
1073 2993 1266 3063 impediretrei
1278 2994 1449 3063 instabilitas,
1468 2996 1627 3064 quominus

281 3069 314 3124 vis
332 3067 482 3141 momentis,
515 3075 613 3144 quibus
631 3083 720 3132 motus
737 3078 765 3132 in
781 3077 996 3149 proportionalia
1013 3077 1099 3143 venit,
1127 3074 1267 3144 proportio
1290 3081 1467 3143 agnoscatur,
1494 3072 1627 3142 siquidem

281 3148 437 3207 intellectus
454 3152 499 3207 ille
518 3153 675 3211 facultatem
693 3155 794 3212 habeat
810 3154 1000 3225 percipiendae
1022 3153 1062 3209 rei
1080 3160 1159 3207 extra
1177 3168 1206 3208 se
1231 3152 1403 3206 constitutae.
1440 3151 1500 3220 Quo
1518 3151 1628 3205 nomine

281 3227 387 3284 videtur
404 3246 459 3284 non
478 3231 640 3288 instabilitas
660 3234 828 3304 accusanda,
857 3234 904 3289 sed
924 3234 1046 3290 ducatus
1061 3231 1201 3289 facultatis
1219 3230 1385 3301 percipiendi
1403 3247 1446 3299 ea,
1468 3245 1539 3299 qnae
1558 3230 1629 3285 fiunt

282 3309 311 3363 in
329 3309 464 3365 continuis
482 3312 609 3366 materiae
628 3311 831 3368 alterationibus
850 3313 1000 3369 secundum
1018 3319 1147 3380 quantuor
1167 3318 1194 3365 et
1212 3311 1299 3380 quale.
1334 3310 1409 3398 Nihil
1431 3326 1497 3365 sane
1515 3309 1628 3379 impedit

284 3386 371 3442 Deum
388 3388 551 3446 instabilitas
569 3400 691 3447 motuum
708 3391 932 3462 planetariorum,
961 3408 1015 3460 quo
1033 3391 1122 3447 minus
1139 3389 1286 3446 tardissimi
1310 3390 1345 3444 ad
1363 3387 1547 3444 velocissimos
1565 3404 1628 3457 pro·

283 3467 484 3539 portionentur,
510 3471 632 3540 quamvis
649 3473 786 3527 ramesimc
810 3472 937 3541 planetae
955 3470 1023 3526 fiant
1049 3471 1118 3526 alter
1136 3467 1336 3533 velocissimus,
1363 3466 1434 3522 alter
1458 3466 1630 3522 tardissimus

275 3544 363 3602 simul
383 3550 483 3605 eodem
505 3558 635 3622 tempora.
670 3544 746 3607 Nihil
770 3550 883 3619 impedit
907 3556 1030 3605 naturam
1055 3548 1228 3603 sublunarem
1256 3553 1390 3615 perpetua
1414 3551 1441 3600 et
1465 3560 1573 3613 semper
1590 3544 1631 3598 in·

284 3624 405 3694 aeomlis
423 3629 554 3699 digresm
571 3629 742 3700 planetarum
759 3630 830 3686 inter
848 3645 891 3696 sc,
921 3644 976 3700 qua
993 3628 1121 3683 distantia
1138 3625 1260 3694 ipsorum
1287 3638 1394 3693 semper
1412 3623 1546 3691 variatur,
1574 3640 1630 3692 qno

285 3702 373 3759 minus
391 3707 462 3765 hanc
479 3708 527 3764 illa
544 3710 756 3780 comprehendat
774 3718 802 3766 et
819 3709 976 3764 harmonica
994 3708 1027 3763 ab
1045 3705 1213 3763 inconcinnis
1224 3704 1369 3770 discernat,
1388 3703 1489 3772 qnippe
1500 3700 1631 3773 temporis

285 3780 371 3850 ipsius
391 3784 509 3843 dhoreta
531 3788 694 3844 evolutione.
732 3787 807 3844 Nihil
832 3787 945 3858 impedit
964 3787 1086 3849 auditum
1104 3787 1277 3842 concinnast
1300 3781 1433 3839 instabilis
1451 3783 1568 3847 intensio
1590 3781 1632 3839 vel

284 3862 406 3919 remissio
426 3865 541 3937 alicujus
560 3866 691 3936 chordae,
719 3868 754 3922 ad
772 3865 853 3922 aliam
871 3866 1001 3935 collatae,
1029 3882 1083 3936 quo
1105 3865 1193 3919 minus
1218 3862 1419 3933 deprehendat,
1446 3861 1545 3931 quibus
1567 3862 1631 3919 illae

284 3945 426 4000 momentis
445 3953 602 4014 consonent,
621 3946 719 4016 quibus
738 3945 887 4002 dissonent.
924 3948 961 4001 At
979 3945 1124 4016 qualitates
1142 3944 1258 4013 primae,
1277 3941 1408 4011 calidum,
1427 3940 1562 4010 frigidum,
1581 3941 1631 3996 hn-

197 4040 200 4047 ·
247 4024 250 4029 '
285 4022 395 4093 midam,
414 4026 522 4093 siccum,
541 4033 623 4094 atque
642 4026 722 4080 etiam
742 4025 859 4097 qualitas
877 4026 1074 4095 quadamtenus
1092 4039 1141 4078 sen
1158 4022 1236 4077 molis
1255 4020 1452 4092 responderis,
1471 4020 1556 4075 tactuu
1569 4026 1634 4074 munt

286 4100 409 4169 objecta,
434 4110 524 4157 motus
542 4118 605 4158 vero
624 4105 671 4172 (sc
690 4106 751 4175 ipso
770 4105 927 4162 Ptolemaeo
946 4105 1069 4173 doctore,
1098 4100 1270 4172 praecedenti
1288 4100 1392 4170 capite)
1417 4097 1512 4153 rudior
1534 4113 1633 4155 sensus

176 4234 179 4243 „
286 4191 329 4235 est
350 4188 377 4236 et
398 4180 568 4250 obliviosior,
588 4190 644 4238 tnm
663 4182 831 4253 percipiendi
849 4182 1040 4253 proportiones
1060 4183 1227 4249 objectorum
1246 4196 1356 4235 suorum
1375 4178 1537 4233 nonhabet.
1573 4178 1637 4234 Etsi

286 4258 357 4314 onim
375 4258 498 4315 animans
515 4267 590 4317 tactu
607 4261 734 4331 percipit,
761 4261 826 4331 qnid
845 4261 897 4316 sibi
915 4261 1011 4330 quovis
1035 4265 1156 4330 tempore
1174 4258 1330 4323 conveniat,
1356 4257 1385 4311 id
1402 4264 1491 4311 umen
1518 4257 1636 4326 percipit

286 4356 341 4395 non
360 4338 509 4395 secundum
528 4358 667 4397 nnmerum
685 4342 835 4410 specierum
854 4339 1031 4401 diversarum,
1060 4344 1091 4392 ut
1108 4345 1172 4391 sunt
1196 4335 1224 4388 in
1242 4335 1405 4391 harmonicis
1431 4324 1553 4390 diversae
1570 4351 1634 4390 con·

287 4418 440 4487 sonantiae,
464 4419 513 4475 sed
531 4426 636 4476 tantum
660 4420 807 4478 secundum
826 4419 956 4475 unitatem
975 4416 1177 4474 convenientiae
1196 4431 1277 4485 suae,
1302 4423 1333 4469 ut
1351 4415 1374 4469 si
1392 4414 1465 4469 auris
1488 4414 1516 4467 in
1534 4427 1634 4481 genere

288 4513 408 4554 consona
426 4498 569 4568 percipiat,
597 4498 748 4555 edissenis
765 4498 898 4554 laedatur.
934 4497 996 4551 Non
1014 4503 1057 4550 est
1074 4495 1156 4563 igitur
1178 4494 1247 4549 haec
1271 4492 1409 4562 perceptio
1435 4491 1544 4562 proprie
1561 4506 1633 4545 oom-

288 4579 418 4649 parativa,
437 4578 501 4649 qnia
512 4579 706 4637 numerositate
718 4585 801 4645 curet,
814 4593 869 4630 non
880 4575 963 4645 igitur
975 4581 1038 4642 apta
1049 4571 1277 4641 proportionibus,
1296 4586 1366 4640 quae
1378 4571 1497 4626 numeris
1509 4577 1635 4625 utuntur.

289 4656 406 4724 Deinde,
426 4659 476 4714 etsi
494 4659 534 4713 sic
552 4658 775 4729 qualitercunque
793 4655 911 4726 percipit
928 4652 1050 4708 animans
1069 4667 1113 4719 ea,
1139 4666 1208 4722 quae
1227 4659 1290 4706 sunt
1308 4649 1351 4704 vel
1368 4649 1439 4705 intre
1457 4664 1500 4719 se,
1519 4649 1562 4704 vel
1579 4650 1633 4702 um

287 4736 407 4793 inierunt
424 4738 530 4807 corpori
549 4755 612 4806 suo,
636 4746 665 4791 at
682 4750 737 4791 non
755 4732 911 4790 extenditur
929 4731 963 4788 ad
982 4747 1026 4800 ea,
1055 4746 1124 4801 quac
1152 4737 1215 4785 sunt
1233 4736 1323 4796 extra,
1351 4734 1382 4783 ut
1409 4724 1519 4783 auditus
1539 4725 1635 4780 ,femur

290 4815 370 4875 etiam
387 4815 422 4871 ad
440 4833 522 4876 sonos
540 4825 685 4877 extraneos
729 4814 818 4872 Causa
836 4815 891 4878 est,
911 4811 976 4881 quia
992 4808 1139 4865 visibilium
1165 4815 1193 4864 et
1208 4806 1365 4864 audibilium
1389 4804 1495 4877 species
1518 4819 1566 4861 seu
1585 4801 1632 4857 de·
