3567 5625
266 429 329 490 tta
511 402 514 409 Ι
547 386 552 394 ¹
678 425 719 483 De
737 422 1001 496 Conflgnmtionibua
1017 425 1198 482 Harmonicis.

265 605 326 665 lars
348 618 513 683 possumus,
536 611 678 682 quantum
701 605 820 681 quidem
841 606 928 665 nobis
950 603 986 665 de
1007 607 1043 664 lis
1066 606 1236 668 constiterit.
1280 602 1378 666 Unum
1394 612 1508 664 tantum
1530 597 1619 682 prae·

266 692 439 753 mittendum
462 708 585 765 censeo,
609 691 846 770 distinguendum
868 711 932 753 esse
954 695 1031 753 inter
1053 694 1165 771 species
1188 695 1266 772 ipsas
1288 686 1528 763 mathematicas,
1561 696 1618 750 cir·

267 779 365 840 culum
387 786 417 839 et
439 797 537 839 arcum
561 780 640 856 ejus,
671 782 804 857 interque
827 783 1076 858 comparationem
1106 798 1222 855 eorum,
1254 787 1283 841 et
1309 779 1366 840 boc
1388 780 1469 854 ideo,
1502 782 1573 856 quia
1595 781 1619 837 si

266 869 381 947 species
411 870 492 945 ipsae
521 885 574 927 een
603 871 717 927 termini
748 868 938 929 collocandae
968 877 1035 926 sunt
1063 873 1141 927 intus
1171 871 1199 926 in
1229 871 1327 928 aalma
1357 870 1420 927 sine
1443 869 1618 946 receptione,
1728 880 1730 888 ¹

266 956 477 1031 multomagis
500 954 666 1031 harmonia,
696 974 772 1034 quae
797 966 841 1016 est
863 960 937 1017 inter
960 956 1026 1014 illas
1050 965 1161 1033 partes,
1190 959 1219 1015 in
1242 963 1339 1015 mente
1362 953 1534 1016 collocanda
1556 957 1619 1027 crit,

266 1050 379 1103 utnon
410 1043 519 1103 babeat
542 1046 698 1103 essentiam
730 1062 814 1104 suam
837 1052 919 1105 extra
943 1042 1040 1115 illam,
1076 1047 1184 1121 quippe
1207 1061 1270 1103 cnm
1301 1044 1365 1120 ejus
1392 1046 1518 1104 essentia
1548 1059 1620 1101 con-

267 1133 353 1199 sistat
382 1132 411 1188 in
435 1135 552 1192 actione
574 1130 682 1208 aliqua-
703 1135 808 1192 mentis
837 1135 914 1192 cirea
937 1134 1049 1208 species
1072 1131 1146 1190 illas.
1192 1132 1230 1189 lit
1257 1130 1382 1191 circulus
1405 1131 1523 1208 quidem
1555 1147 1621 1189 cum
1700 1198 1704 1203 ,

267 1219 393 1279 arcubus
416 1220 459 1278 sic
482 1230 550 1278 sunt
573 1222 600 1276 in
625 1221 736 1291 anima,
770 1229 800 1279 ut
828 1223 901 1279 citra
923 1221 1151 1279 controversiam
1180 1222 1239 1278 sint
1269 1221 1358 1278 etiam
1387 1220 1415 1275 in
1445 1217 1620 1293 sensilibus;

267 1314 299 1365 at
321 1306 489 1380 harmonia,
522 1316 666 1384 quaeest
693 1310 768 1365 inter
790 1307 929 1367 circulum
959 1307 1082 1383 ejusque
1104 1313 1232 1384 partem,
1264 1304 1363 1383 quoad
1392 1304 1513 1365 turmale
1536 1322 1621 1363 suum

266 1393 352 1455 nullo
372 1392 460 1452 modo
484 1403 529 1454 est
551 1402 633 1455 extra
656 1398 797 1468 animam,
825 1405 968 1471 utsupra
996 1396 1092 1471 patuit
1120 1395 1253 1472 exemplo
1275 1396 1398 1453 numeri.
1443 1392 1514 1454 Jam
1535 1400 1621 1452 vete-

267 1498 332 1541 rum
354 1490 527 1558 argumenta
554 1489 621 1541 sunt
651 1485 808 1560 praecipue
837 1482 872 1542 de
904 1482 1059 1561 speciebus
1085 1482 1172 1559 ipsis,
1203 1498 1233 1542 re
1256 1482 1441 1559 simpliciori3
1469 1482 1622 1542 harmonia

269 1584 341 1630 vero
363 1587 409 1629 res
432 1576 477 1628 est
499 1572 592 1647 magis
616 1574 787 1647 composita.
1680 1586 1682 1592 ⁴

356 1656 394 1715 ut
423 1656 479 1717 boc
506 1665 551 1717 est
581 1656 753 1717 discriminis
782 1660 857 1717 iuter
886 1655 1093 1729 Aristotelem,
1129 1654 1297 1725 Platonem,
1327 1655 1465 1715 Proclnm
1498 1672 1534 1715 ex
1563 1673 1623 1714 una

270 1751 362 1822 parto,
385 1747 518 1821 interque
541 1742 741 1806 Ptolemaeum
766 1763 801 1804 ex
823 1746 924 1805 altera
971 1744 1019 1802 Illi
1043 1747 1121 1803 enim
1144 1744 1179 1802 de
1201 1762 1260 1803 esse
1274 1745 1440 1819 specierum
1463 1742 1622 1820 disputant,

269 1832 458 1894 Ptolomaeus
487 1830 524 1892 de
551 1850 610 1892 esse
636 1834 825 1894 demoratae.
869 1831 928 1892 Sed
952 1831 1114 1891 Ptolemaei
1143 1838 1255 1891 textum
1285 1848 1339 1891 nos
1370 1834 1400 1889 in
1430 1831 1622 1909 appendicem

270 1922 362 1979 totius
384 1922 480 1997 operis
502 1920 677 1996 rejiciamus,
700 1939 737 1981 ne
759 1919 957 1997 nobis,'quod
980 1921 1063 1979 initio
1086 1920 1190 1995 capitis
1214 1920 1401 1994 verebamur,
1425 1921 1526 1979 turbas
1550 1936 1624 1978 con·

270 2010 354 2082 cltst3
384 2006 451 2066 illos
482 2024 567 2081 vero,
599 2010 650 2085 qui
678 2010 895 2086 appositissime
924 2006 961 2066 ad
992 2014 1174 2085 praesentem
1200 2007 1432 2085 speculationem
1454 2006 1622 2083 loquuntur,

266 2095 329 2173 jam
351 2095 514 2154 audiemus.
558 2090 561 2097 ’

357 2182 394 2242 Bt
416 2181 549 2242 Platonis
573 2181 691 2259 quidem
715 2182 751 2243 de
773 2183 861 2242 rebus
883 2182 1098 2242 mathematicis
1125 2184 1270 2241 sententia
1292 2182 1366 2241 baec
1389 2189 1464 2242 erata
1495 2189 1625 2241 mentem

271 2269 430 2329 humanam
452 2287 552 2330 omnes
575 2278 605 2331 ot
626 2273 739 2348 specics
762 2288 815 2330 sen
837 2270 946 2347 figuras
974 2278 1003 2329 et
1026 2271 1175 2351 axiomata
1200 2275 1229 2329 et
1252 2269 1452 2336 conclusiones
1478 2269 1513 2329 de
1536 2271 1624 2329 rebus

270 2375 302 2417 se
325 2359 390 2434 ipsa
413 2357 547 2418 edoctam
572 2376 651 2432 esse;
682 2377 747 2418 cum
770 2372 841 2418 vero
866 2357 1002 2417 videatur
1025 2356 1147 2430 erudiri,
1179 2355 1210 2416 id
1232 2355 1304 2416 nibil
1327 2356 1408 2416 aliud
1432 2374 1511 2430 csse,
1536 2374 1624 2433 quam

270 2444 418 2505 admoneri
441 2463 494 2522 per
516 2445 727 2523 diagrammata
750 2445 870 2506 sensilia
890 2462 986 2505 rerum
1010 2462 1126 2518 earum,
1156 2461 1230 2522 quas
1253 2462 1352 2504 secum
1375 2449 1441 2523 ipsa
1463 2448 1543 2505 sciat.
1582 2442 1625 2503 ld

271 2534 412 2611 singulari
441 2533 564 2594 artificio
594 2541 794 2610 repraesentat
820 2535 849 2590 in
873 2532 1015 2610 dialogis,
1038 2532 1203 2593 introducto
1225 2548 1334 2611 pusro,
1367 2536 1432 2610 qui,
1463 2540 1582 2610 rogatus
1605 2549 1624 2591 a

272 2624 427 2698 magistro,
450 2619 608 2699 respondet
631 2625 728 2682 omnia
750 2622 788 2680 ad
813 2628 923 2681 votum.
1008 2640 1012 2649 ·

362 2709 538 2770 Aristoteles
560 2716 662 2769 contra
683 2712 713 2767 in
737 2708 951 2786 Metapbysicis
974 2708 1169 2768 commentum
1191 2707 1250 2768 boc
1272 2706 1403 2785 appellat
1427 2711 1509 2787 loyor
1527 2710 1625 2768 alnu-

197 2867 200 2878 ,
271 2802 401 2872 naraon,
424 2820 497 2874 προς
519 2821 570 2874 rna
592 2792 734 2859 bacbacar
754 2799 957 2873 βεβιασμενοὲς
984 2814 1039 2856 nee
1061 2797 1138 2857 enim
1165 2796 1240 2856 baec
1266 2794 1474 2858 mathematica
1503 2798 1625 2857 seorsim

271 2902 291 2943 a
312 2883 470 2944 sensilibus
493 2897 618 2962 usquam
640 2888 824 2958 subsistere,
839 2901 894 2945 nec
915 2884 1004 2944 aliam
1028 2902 1091 2944 esse
1114 2883 1230 2943 illorum
1254 2879 1482 2959 subsistentiam,
1505 2901 1541 2943 ne
1558 2887 1625 2961 qui-

271 2973 336 3032 dem
358 2969 389 3029 iu
411 2979 524 3045 mente,
553 2975 610 3031 nisi
638 2991 675 3034 ea
695 2977 825 3045 ratione,
855 2990 916 3048 qua
942 2979 1039 3030 cetera
1061 2971 1240 3032 universalia
1267 2978 1335 3029 sunt
1363 2975 1393 3031 in
1416 2979 1527 3044 mente,
1557 2989 1624 3031 cum

273 3061 418 3120 essentiae
441 3060 548 3136 ipsius,
577 3078 672 3120 rerum
694 3060 847 3123 sensilium
869 3059 1059 3136 singularium
1083 3062 1196 3135 species
1219 3076 1270 3137 per
1294 3058 1491 3120 definitionem
1513 3060 1624 3119 sorma-
1686 3067 1693 3100 ⁸

272 3157 320 3205 tur
342 3150 372 3204 in
394 3156 508 3219 mente,
541 3150 639 3225 itaque
670 3152 767 3227 priora
791 3147 909 3224 quidem
939 3153 1003 3206 esse
1026 3146 1182 3207 sensilibus
1210 3155 1239 3206 et
1261 3147 1391 3206 abstrahi
1420 3147 1624 3220 asensilibus,

273 3241 304 3292 at
326 3251 385 3292 non
408 3252 455 3308 re,
478 3234 529 3294 sed
561 3244 703 3313 conceptu
726 3238 840 3296 mentis.
887 3232 944 3295 Ubi
974 3233 1151 3309 notandum,
1185 3232 1264 3311 quod
1287 3233 1475 3308 Aristoteles,
1507 3238 1624 3311 quoties

271 3322 331 3381 lere
360 3339 415 3380 usu
444 3325 527 3383 venit
555 3331 588 3382 ut
609 3326 740 3383 nominet
768 3319 908 3402 generum
930 3322 1202 3383 mathematicorum
1233 3339 1321 3380 unum
1349 3323 1469 3400 aliquod
1499 3322 1624 3400 exempli

207 3433 212 3440 ’
272 3412 377 3487 gratia,
401 3427 515 3486 semper
537 3420 589 3470 aut
611 3419 751 3488 punctum
774 3412 913 3483 nominet,
937 3417 989 3468 aut
1010 3410 1126 3485 lineam,
1151 3417 1203 3492 aut
1222 3410 1412 3486 superficiem,
1436 3419 1487 3471 sut
1510 3427 1624 3487 corpus,

273 3505 326 3557 aut
347 3514 516 3572 numerum,
540 3516 617 3575 quae
639 3508 708 3559 sunt
730 3503 758 3558 in
782 3497 1019 3576 praedicamento
1043 3500 1215 3574 quantitatis
1238 3514 1351 3557 summa
1373 3516 1496 3575 genera3
1528 3516 1624 3576 quan·

197 3639 202 3648 .
273 3585 388 3644 tltaium
412 3603 492 3658 vero,
516 3589 546 3643 in
569 3596 710 3664 quantum
734 3595 801 3648 suut
823 3586 933 3659 figurae
957 3594 987 3644 et
1008 3587 1037 3642 in
1054 3595 1159 3662 quarta
1174 3588 1271 3662 speeie
1287 3585 1437 3662 qualitatis
1461 3583 1527 3668 (ubi
1543 3584 1623 3646 aliud

247 3711 251 3720 ·
274 3680 319 3732 est
341 3675 469 3749 ipsarum
492 3675 659 3749 materiale,
684 3675 849 3751 quantitas,
874 3673 953 3732 aliud
977 3673 1111 3743 formale,
1137 3670 1244 3754 figura)
1272 3691 1324 3749 per
1346 3672 1399 3733 bas
1421 3674 1540 3749 quidem
1563 3672 1624 3739 dis-

271 3761 441 3838 putatlones
471 3760 505 3819 fit
526 3765 636 3821 mentio
664 3765 824 3833 rarissima,
856 3764 1050 3836 inquantum
1082 3761 1254 3832 relationes,
1286 3761 1373 3838 plane
1402 3761 1493 3820 nulla.
1540 3762 1637 3821 Adeo,

275 3846 392 3924 quidem
415 3849 503 3907 etiam
526 3848 724 3910 harmonicam
746 3851 898 3910 scientiam
920 3851 1003 3924 punit
1025 3849 1169 3925 speculari
1194 3849 1230 3908 de
1253 3849 1334 3907 nulla
1356 3867 1401 3922 re,
1430 3851 1486 3908 nisi
1509 3848 1545 3908 de
1568 3866 1625 3910 vo-

193 3939 199 3946 '
274 3936 356 3994 cibus
380 3933 474 4010 deque
497 3936 533 3995 iis
555 3954 613 3996 non
637 3936 730 4011 aliter,
753 3939 810 3996 nisi
833 3938 861 3992 in
886 3946 1027 4011 quantum
1050 3935 1118 3995 illae
1141 3945 1209 3996 stant
1231 3938 1335 4000 lineae.
1358 3938 1445 4013 plane
1467 3943 1501 3996 ut
1517 3938 1624 4013 optica.

275 4022 322 4080 De
343 4021 506 4081 intervallis
529 4041 599 4083 vero
621 4024 772 4100 linearum,
797 4039 872 4100 quae
895 4031 963 4082 sunt
984 4026 1133 4100 proportio
1155 4024 1270 4104 (relatio
1286 4025 1431 4096 nimimm,
1455 4032 1484 4084 et
1499 4041 1534 4084 ea
1558 4026 1625 4100 qui·

276 4108 341 4169 dem
365 4109 542 4186 qualitativa
566 4118 595 4170 et
617 4110 760 4192 figurata),
784 4131 821 4171 ne
844 4112 971 4169 somniat
993 4111 1110 4186 quidem
1133 4130 1261 4188 unquam
1280 4111 1461 4172 Aristoteles.
1505 4109 1625 4171 Nullum

275 4200 375 4273 itaque
398 4196 518 4256 dubium
544 4208 603 4273 est,
633 4203 702 4276 quin
727 4200 848 4259 ulterius
871 4216 1077 4275 progressurus
1105 4199 1243 4259 fueritin
1267 4199 1322 4258 bac
1353 4200 1570 4277 speculatione,
1601 4199 1626 4258 si

273 4284 489 4346 mathematicis
511 4285 746 4361 profundioribus
769 4285 817 4367 (de
839 4284 1029 4345 intellectuali
1057 4286 1212 4362 figuramm
1242 4287 1426 4364 possibilium
1444 4295 1487 4349 'st
1514 4290 1626 4364 impos·

275 4373 402 4433 sibilium
426 4372 597 4447 differentia,
621 4391 680 4451 qua
703 4374 738 4435 de
761 4392 814 4434 nos
838 4374 951 4449 egimus
975 4373 1052 4432 libro
1066 4372 1104 4454 I.)
1126 4375 1228 4436 fuisset
1243 4377 1381 4435 imbutus.
1426 4375 1460 4433 ln
1484 4383 1626 4452 quantum

275 4462 363 4537 igitur
385 4460 422 4520 de
444 4463 565 4521 summis
588 4464 759 4538 quantitatis
782 4462 937 4538 generibus
962 4461 1107 4538 disputat,
1139 4462 1224 4523 lacile
1248 4466 1354 4535 vincit,
1378 4466 1493 4524 nemine
1515 4480 1625 4539 repug-

276 4554 382 4623 nante3
406 4548 486 4626 quod
507 4567 576 4609 vero
589 4551 629 4607 'iu
652 4552 820 4609 universum
843 4552 934 4618 (etiam
953 4553 987 4606 de
1007 4552 1150 4621 speciebus
1167 4551 1315 4610 individuis
1333 4552 1510 4619 [formaliter]‚
1529 4558 1560 4606 ut
1579 4552 1628 4607 cir·

186 4673 191 4682 -
276 4637 351 4703 culo,
377 4639 483 4707 trigono
504 4645 573 4712 etc.)
592 4637 740 4697 concludit
764 4647 793 4696 et
816 4637 969 4697 Platonem
999 4635 1143 4697 stultitiae
1169 4637 1273 4717 hujus,
1303 4655 1391 4712 quam
1413 4639 1476 4712 ipse
1502 4637 1559 4694 sibi
1585 4641 1629 4695 est

276 4722 463 4796 imaginatus,
487 4742 568 4784 raum
590 4728 719 4803 peragit,
753 4724 879 4800 deniqne
902 4723 984 4801 ‘quod
1011 4727 1145 4802 picturae
1168 4724 1339 4784 Platonicae
1370 4725 1405 4783 de
1428 4741 1519 4800 puero
1543 4723 1628 4784 «adro

280 4809 404 4884 dadonem
428 4812 490 4885 ipse
513 4813 635 4890 opponit
656 4815 799 4889 picturam
823 4812 1015 4885 contrariam,
1044 4823 1169 4873 mentem
1193 4829 1325 4871 asserens
1352 4829 1383 4871 se
1406 4813 1471 4888 ipsa
1494 4829 1628 4881 vacuam,

207 4929 211 4936 =
276 4909 335 4954 uon
358 4902 471 4956 mutum
495 4901 671 4977 cognitionis
694 4908 809 4960 ceterae
840 4908 870 4959 et
892 4899 1162 4961 mathematicorum
1183 4917 1338 4977 generum,
1371 4895 1422 4960 s'ed
1447 4901 1539 4960 etiam
1559 4916 1629 4979 spe-
