<?xml version="1.0" encoding="UTF-8"?>
<!DOCTYPE html PUBLIC "-//W3C//DTD XHTML 1.0 Transitional//EN"
    "http://www.w3.org/TR/xhtml1/DTD/xhtml1-transitional.dtd">
<html xmlns="http://www.w3.org/1999/xhtml" xml:lang="en" lang="en">
 <head>
  <title>
</title>
<meta http-equiv="Content-Type" content="text/html;charset=utf-8" />
  <meta name='ocr-system' content='tesseract 3.04.00' />
  <meta name='ocr-capabilities' content='ocr_page ocr_carea ocr_par ocr_line ocrx_word'/>
</head>
<body>
  <div class='ocr_page' id='page_1' title='image "./joanniskepleria24frisgoog_0356.png"; bbox 0 0 3567 5625; ppageno 0'>
   <div class='ocr_carea' id='block_1_1' title="bbox 256 373 1231 479">
    <p class='ocr_par' dir='ltr' id='par_1_1' title="bbox 256 373 1231 479">
     <span class='ocr_line' id='line_1_1' title="bbox 256 373 1231 479; baseline -0.009 -6"><span class='ocrx_word' id='word_1_1' title='bbox 256 413 320 476; x_wconf 77' lang='lat'><strong>334</strong></span> <span class='ocrx_word' id='word_1_2' title='bbox 619 407 764 479; x_wconf 82' lang='lat' dir='ltr'><strong>Appendix</strong></span> <span class='ocrx_word' id='word_1_3' title='bbox 778 406 817 468; x_wconf 74' lang='lat' dir='ltr'><strong>sd</strong></span> <span class='ocrx_word' id='word_1_4' title='bbox 834 406 932 466; x_wconf 85' lang='lat' dir='ltr'><strong>librum</strong></span> <span class='ocrx_word' id='word_1_5' title='bbox 949 406 981 464; x_wconf 81' lang='lat' dir='ltr'><strong>V.</strong></span> <span class='ocrx_word' id='word_1_6' title='bbox 999 373 1231 464; x_wconf 84' lang='lat' dir='ltr'><strong>Harmonioornm</strong></span> 
     </span>
    </p>
   </div>
   <div class='ocr_carea' id='block_1_2' title="bbox 188 586 1669 2417">
    <p class='ocr_par' dir='ltr' id='par_1_2' title="bbox 252 586 1669 1979">
     <span class='ocr_line' id='line_1_2' title="bbox 254 586 1640 665; baseline -0.002 -20"><span class='ocrx_word' id='word_1_7' title='bbox 254 587 323 646; x_wconf 87' lang='lat' dir='ltr'><strong>rias.</strong></span> <span class='ocrx_word' id='word_1_8' title='bbox 340 593 448 658; x_wconf 76' lang='lat' dir='ltr'><strong>(xxii.)</strong></span> <span class='ocrx_word' id='word_1_9' title='bbox 490 586 545 648; x_wconf 88' lang='lat' dir='ltr'><strong>Ille</strong></span> <span class='ocrx_word' id='word_1_10' title='bbox 563 593 659 647; x_wconf 76' lang='lat' dir='ltr'><strong>tamen</strong></span> <span class='ocrx_word' id='word_1_11' title='bbox 669 590 764 665; x_wconf 77' lang='lat' dir='ltr'><strong>pergit</strong></span> <span class='ocrx_word' id='word_1_12' title='bbox 783 589 821 649; x_wconf 95' lang='lat' dir='ltr'><strong>ob</strong></span> <span class='ocrx_word' id='word_1_13' title='bbox 832 588 862 649; x_wconf 90' lang='lat' dir='ltr'><strong>id</strong></span> <span class='ocrx_word' id='word_1_14' title='bbox 876 590 952 650; x_wconf 90' lang='lat' dir='ltr'><strong>inter</strong></span> <span class='ocrx_word' id='word_1_15' title='bbox 962 589 1082 650; x_wconf 82' lang='lat' dir='ltr'><strong>Terram</strong></span> <span class='ocrx_word' id='word_1_16' title='bbox 1100 598 1130 648; x_wconf 88' lang='lat' dir='ltr'><strong>et</strong></span> <span class='ocrx_word' id='word_1_17' title='bbox 1143 604 1251 664; x_wconf 87' lang='lat' dir='ltr'><strong>aquam</strong></span> <span class='ocrx_word' id='word_1_18' title='bbox 1267 594 1396 648; x_wconf 88' lang='lat' dir='ltr'><strong>statuere</strong></span> <span class='ocrx_word' id='word_1_19' title='bbox 1408 586 1600 660; x_wconf 74' lang='lat' dir='ltr'><strong>diatessaron,</strong></span> <span class='ocrx_word' id='word_1_20' title='bbox 1637 613 1640 618; x_wconf 94' lang='lat'><strong>·</strong></span> 
     </span>
     <span class='ocr_line' id='line_1_3' title="bbox 256 672 1602 753; baseline 0 -20"><span class='ocrx_word' id='word_1_21' title='bbox 256 677 312 733; x_wconf 85' lang='lat' dir='ltr'><strong>tris</strong></span> <span class='ocrx_word' id='word_1_22' title='bbox 337 690 406 733; x_wconf 81' lang='lat' dir='ltr'><strong>vero</strong></span> <span class='ocrx_word' id='word_1_23' title='bbox 429 672 492 748; x_wconf 84' lang='lat' dir='ltr'><strong>ejus</strong></span> <span class='ocrx_word' id='word_1_24' title='bbox 514 675 678 748; x_wconf 81' lang='lat' dir='ltr'><strong>intervalla,</strong></span> <span class='ocrx_word' id='word_1_25' title='bbox 702 684 812 751; x_wconf 89' lang='lat' dir='ltr'><strong>tonum,</strong></span> <span class='ocrx_word' id='word_1_26' title='bbox 836 686 951 751; x_wconf 90' lang='lat' dir='ltr'><strong>tonum,</strong></span> <span class='ocrx_word' id='word_1_27' title='bbox 975 678 1177 747; x_wconf 83' lang='lat' dir='ltr'><strong>semitonium,</strong></span> <span class='ocrx_word' id='word_1_28' title='bbox 1200 675 1293 734; x_wconf 87' lang='lat' dir='ltr'><strong>trihus</strong></span> <span class='ocrx_word' id='word_1_29' title='bbox 1316 674 1464 753; x_wconf 88' lang='lat' dir='ltr'><strong>applicare</strong></span> <span class='ocrx_word' id='word_1_30' title='bbox 1486 675 1602 753; x_wconf 85' lang='lat' dir='ltr'><strong>spatiis,</strong></span> 
     </span>
     <span class='ocr_line' id='line_1_4' title="bbox 252 760 1601 838; baseline 0.001 -17"><span class='ocrx_word' id='word_1_31' title='bbox 252 777 378 833; x_wconf 87' lang='lat' dir='ltr'><strong>summo,</strong></span> <span class='ocrx_word' id='word_1_32' title='bbox 402 760 508 835; x_wconf 90' lang='lat' dir='ltr'><strong>medio,</strong></span> <span class='ocrx_word' id='word_1_33' title='bbox 532 766 605 838; x_wconf 88' lang='lat' dir='ltr'><strong>imo;</strong></span> <span class='ocrx_word' id='word_1_34' title='bbox 628 764 752 822; x_wconf 85' lang='lat' dir='ltr'><strong>camilli</strong></span> <span class='ocrx_word' id='word_1_35' title='bbox 774 773 869 825; x_wconf 85' lang='lat' dir='ltr'><strong>certas</strong></span> <span class='ocrx_word' id='word_1_36' title='bbox 891 782 928 825; x_wconf 83' lang='lat' dir='ltr'><strong>ex</strong></span> <span class='ocrx_word' id='word_1_37' title='bbox 950 767 1047 834; x_wconf 83' lang='lat' dir='ltr'><strong>causis</strong></span> <span class='ocrx_word' id='word_1_38' title='bbox 1069 766 1131 824; x_wconf 86' lang='lat' dir='ltr'><strong>auis</strong></span> <span class='ocrx_word' id='word_1_39' title='bbox 1154 764 1342 838; x_wconf 82' lang='lat' dir='ltr'><strong>quantitates.</strong></span> <span class='ocrx_word' id='word_1_40' title='bbox 1369 765 1426 820; x_wconf 88' lang='lat' dir='ltr'><strong>ista</strong></span> <span class='ocrx_word' id='word_1_41' title='bbox 1448 779 1486 823; x_wconf 83' lang='lat' dir='ltr'><strong>ne</strong></span> <span class='ocrx_word' id='word_1_42' title='bbox 1508 769 1601 822; x_wconf 73' lang='lat' dir='ltr'><strong>metus</strong></span> 
     </span>
     <span class='ocr_line' id='line_1_5' title="bbox 255 848 1602 927; baseline -0.001 -19"><span class='ocrx_word' id='word_1_43' title='bbox 255 849 374 927; x_wconf 89' lang='lat' dir='ltr'><strong>quidem</strong></span> <span class='ocrx_word' id='word_1_44' title='bbox 396 866 415 908; x_wconf 88' lang='lat' dir='ltr'><strong>a</strong></span> <span class='ocrx_word' id='word_1_45' title='bbox 436 859 550 922; x_wconf 85' lang='lat' dir='ltr'><strong>natura,</strong></span> <span class='ocrx_word' id='word_1_46' title='bbox 573 868 725 911; x_wconf 83' lang='lat' dir='ltr'><strong>mensuras</strong></span> <span class='ocrx_word' id='word_1_47' title='bbox 748 867 817 912; x_wconf 81' lang='lat' dir='ltr'><strong>vero</strong></span> <span class='ocrx_word' id='word_1_48' title='bbox 840 851 999 913; x_wconf 91' lang='lat' dir='ltr'><strong>secundum</strong></span> <span class='ocrx_word' id='word_1_49' title='bbox 1021 851 1095 911; x_wconf 87' lang='lat' dir='ltr'><strong>haee</strong></span> <span class='ocrx_word' id='word_1_50' title='bbox 1116 849 1337 926; x_wconf 84' lang='lat' dir='ltr'><strong>generalissima</strong></span> <span class='ocrx_word' id='word_1_51' title='bbox 1351 852 1494 926; x_wconf 90' lang='lat' dir='ltr'><strong>principia</strong></span> <span class='ocrx_word' id='word_1_52' title='bbox 1515 848 1602 926; x_wconf 88' lang='lat' dir='ltr'><strong>plane</strong></span> 
     </span>
     <span class='ocr_line' id='line_1_6' title="bbox 255 936 1603 1012; baseline -0.002 -17"><span class='ocrx_word' id='word_1_53' title='bbox 255 937 493 997; x_wconf 84' lang='lat' dir='ltr'><strong>indeterminatas</strong></span> <span class='ocrx_word' id='word_1_54' title='bbox 515 936 659 1012; x_wconf 80' lang='lat' dir='ltr'><strong>habeant,</strong></span> <span class='ocrx_word' id='word_1_55' title='bbox 689 947 718 997; x_wconf 91' lang='lat' dir='ltr'><strong>et</strong></span> <span class='ocrx_word' id='word_1_56' title='bbox 741 941 783 998; x_wconf 85' lang='lat' dir='ltr'><strong>sio</strong></span> <span class='ocrx_word' id='word_1_57' title='bbox 811 938 848 998; x_wconf 87' lang='lat' dir='ltr'><strong>de</strong></span> <span class='ocrx_word' id='word_1_58' title='bbox 869 943 983 1000; x_wconf 87' lang='lat' dir='ltr'><strong>ceteris.</strong></span> <span class='ocrx_word' id='word_1_59' title='bbox 1028 939 1068 997; x_wconf 80' lang='lat' dir='ltr'><strong>At</strong></span> <span class='ocrx_word' id='word_1_60' title='bbox 1090 936 1160 997; x_wconf 91' lang='lat' dir='ltr'><strong>mihi</strong></span> <span class='ocrx_word' id='word_1_61' title='bbox 1193 940 1321 997; x_wconf 88' lang='lat' dir='ltr'><strong>unitates</strong></span> <span class='ocrx_word' id='word_1_62' title='bbox 1343 937 1509 1010; x_wconf 79' lang='lat' dir='ltr'><strong>naturales,</strong></span> <span class='ocrx_word' id='word_1_63' title='bbox 1540 937 1603 996; x_wconf 89' lang='lat' dir='ltr'><strong>bini</strong></span> 
     </span>
     <span class='ocr_line' id='line_1_7' title="bbox 254 1020 1603 1107; baseline -0.002 -23"><span class='ocrx_word' id='word_1_64' title='bbox 254 1041 297 1084; x_wconf 90' lang='lat' dir='ltr'><strong>sc.</strong></span> <span class='ocrx_word' id='word_1_65' title='bbox 322 1032 419 1084; x_wconf 88' lang='lat' dir='ltr'><strong>motus</strong></span> <span class='ocrx_word' id='word_1_66' title='bbox 441 1024 624 1101; x_wconf 87' lang='lat' dir='ltr'><strong>planetarum</strong></span> <span class='ocrx_word' id='word_1_67' title='bbox 649 1030 768 1085; x_wconf 84' lang='lat' dir='ltr'><strong>extremi</strong></span> <span class='ocrx_word' id='word_1_68' title='bbox 792 1023 862 1107; x_wconf 88' lang='lat' dir='ltr'><strong>(sen</strong></span> <span class='ocrx_word' id='word_1_69' title='bbox 885 1027 979 1086; x_wconf 75' lang='lat' dir='ltr'><strong>diuum</strong></span> <span class='ocrx_word' id='word_1_70' title='bbox 1003 1043 1057 1086; x_wconf 89' lang='lat' dir='ltr'><strong>seu</strong></span> <span class='ocrx_word' id='word_1_71' title='bbox 1070 1025 1189 1096; x_wconf 89' lang='lat' dir='ltr'><strong>horarii,</strong></span> <span class='ocrx_word' id='word_1_72' title='bbox 1211 1024 1284 1092; x_wconf 87' lang='lat' dir='ltr'><strong>nihil</strong></span> <span class='ocrx_word' id='word_1_73' title='bbox 1305 1020 1451 1106; x_wconf 88' lang='lat' dir='ltr'><strong>interest),</strong></span> <span class='ocrx_word' id='word_1_74' title='bbox 1474 1025 1603 1100; x_wconf 80' lang='lat' dir='ltr'><strong>expressi</strong></span> 
     </span>
     <span class='ocr_line' id='line_1_8' title="bbox 254 1112 1603 1191; baseline -0.001 -19"><span class='ocrx_word' id='word_1_75' title='bbox 254 1130 273 1172; x_wconf 94' lang='lat' dir='ltr'><strong>a</strong></span> <span class='ocrx_word' id='word_1_76' title='bbox 297 1121 402 1172; x_wconf 86' lang='lat' dir='ltr'><strong>natura</strong></span> <span class='ocrx_word' id='word_1_77' title='bbox 424 1114 453 1170; x_wconf 92' lang='lat' dir='ltr'><strong>in</strong></span> <span class='ocrx_word' id='word_1_78' title='bbox 477 1118 571 1173; x_wconf 87' lang='lat' dir='ltr'><strong>certas</strong></span> <span class='ocrx_word' id='word_1_79' title='bbox 592 1130 662 1172; x_wconf 86' lang='lat' dir='ltr'><strong>suas</strong></span> <span class='ocrx_word' id='word_1_80' title='bbox 686 1116 872 1190; x_wconf 82' lang='lat' dir='ltr'><strong>quantitates,</strong></span> <span class='ocrx_word' id='word_1_81' title='bbox 896 1123 965 1175; x_wconf 87' lang='lat' dir='ltr'><strong>sunt</strong></span> <span class='ocrx_word' id='word_1_82' title='bbox 979 1115 1130 1191; x_wconf 86' lang='lat' dir='ltr'><strong>propositi,</strong></span> <span class='ocrx_word' id='word_1_83' title='bbox 1154 1115 1183 1170; x_wconf 91' lang='lat' dir='ltr'><strong>iu</strong></span> <span class='ocrx_word' id='word_1_84' title='bbox 1200 1112 1307 1188; x_wconf 86' lang='lat' dir='ltr'><strong>quibus</strong></span> <span class='ocrx_word' id='word_1_85' title='bbox 1326 1112 1492 1171; x_wconf 86' lang='lat' dir='ltr'><strong>harmonias</strong></span> <span class='ocrx_word' id='word_1_86' title='bbox 1508 1129 1603 1188; x_wconf 60' lang='lat' dir='ltr'><strong>quae*</strong></span> 
     </span>
     <span class='ocr_line' id='line_1_9' title="bbox 253 1198 1604 1278; baseline 0 -20"><span class='ocrx_word' id='word_1_87' title='bbox 253 1217 326 1259; x_wconf 90' lang='lat' dir='ltr'><strong>ram.</strong></span> <span class='ocrx_word' id='word_1_88' title='bbox 347 1206 467 1269; x_wconf 74' lang='lat' dir='ltr'>(XXIII.)</span> <span class='ocrx_word' id='word_1_89' title='bbox 507 1198 562 1260; x_wconf 89' lang='lat' dir='ltr'><strong>Illo</strong></span> <span class='ocrx_word' id='word_1_90' title='bbox 584 1201 615 1258; x_wconf 91' lang='lat' dir='ltr'><strong>in</strong></span> <span class='ocrx_word' id='word_1_91' title='bbox 637 1201 821 1260; x_wconf 86' lang='lat' dir='ltr'><strong>tenebrarum</strong></span> <span class='ocrx_word' id='word_1_92' title='bbox 851 1210 881 1262; x_wconf 87' lang='lat' dir='ltr'><strong>et</strong></span> <span class='ocrx_word' id='word_1_93' title='bbox 905 1204 979 1262; x_wconf 89' lang='lat' dir='ltr'><strong>lueis</strong></span> <span class='ocrx_word' id='word_1_94' title='bbox 1000 1199 1139 1278; x_wconf 84' lang='lat' dir='ltr'><strong>gradibus</strong></span> <span class='ocrx_word' id='word_1_95' title='bbox 1168 1202 1282 1275; x_wconf 84' lang='lat' dir='ltr'><strong>quaerit</strong></span> <span class='ocrx_word' id='word_1_96' title='bbox 1309 1203 1511 1277; x_wconf 86' lang='lat' dir='ltr'><strong>proportiones</strong></span> <span class='ocrx_word' id='word_1_97' title='bbox 1533 1199 1604 1258; x_wconf 88' lang='lat' dir='ltr'><strong>har·</strong></span> 
     </span>
     <span class='ocr_line' id='line_1_10' title="bbox 259 1288 1669 1365; baseline 0.001 -19"><span class='ocrx_word' id='word_1_98' title='bbox 259 1291 402 1362; x_wconf 82' lang='lat' dir='ltr'><strong>monicae,</strong></span> <span class='ocrx_word' id='word_1_99' title='bbox 433 1288 515 1348; x_wconf 88' lang='lat' dir='ltr'><strong>nullo</strong></span> <span class='ocrx_word' id='word_1_100' title='bbox 537 1299 670 1365; x_wconf 87' lang='lat' dir='ltr'><strong>respectu</strong></span> <span class='ocrx_word' id='word_1_101' title='bbox 698 1289 823 1365; x_wconf 86' lang='lat' dir='ltr'><strong>alicujus</strong></span> <span class='ocrx_word' id='word_1_102' title='bbox 852 1298 964 1363; x_wconf 83' lang='lat' dir='ltr'><strong>motus3</strong></span> <span class='ocrx_word' id='word_1_103' title='bbox 997 1305 1053 1365; x_wconf 79' lang='lat' dir='ltr'><strong>ego</strong></span> <span class='ocrx_word' id='word_1_104' title='bbox 1083 1288 1250 1347; x_wconf 89' lang='lat' dir='ltr'><strong>harmonias</strong></span> <span class='ocrx_word' id='word_1_105' title='bbox 1279 1290 1394 1347; x_wconf 87' lang='lat' dir='ltr'><strong>nonnisi</strong></span> <span class='ocrx_word' id='word_1_106' title='bbox 1412 1291 1448 1346; x_wconf 94' lang='lat' dir='ltr'><strong>-in</strong></span> <span class='ocrx_word' id='word_1_107' title='bbox 1475 1288 1607 1347; x_wconf 86' lang='lat' dir='ltr'><strong>motibus</strong></span> <span class='ocrx_word' id='word_1_108' title='bbox 1666 1319 1669 1325; x_wconf 82' lang='grc'><em>·</em></span> 
     </span>
     <span class='ocr_line' id='line_1_11' title="bbox 254 1374 1603 1453; baseline -0.001 -19"><span class='ocrx_word' id='word_1_109' title='bbox 254 1391 374 1451; x_wconf 76' lang='lat' dir='ltr'><strong>quomo.</strong></span> <span class='ocrx_word' id='word_1_110' title='bbox 394 1382 513 1441; x_wconf 77' lang='lat' dir='ltr'><strong>(xxiv.)</strong></span> <span class='ocrx_word' id='word_1_111' title='bbox 554 1374 609 1436; x_wconf 90' lang='lat' dir='ltr'><strong>Ille</strong></span> <span class='ocrx_word' id='word_1_112' title='bbox 630 1376 774 1451; x_wconf 85' lang='lat' dir='ltr'><strong>panculas</strong></span> <span class='ocrx_word' id='word_1_113' title='bbox 796 1376 911 1453; x_wconf 84' lang='lat' dir='ltr'><strong>aliquas</strong></span> <span class='ocrx_word' id='word_1_114' title='bbox 934 1375 1156 1436; x_wconf 84' lang='lat' dir='ltr'><strong>concordantias</strong></span> <span class='ocrx_word' id='word_1_115' title='bbox 1171 1374 1283 1438; x_wconf 85' lang='lat' dir='ltr'><strong>delibat</strong></span> <span class='ocrx_word' id='word_1_116' title='bbox 1304 1392 1412 1451; x_wconf 84' lang='lat' dir='ltr'><strong>easque</strong></span> <span class='ocrx_word' id='word_1_117' title='bbox 1434 1393 1469 1435; x_wconf 85' lang='lat' dir='ltr'><strong>ex</strong></span> <span class='ocrx_word' id='word_1_118' title='bbox 1484 1391 1603 1434; x_wconf 88' lang='lat' dir='ltr'><strong>suarum</strong></span> 
     </span>
     <span class='ocr_line' id='line_1_12' title="bbox 254 1461 1602 1541; baseline 0 -21"><span class='ocrx_word' id='word_1_119' title='bbox 254 1461 440 1541; x_wconf 77' lang='lat' dir='ltr'><strong>pyramidum</strong></span> <span class='ocrx_word' id='word_1_120' title='bbox 463 1462 597 1535; x_wconf 83' lang='lat' dir='ltr'><strong>mixtura,</strong></span> <span class='ocrx_word' id='word_1_121' title='bbox 621 1480 680 1538; x_wconf 82' lang='lat' dir='ltr'><strong>qua</strong></span> <span class='ocrx_word' id='word_1_122' title='bbox 702 1463 841 1526; x_wconf 80' lang='lat' dir='ltr'><strong>mundum</strong></span> <span class='ocrx_word' id='word_1_123' title='bbox 864 1467 927 1540; x_wconf 89' lang='lat' dir='ltr'><strong>ipse</strong></span> <span class='ocrx_word' id='word_1_124' title='bbox 950 1464 1086 1540; x_wconf 77' lang='lat' dir='ltr'><strong>privatim</strong></span> <span class='ocrx_word' id='word_1_125' title='bbox 1108 1464 1138 1520; x_wconf 91' lang='lat' dir='ltr'><strong>in</strong></span> <span class='ocrx_word' id='word_1_126' title='bbox 1153 1480 1208 1523; x_wconf 88' lang='lat' dir='ltr'><strong>suo</strong></span> <span class='ocrx_word' id='word_1_127' title='bbox 1223 1464 1321 1522; x_wconf 80' lang='lat' dir='ltr'><strong>animo</strong></span> <span class='ocrx_word' id='word_1_128' title='bbox 1343 1466 1455 1540; x_wconf 86' lang='lat' dir='ltr'><strong>pictum</strong></span> <span class='ocrx_word' id='word_1_129' title='bbox 1478 1465 1602 1522; x_wconf 85' lang='lat' dir='ltr'><strong>circnm-</strong></span> 
     </span>
     <span class='ocr_line' id='line_1_13' title="bbox 256 1548 1604 1628; baseline -0.001 -18"><span class='ocrx_word' id='word_1_130' title='bbox 256 1559 364 1627; x_wconf 84' lang='lat' dir='ltr'><strong>gestat,</strong></span> <span class='ocrx_word' id='word_1_131' title='bbox 386 1548 468 1610; x_wconf 90' lang='lat' dir='ltr'><strong>elicit</strong></span> <span class='ocrx_word' id='word_1_132' title='bbox 488 1566 541 1609; x_wconf 88' lang='lat' dir='ltr'><strong>sen</strong></span> <span class='ocrx_word' id='word_1_133' title='bbox 563 1549 601 1609; x_wconf 85' lang='lat' dir='ltr'><strong>ab</strong></span> <span class='ocrx_word' id='word_1_134' title='bbox 625 1551 676 1608; x_wconf 87' lang='lat' dir='ltr'><strong>illa</strong></span> <span class='ocrx_word' id='word_1_135' title='bbox 697 1555 908 1627; x_wconf 84' lang='lat' dir='ltr'><strong>repraesentari</strong></span> <span class='ocrx_word' id='word_1_136' title='bbox 933 1552 1054 1628; x_wconf 81' lang='lat' dir='ltr'><strong>probat3</strong></span> <span class='ocrx_word' id='word_1_137' title='bbox 1086 1568 1141 1627; x_wconf 79' lang='lat' dir='ltr'><strong>ogo</strong></span> <span class='ocrx_word' id='word_1_138' title='bbox 1165 1557 1258 1610; x_wconf 88' lang='lat' dir='ltr'><strong>totum</strong></span> <span class='ocrx_word' id='word_1_139' title='bbox 1281 1567 1386 1628; x_wconf 88' lang='lat' dir='ltr'><strong>eorpus</strong></span> <span class='ocrx_word' id='word_1_140' title='bbox 1414 1551 1604 1610; x_wconf 83' lang='lat' dir='ltr'><strong>harmonicae</strong></span> 
     </span>
     <span class='ocr_line' id='line_1_14' title="bbox 260 1638 1604 1716; baseline -0.001 -18"><span class='ocrx_word' id='word_1_141' title='bbox 260 1639 535 1714; x_wconf 80' lang='lat' dir='ltr'><strong>contemperationis</strong></span> <span class='ocrx_word' id='word_1_142' title='bbox 558 1653 623 1696; x_wconf 83' lang='lat' dir='ltr'><strong>oum</strong></span> <span class='ocrx_word' id='word_1_143' title='bbox 647 1640 781 1698; x_wconf 87' lang='lat' dir='ltr'><strong>omnihus</strong></span> <span class='ocrx_word' id='word_1_144' title='bbox 804 1640 937 1716; x_wconf 86' lang='lat' dir='ltr'><strong>partibus</strong></span> <span class='ocrx_word' id='word_1_145' title='bbox 960 1641 989 1696; x_wconf 91' lang='lat' dir='ltr'><strong>in</strong></span> <span class='ocrx_word' id='word_1_146' title='bbox 1012 1641 1149 1702; x_wconf 83' lang='lat' dir='ltr'><strong>extremis</strong></span> <span class='ocrx_word' id='word_1_147' title='bbox 1171 1638 1354 1715; x_wconf 87' lang='lat' dir='ltr'><strong>planetarum</strong></span> <span class='ocrx_word' id='word_1_148' title='bbox 1382 1638 1510 1697; x_wconf 87' lang='lat' dir='ltr'><strong>motibus</strong></span> <span class='ocrx_word' id='word_1_149' title='bbox 1532 1653 1604 1714; x_wconf 90' lang='lat' dir='ltr'><strong>pro·</strong></span> 
     </span>
     <span class='ocr_line' id='line_1_15' title="bbox 254 1723 1603 1802; baseline -0.001 -18"><span class='ocrx_word' id='word_1_150' title='bbox 254 1728 325 1802; x_wconf 85' lang='lat' dir='ltr'><strong>priis</strong></span> <span class='ocrx_word' id='word_1_151' title='bbox 347 1723 507 1786; x_wconf 89' lang='lat' dir='ltr'><strong>secuudum</strong></span> <span class='ocrx_word' id='word_1_152' title='bbox 530 1731 624 1785; x_wconf 87' lang='lat' dir='ltr'><strong>certas</strong></span> <span class='ocrx_word' id='word_1_153' title='bbox 648 1735 677 1785; x_wconf 88' lang='lat' dir='ltr'><strong>et</strong></span> <span class='ocrx_word' id='word_1_154' title='bbox 699 1726 737 1786; x_wconf 87' lang='lat' dir='ltr'><strong>ab</strong></span> <span class='ocrx_word' id='word_1_155' title='bbox 759 1729 937 1786; x_wconf 89' lang='lat' dir='ltr'><strong>astronomia</strong></span> <span class='ocrx_word' id='word_1_156' title='bbox 961 1725 1174 1786; x_wconf 84' lang='lat' dir='ltr'><strong>demonstratas</strong></span> <span class='ocrx_word' id='word_1_157' title='bbox 1196 1741 1347 1786; x_wconf 86' lang='lat' dir='ltr'><strong>mensuras</strong></span> <span class='ocrx_word' id='word_1_158' title='bbox 1363 1727 1459 1785; x_wconf 87' lang='lat' dir='ltr'><strong>inesse</strong></span> <span class='ocrx_word' id='word_1_159' title='bbox 1478 1724 1603 1784; x_wconf 90' lang='lat' dir='ltr'><strong>demon-</strong></span> 
     </span>
     <span class='ocr_line' id='line_1_16' title="bbox 253 1812 1603 1892; baseline 0 -20"><span class='ocrx_word' id='word_1_160' title='bbox 253 1816 354 1876; x_wconf 85' lang='lat' dir='ltr'><strong>stravi.</strong></span> <span class='ocrx_word' id='word_1_161' title='bbox 400 1813 460 1888; x_wconf 89' lang='lat' dir='ltr'><strong>lpsi</strong></span> <span class='ocrx_word' id='word_1_162' title='bbox 484 1815 583 1888; x_wconf 83' lang='lat' dir='ltr'><strong>itaque</strong></span> <span class='ocrx_word' id='word_1_163' title='bbox 605 1820 764 1890; x_wconf 87' lang='lat' dir='ltr'><strong>concaptus</strong></span> <span class='ocrx_word' id='word_1_164' title='bbox 785 1831 856 1873; x_wconf 92' lang='lat' dir='ltr'><strong>suus</strong></span> <span class='ocrx_word' id='word_1_165' title='bbox 879 1813 997 1892; x_wconf 90' lang='lat' dir='ltr'><strong>mundi,</strong></span> <span class='ocrx_word' id='word_1_166' title='bbox 1020 1815 1092 1871; x_wconf 87' lang='lat' dir='ltr'><strong>mihi</strong></span> <span class='ocrx_word' id='word_1_167' title='bbox 1114 1812 1324 1891; x_wconf 75' lang='lat' dir='ltr'><strong>mundueipse</strong></span> <span class='ocrx_word' id='word_1_168' title='bbox 1348 1830 1401 1872; x_wconf 89' lang='lat' dir='ltr'><strong>seu</strong></span> <span class='ocrx_word' id='word_1_169' title='bbox 1423 1815 1453 1870; x_wconf 92' lang='lat' dir='ltr'><strong>iu</strong></span> <span class='ocrx_word' id='word_1_170' title='bbox 1475 1830 1511 1873; x_wconf 88' lang='lat' dir='ltr'><strong>eo</strong></span> <span class='ocrx_word' id='word_1_171' title='bbox 1534 1830 1603 1873; x_wconf 88' lang='lat' dir='ltr'><strong>rea-</strong></span> 
     </span>
     <span class='ocr_line' id='line_1_17' title="bbox 253 1899 1417 1979; baseline -0.004 -20"><span class='ocrx_word' id='word_1_172' title='bbox 253 1901 297 1964; x_wconf 90' lang='lat' dir='ltr'><strong>les</strong></span> <span class='ocrx_word' id='word_1_173' title='bbox 319 1901 503 1979; x_wconf 87' lang='lat' dir='ltr'><strong>planetarum</strong></span> <span class='ocrx_word' id='word_1_174' title='bbox 525 1909 622 1959; x_wconf 87' lang='lat' dir='ltr'><strong>motus</strong></span> <span class='ocrx_word' id='word_1_175' title='bbox 643 1909 712 1959; x_wconf 90' lang='lat' dir='ltr'><strong>sunt</strong></span> <span class='ocrx_word' id='word_1_176' title='bbox 733 1901 898 1977; x_wconf 87' lang='lat' dir='ltr'><strong>subjectum</strong></span> <span class='ocrx_word' id='word_1_177' title='bbox 923 1900 1093 1961; x_wconf 85' lang='lat' dir='ltr'><strong>harmoniae</strong></span> <span class='ocrx_word' id='word_1_178' title='bbox 1115 1899 1289 1959; x_wconf 86' lang='lat' dir='ltr'><strong>mundanae.</strong></span> <span class='ocrx_word' id='word_1_179' title='bbox 1309 1905 1417 1972; x_wconf 81' lang='lat' dir='ltr'>(xxv.)</span> 
     </span>
    </p>

    <p class='ocr_par' dir='ltr' id='par_1_3' title="bbox 188 1986 1606 2417">
     <span class='ocr_line' id='line_1_18' title="bbox 340 1986 1603 2064; baseline -0.002 -17"><span class='ocrx_word' id='word_1_180' title='bbox 340 1989 385 2047; x_wconf 80' lang='lat' dir='ltr'><strong>Ex</strong></span> <span class='ocrx_word' id='word_1_181' title='bbox 407 1987 452 2046; x_wconf 88' lang='lat' dir='ltr'><strong>his</strong></span> <span class='ocrx_word' id='word_1_182' title='bbox 480 1989 582 2064; x_wconf 84' lang='lat' dir='ltr'><strong>paucis</strong></span> <span class='ocrx_word' id='word_1_183' title='bbox 609 1996 742 2048; x_wconf 84' lang='lat' dir='ltr'><strong>constare</strong></span> <span class='ocrx_word' id='word_1_184' title='bbox 772 1990 910 2062; x_wconf 87' lang='lat' dir='ltr'><strong>arbitror,</strong></span> <span class='ocrx_word' id='word_1_185' title='bbox 942 1990 996 2047; x_wconf 86' lang='lat' dir='ltr'><strong>etsi</strong></span> <span class='ocrx_word' id='word_1_186' title='bbox 1025 1987 1276 2064; x_wconf 76' lang='lat' dir='ltr'><strong>adintelligenda</strong></span> <span class='ocrx_word' id='word_1_187' title='bbox 1304 1989 1442 2063; x_wconf 88' lang='lat' dir='ltr'><strong>mysteria</strong></span> <span class='ocrx_word' id='word_1_188' title='bbox 1472 1986 1603 2047; x_wconf 81' lang='lat' dir='ltr'><strong>contenta</strong></span> 
     </span>
     <span class='ocr_line' id='line_1_19' title="bbox 254 2073 1601 2154; baseline -0.003 -18"><span class='ocrx_word' id='word_1_189' title='bbox 254 2075 458 2154; x_wconf 86' lang='lat' dir='ltr'><strong>philosophiae</strong></span> <span class='ocrx_word' id='word_1_190' title='bbox 481 2073 737 2151; x_wconf 79' lang='lat' dir='ltr'><strong>profundissimae,</strong></span> <span class='ocrx_word' id='word_1_191' title='bbox 771 2094 859 2152; x_wconf 86' lang='lat' dir='ltr'><strong>qnam</strong></span> <span class='ocrx_word' id='word_1_192' title='bbox 880 2075 969 2142; x_wconf 82' lang='lat' dir='ltr'><strong>tradit</strong></span> <span class='ocrx_word' id='word_1_193' title='bbox 992 2075 1152 2147; x_wconf 75' lang='lat' dir='ltr'><strong>Ronanus,</strong></span> <span class='ocrx_word' id='word_1_194' title='bbox 1182 2077 1349 2151; x_wconf 78' lang='lat' dir='ltr'><strong>cognitione</strong></span> <span class='ocrx_word' id='word_1_195' title='bbox 1378 2077 1601 2153; x_wconf 87' lang='lat' dir='ltr'><strong>proportionum</strong></span> 
     </span>
     <span class='ocr_line' id='line_1_20' title="bbox 251 2162 1602 2240; baseline -0.002 -17"><span class='ocrx_word' id='word_1_196' title='bbox 251 2165 487 2226; x_wconf 87' lang='lat' dir='ltr'><strong>harmonicaruru</strong></span> <span class='ocrx_word' id='word_1_197' title='bbox 517 2164 635 2224; x_wconf 87' lang='lat' dir='ltr'><strong>omniuo</strong></span> <span class='ocrx_word' id='word_1_198' title='bbox 664 2182 737 2240; x_wconf 92' lang='lat' dir='ltr'><strong>opus</strong></span> <span class='ocrx_word' id='word_1_199' title='bbox 767 2171 829 2237; x_wconf 86' lang='lat' dir='ltr'><strong>est,</strong></span> <span class='ocrx_word' id='word_1_200' title='bbox 862 2173 959 2223; x_wconf 83' lang='lat' dir='ltr'><strong>tumen</strong></span> <span class='ocrx_word' id='word_1_201' title='bbox 992 2163 1091 2236; x_wconf 88' lang='lat' dir='ltr'><strong>illum,</strong></span> <span class='ocrx_word' id='word_1_202' title='bbox 1124 2164 1174 2239; x_wconf 88' lang='lat' dir='ltr'><strong>qui</strong></span> <span class='ocrx_word' id='word_1_203' title='bbox 1206 2162 1253 2223; x_wconf 89' lang='lat' dir='ltr'><strong>vel</strong></span> <span class='ocrx_word' id='word_1_204' title='bbox 1282 2172 1376 2221; x_wconf 90' lang='lat' dir='ltr'><strong>totum</strong></span> <span class='ocrx_word' id='word_1_205' title='bbox 1406 2180 1481 2239; x_wconf 91' lang='lat' dir='ltr'><strong>opus</strong></span> <span class='ocrx_word' id='word_1_206' title='bbox 1503 2179 1602 2222; x_wconf 90' lang='lat' dir='ltr'><strong>meum</strong></span> 
     </span>
     <span class='ocr_line' id='line_1_21' title="bbox 188 2249 1601 2328; baseline -0.004 -16"><span class='ocrx_word' id='word_1_207' title='bbox 188 2249 192 2260; x_wconf 85' lang='lat'>&#39;</span> <span class='ocrx_word' id='word_1_208' title='bbox 255 2250 384 2327; x_wconf 64' lang='lat' dir='ltr'><strong>edidicit,</strong></span> <span class='ocrx_word' id='word_1_209' title='bbox 407 2250 505 2311; x_wconf 88' lang='lat' dir='ltr'><strong>adhuc</strong></span> <span class='ocrx_word' id='word_1_210' title='bbox 523 2268 545 2310; x_wconf 76' lang='lat' dir='ltr'><strong>a</strong></span> <span class='ocrx_word' id='word_1_211' title='bbox 564 2253 712 2328; x_wconf 81' lang='lat' dir='ltr'><strong>mysteriis</strong></span> <span class='ocrx_word' id='word_1_212' title='bbox 735 2251 793 2310; x_wconf 88' lang='lat' dir='ltr'><strong>illis</strong></span> <span class='ocrx_word' id='word_1_213' title='bbox 815 2250 1046 2327; x_wconf 81' lang='lat' dir='ltr'><strong>perplexissimia</strong></span> <span class='ocrx_word' id='word_1_214' title='bbox 1068 2250 1236 2310; x_wconf 89' lang='lat' dir='ltr'><strong>abluturum</strong></span> <span class='ocrx_word' id='word_1_215' title='bbox 1262 2249 1341 2309; x_wconf 87' lang='lat' dir='ltr'><strong>haud</strong></span> <span class='ocrx_word' id='word_1_216' title='bbox 1363 2250 1451 2327; x_wconf 84' lang='lat' dir='ltr'><strong>paulo</strong></span> <span class='ocrx_word' id='word_1_217' title='bbox 1473 2249 1601 2327; x_wconf 83' lang='lat' dir='ltr'><strong>longius,</strong></span> 
     </span>
     <span class='ocr_line' id='line_1_22' title="bbox 255 2337 1606 2417; baseline -0.001 -17"><span class='ocrx_word' id='word_1_218' title='bbox 255 2355 294 2400; x_wconf 85' lang='lat' dir='ltr'><strong>ac</strong></span> <span class='ocrx_word' id='word_1_219' title='bbox 324 2340 408 2417; x_wconf 88' lang='lat' dir='ltr'><strong>ipsae</strong></span> <span class='ocrx_word' id='word_1_220' title='bbox 430 2340 468 2398; x_wconf 88' lang='lat' dir='ltr'><strong>ab</strong></span> <span class='ocrx_word' id='word_1_221' title='bbox 491 2339 712 2400; x_wconf 82' lang='lat' dir='ltr'><strong>accuratissima</strong></span> <span class='ocrx_word' id='word_1_222' title='bbox 733 2339 906 2400; x_wconf 85' lang='lat' dir='ltr'><strong>certitudine</strong></span> <span class='ocrx_word' id='word_1_223' title='bbox 922 2337 1199 2398; x_wconf 84' lang='lat' dir='ltr'><strong>demonstrationum</strong></span> <span class='ocrx_word' id='word_1_224' title='bbox 1215 2337 1486 2398; x_wconf 82' lang='lat' dir='ltr'><strong>mathematicorum</strong></span> <span class='ocrx_word' id='word_1_225' title='bbox 1508 2355 1606 2398; x_wconf 85' lang='lat' dir='ltr'><strong>reces-</strong></span> 
     </span>
    </p>
   </div>
   <div class='ocr_carea' id='block_1_3' title="bbox 136 2431 1602 2500">
    <p class='ocr_par' dir='ltr' id='par_1_4' title="bbox 136 2431 1602 2500">
     <span class='ocr_line' id='line_1_23' title="bbox 136 2431 1602 2500; baseline -0.005 -12"><span class='ocrx_word' id='word_1_226' title='bbox 136 2463 139 2472; x_wconf 89' lang='lat'><em>·</em></span> <span class='ocrx_word' id='word_1_227' title='bbox 252 2435 361 2488; x_wconf 79' lang='lat' dir='ltr'><strong>serunt.</strong></span> <span class='ocrx_word' id='word_1_228' title='bbox 381 2431 493 2500; x_wconf 80' lang='lat' dir='ltr'><strong>(XXVI.)</strong></span> <span class='ocrx_word' id='word_1_229' title='bbox 533 2442 632 2496; x_wconf 56' lang='lat' dir='ltr'><strong>(mutor.</strong></span> <span class='ocrx_word' id='word_1_230' title='bbox 645 2453 697 2493; x_wconf 70' lang='lat' dir='ltr'><strong>pag.</strong></span> <span class='ocrx_word' id='word_1_231' title='bbox 712 2443 744 2490; x_wconf 82' lang='lat' dir='ltr'><strong>til,</strong></span> <span class='ocrx_word' id='word_1_232' title='bbox 759 2443 795 2483; x_wconf 86' lang='lat' dir='ltr'><strong>uhl</strong></span> <span class='ocrx_word' id='word_1_233' title='bbox 809 2442 915 2489; x_wconf 82' lang='lat' dir='ltr'><strong>diximus,</strong></span> <span class='ocrx_word' id='word_1_234' title='bbox 930 2452 971 2482; x_wconf 83' lang='lat' dir='ltr'><strong>our</strong></span> <span class='ocrx_word' id='word_1_235' title='bbox 984 2442 1025 2481; x_wconf 84' lang='lat' dir='ltr'><strong>tros</strong></span> <span class='ocrx_word' id='word_1_236' title='bbox 1038 2452 1144 2482; x_wconf 82' lang='lat' dir='ltr'><strong>numeros</strong></span> <span class='ocrx_word' id='word_1_237' title='bbox 1158 2441 1284 2494; x_wconf 78' lang='lat' dir='ltr'><strong>1-xxvl‚</strong></span> <span class='ocrx_word' id='word_1_238' title='bbox 1299 2441 1538 2489; x_wconf 63' lang='lat' dir='ltr'><strong>annemundum,</strong></span> <span class='ocrx_word' id='word_1_239' title='bbox 1554 2450 1602 2480; x_wconf 81' lang='lat' dir='ltr'><strong>ver-</strong></span> 
     </span>
    </p>
   </div>
   <div class='ocr_carea' id='block_1_4' title="bbox 253 2514 1333 2592">
    <p class='ocr_par' dir='ltr' id='par_1_5' title="bbox 253 2514 1333 2592">
     <span class='ocr_line' id='line_1_24' title="bbox 253 2514 1333 2592; baseline 0.003 -20"><span class='ocrx_word' id='word_1_240' title='bbox 253 2528 290 2572; x_wconf 77' lang='lat' dir='ltr'><strong>so</strong></span> <span class='ocrx_word' id='word_1_241' title='bbox 302 2528 395 2580; x_wconf 56' lang='lat' dir='ltr'><strong>xeres</strong></span> <span class='ocrx_word' id='word_1_242' title='bbox 408 2527 567 2582; x_wconf 65' lang='lat' dir='ltr'><strong>sorranus.)</strong></span> <span class='ocrx_word' id='word_1_243' title='bbox 594 2517 693 2592; x_wconf 76' lang='lat' dir='ltr'><strong>Atque</strong></span> <span class='ocrx_word' id='word_1_244' title='bbox 715 2516 763 2576; x_wconf 90' lang='lat' dir='ltr'><strong>hic</strong></span> <span class='ocrx_word' id='word_1_245' title='bbox 781 2515 844 2592; x_wconf 85' lang='lat' dir='ltr'><strong>jam</strong></span> <span class='ocrx_word' id='word_1_246' title='bbox 865 2518 954 2576; x_wconf 89' lang='lat' dir='ltr'><strong>stiam</strong></span> <span class='ocrx_word' id='word_1_247' title='bbox 978 2514 1147 2591; x_wconf 88' lang='lat' dir='ltr'><strong>appendicis</strong></span> <span class='ocrx_word' id='word_1_248' title='bbox 1170 2514 1235 2575; x_wconf 87' lang='lat' dir='ltr'><strong>finis</strong></span> <span class='ocrx_word' id='word_1_249' title='bbox 1259 2524 1333 2575; x_wconf 87' lang='lat' dir='ltr'><strong>esto.</strong></span> 
     </span>
    </p>
   </div>
   <div class='ocr_carea' id='block_1_5' title="bbox 0 0 1788 5625">
    <p class='ocr_par' dir='ltr' id='par_1_6' title="bbox 0 0 1788 5625">
     <span class='ocr_line' id='line_1_25' title="bbox 0 0 1788 5625; baseline 0 1"><span class='ocrx_word' id='word_1_250' title='bbox 0 0 1788 5625; x_wconf 95' lang='lat' dir='ltr'><strong> </strong></span> 
     </span>
    </p>
   </div>
  </div>
 </body>
</html>
