3567 5625
651 416 734 472 Liber
750 418 782 473 V.
801 417 892 487 caput
908 418 954 474 IV.
1415 426 1478 486 285

127 669 131 676 .
210 596 331 658 anlius
353 600 441 676 igitur
461 597 598 675 planetae
619 600 707 658 unius
737 598 895 660 intervalla
922 604 1052 660 extrem
1082 596 1120 659 ad
1141 597 1310 660 harmonias
1332 597 1478 673 alludunt,

22 745 23 750 γ
130 690 238 760 praeter
260 684 366 746 Martis
388 696 417 747 et
438 686 583 746 Mercurii
599 681 645 767 ²¹)

211 771 253 830 At
276 775 301 832 si
325 773 505 834 diversorum
527 772 710 852 planetarum
733 772 889 832 intervalla
918 780 1048 834 extrema
1070 776 1143 834 inter
1166 791 1197 834 se
1220 789 1388 850 compares,
1416 774 1480 851 jam

22 861 23 912 ἶ
129 857 266 934 affulgere
294 862 396 942 incipit
425 860 526 937 aliqua
553 859 603 919 lua
632 859 824 922 harmonicen.
869 859 945 920 Nam
977 869 1106 920 extrema
1134 857 1154 938 i)
1184 870 1214 922 et
1243 859 1481 938 lidivergcntia

129 945 237 1006 iaciunt
258 948 346 1025 paulo
368 949 436 1026 plna
459 966 547 1024 quam
570 946 721 1024 diapason,
745 950 953 1024 convergentia
967 949 1096 1008 medium
1120 951 1194 1011 inter
1214 956 1313 1009 sextas
1335 949 1478 1025 maJorem
1554 967 1562 978 “

22 1087 23 1102 ,
129 1041 154 1092 et
173 1036 327 1095 minorem.
372 1035 422 1097 Sic
444 1042 574 1096 extrema
595 1036 626 1110 il
648 1042 679 1095 et
700 1034 922 1112 &devergentia
944 1036 1175 1116 complectuntur
1196 1036 1256 1097 iere
1279 1033 1477 1113 disdiapason,
1563 1037 1565 1048 “

129 1126 334 1199 conrergentia
354 1125 414 1184 lere
436 1124 573 1199 diapente
595 1139 661 1182 cum
683 1122 833 1203 diapason.
867 1121 994 1184 Telluris
1017 1141 1087 1185 vero
1111 1132 1141 1184 ct
1161 1131 1186 1193 (ς
1209 1122 1391 1199 divergeutia
1412 1124 1479 1201 plus

42 1237 49 1246 «
130 1208 279 1287 aliquanto
318 1219 386 1271 sunt
413 1210 565 1289 complexa
599 1227 688 1286 qnam
721 1218 833 1270 sextam
863 1211 1023 1286 majorem,
1058 1213 1266 1288 convergcntia
1298 1210 1479 1270 diatessaron

129 1296 290 1358 abundans.
327 1298 369 1358 ΙΙιι
398 1301 531 1376 sequenti
560 1296 666 1375 copula
695 1297 821 1357 Telluris
851 1305 880 1358 et
905 1294 931 1377 Ω
954 1316 1068 1358 rursum
1101 1302 1176 1360 inter
1205 1300 1413 1375 convergcntia
1435 1309 1480 1359 est

130 1383 203 1444 idem
226 1385 410 1447 diatessaron
431 1384 600 1459 abundans,
635 1391 667 1444 at
698 1389 772 1460 inter
801 1386 983 1462 divergeutia
1012 1385 1196 1447 destituimur
1217 1386 1387 1446 harmonica
1408 1404 1478 1466 pro-

130 1476 276 1547 portione:
305 1476 400 1533 minor
430 1476 507 1534 enim
535 1480 580 1534 est
607 1490 695 1550 quam
728 1472 949 1550 hemidiapasou
980 1470 1020 1555 (si
1051 1477 1093 1533 ita
1115 1474 1184 1534 licet
1204 1470 1321 1555 loqui),
1350 1475 1407 1533 hoe
1436 1482 1480 1533 est

130 1562 218 1618 minor
242 1579 331 1636 qnam
353 1560 525 1638 semidupla.
549 1560 684 1638 Denique
707 1562 782 1620 inter
804 1557 830 1640 Ω
853 1569 883 1621 et
907 1555 932 1642 Q
956 1557 1137 1636 div‘ergentia
1159 1547 1366 1640 paulominus
1389 1555 1480 1622 inter·
1554 1613 1559 1620 .

108 1654 171 1705 'cst
192 1650 358 1725 composita
379 1666 416 1709 cx
438 1648 580 1726 diapason
609 1657 639 1709 et
668 1650 754 1709 tertia
776 1650 908 1724 minore;
938 1641 1013 1709 inter
1029 1651 1249 1727 ¹convergcutia
1275 1659 1321 1709 est
1343 1647 1478 1726 diapente

130 1733 290 1811 abundans,
313 1735 403 1812 paulo
425 1735 502 1813 plus.

210 1823 276 1882 Etsi
298 1825 388 1901 igitur
402 1841 490 1883 unum
512 1820 697 1882 intervallum
720 1820 810 1899 paulo
832 1822 949 1898 longius
965 1823 1028 1881 abit
1043 1824 1081 1882 ab
1095 1824 1282 1894 harmonicis,
1305 1825 1360 1883 luit
1381 1831 1479 1885 tamen

128 1906 172 1969 hic
192 1927 349 1971 successus
371 1914 594 1971 inritamentum
615 1910 653 1969 ad
674 1908 920 1990 progrediendum
935 1910 1066 1970 ulterius.
1089 1911 1294 1971 Erantautcm
1318 1911 1373 1972 hae
1396 1928 1478 1972 meac

128 1999 375 2060 ratiocinationes.
419 1999 550 2058 Primum
581 1996 736 2057 intervalla
766 1997 853 2071 hacc,
884 2001 913 2056 in
937 2005 1079 2073 quantum
1101 2006 1169 2057 sunt
1191 1997 1390 2075 longitudines
1413 2002 1477 2060 sine

129 2091 239 2159 motu,·
257 2104 317 2145 non
340 2094 407 2164 apte
429 2085 467 2145 ad
498 2086 668 2146 harmonica
689 2087 906 2157 examinantur,
939 2088 1009 2161 quia
1038 2087 1197 2145 harmoniis
1220 2088 1315 2164 magia
1337 2087 1479 2147 familiare
1567 2125 1569 2130 <

129 2172 292 2247 subiectum
315 2184 358 2233 est
380 2182 492 2248 motus,
521 2189 612 2234 cansa
641 2171 796 2232 celeritatis
828 2180 858 2233 et
888 2172 1041 2250 tarditatis.
1087 2172 1202 2233 Deinde
1234 2176 1263 2232 in
1297 2174 1418 2247 iisdem,
1442 2177 1478 2238 ,in

106 2268 269 2334 .qnantnm
292 2271 360 2320 sunt
383 2260 516 2322 diametri
540 2260 662 2334 orbium,
686 2259 824 2320 credibile
847 2269 892 2320 cst
918 2262 1061 2336 potiorem
1093 2278 1158 2321 esse
1181 2260 1313 2321 habitam
1335 2263 1480 2321 rationem

129 2362 281 2424 corporum
303 2349 479 2426 regularium
504 2350 634 2426 quinque
656 2364 693 2407 ex
707 2346 868 2424 analogia,
886 2350 957 2423 quia
980 2365 1055 2423 quae
1078 2351 1152 2409 ratio
1168 2356 1214 2408 est
1230 2365 1382 2426 corporum
1405 2366 1480 2426 geo·

128 2438 311 2495 metricorum
334 2436 495 2496 solidorum
517 2434 555 2494 ad
579 2434 721 2495 coelestes
745 2436 838 2508 orbes,
862 2434 1053 2511 undiquaque
1068 2436 1116 2495 vel
1131 2435 1247 2496 clausos
1270 2436 1390 2497 coelesti
1413 2454 1480 2495 ma-

128 2524 213 2598 teria,
249 2531 284 2582 ut
306 2523 370 2581 vult
389 2525 564 2600 antiquitas,
591 2522 638 2583 vel
670 2521 848 2582 claudendos
878 2525 1044 2582 successive
1071 2522 1262 2600 plurimarum
1292 2527 1480 2601 gyrationem

22 2613 23 2616 ’
128 2609 394 2685 agglomeratione,
424 2612 525 2671 eadem
548 2616 594 2669 cst
616 2616 647 2669 et
668 2609 822 2685 planarum
843 2608 1010 2685 figurarum,
1034 2610 1142 2671 circulo
1165 2611 1368 2689 inscriptilium
1391 2609 1480 2691 (quae

127 2693 237 2771 figurae
260 2698 428 2759 harmonias
451 2692 601 2778 gignunt),
624 2695 663 2756 ad
685 2695 808 2756 circulos
823 2698 966 2758 coelestes
988 2706 1120 2758 motuum
1142 2709 1298 2775 ceteraque
1320 2701 1478 2776 spatia,'in

128 2785 235 2859 quibus
257 2785 333 2846 finnt
355 2793 461 2847 motus.
498 2785 576 2862 Ergo
600 2786 625 2844 si
648 2787 816 2861 quaerimus
830 2783 1007 2862 harmonias,
1030 2802 1205 2864 quaeramus
1228 2803 1279 2847 eas
1300 2803 1359 2846 non
1382 2789 1411 2846 in
1434 2786 1479 2847 his

127 2871 304 2947 intervallis,
337 2880 370 2932 ut
391 2880 461 2945 snut
481 2872 691 2934 semidiametri
713 2872 841 2946 orbium,
870 2874 920 2933 sed
944 2876 974 2932 in
997 2874 1069 2947 illis,
1092 2882 1126 2933 nt
1148 2883 1215 2933 sunt
1237 2888 1391 2935 mansuras
1413 2891 1480 2934 mo·

127 2966 218 3034 mum,
242 2960 300 3021 hoc
322 2968 368 3020 est
389 2963 418 3019 in
441 2962 513 3038 ipsis
536 2962 635 3040 potius
657 2960 794 3020 motibus.
840 2959 919 3021 Sanc
941 2961 1097 3021 intervalla
1119 2980 1177 3021 nou
1200 2963 1260 3023 alia
1281 2972 1405 3039 possunt
1427 2980 1480 3022 ac-

126 3047 182 3125 cipi
212 3064 267 3124 pro
296 3047 519 3109 semidiametris
547 3049 676 3122 orbium,
708 3066 796 3124 quam
822 3047 997 3124 mediocria,
1031 3066 1085 3109 nos
1108 3066 1178 3110 vcro
1209 3050 1256 3109 hie
1285 3048 1322 3110 de
1344 3052 1480 3111 extremis

126 3136 241 3211 agimus
264 3134 437 3195 intervallis.
481 3135 548 3195 Non
570 3137 685 3211 agimus
708 3137 796 3212 igitur
818 3136 856 3197 de
877 3135 1040 3197 intervallis
1055 3144 1190 3215 respectu
1213 3153 1332 3197 snorum
1355 3138 1479 3213 orbium,

126 3220 177 3281 scd
199 3231 336 3299 respectu
358 3230 499 3284 motuum.
1151 3290 1154 3296 ,

210 3309 269 3371 Hie
291 3311 380 3387 igitur
402 3310 439 3371 de
461 3312 560 3370 causis
582 3327 648 3370 cum
671 3308 709 3368 ad
731 3315 863 3369 motuum
886 3319 1078 3371 exuemorum
1102 3314 1350 3391 comparationem
1372 3314 1481 3371 nansi·
1519 3310 1525 3315 “

22 3462 27 3475 ,
125 3399 253 3472 vissein,
287 3401 413 3474 primum
435 3406 606 3457 manserunt
627 3396 828 3474 magnitudine
851 3397 972 3458 eaedem
994 3407 1126 3471 motuum
1149 3402 1370 3479 proportiones,
1403 3416 1479 3475 quac

124 3487 206 3559 priua
229 3492 312 3544 crant
335 3484 574 3558 intervallorum,
598 3484 800 3545 tantummodo
823 3501 962 3562 eversae;
992 3504 1082 3563 quare
1105 3490 1193 3547 etiam
1217 3490 1291 3546 inter
1312 3495 1409 3546 motus
1432 3489 1479 3544 in·

125 3580 233 3632 reatae
248 3580 319 3631 sunt
333 3575 536 3650 proportiones
550 3571 677 3650 aliquae,
699 3580 732 3632 nt
747 3573 836 3649 prins,
859 3575 1051 3634 inconcinnae
1073 3584 1103 3634 et
1118 3576 1156 3635 ab
1180 3574 1338 3635 harmoniis
1354 3574 1483 3634 alienae

123 3656 158 3716 ld
181 3677 254 3720 vero
277 3677 392 3719 rursum
413 3667 496 3720 ratus
518 3678 584 3720 sum
606 3664 708 3720 merito
739 3660 810 3718 mihi
833 3664 966 3735 evenire,
1000 3664 1109 3738 quippe
1137 3664 1186 3739 qni
1217 3679 1383 3739 comparem
1405 3663 1481 3721 inter

124 3762 156 3804 se
177 3764 265 3806 arcus
287 3749 451 3828 ccccntrici,
474 3749 525 3824 qui
547 3764 642 3825 neqnc
663 3750 723 3807 sint
744 3750 873 3823 expressi
895 3755 925 3813 et
947 3752 1089 3809 numerati
1111 3766 1248 3810 mensura
1270 3747 1480 3826 magnitudinis

123 3832 274 3908 ejusden,
303 3833 356 3894 scd
378 3842 565 3895 numerentur
586 3833 725 3913 gradibus
748 3843 777 3894 et
799 3837 934 3909 minutia,
965 3853 1041 3911 quae
1064 3839 1184 3897 suntin
1206 3837 1334 3914 planetis
1357 3835 1481 3895 diversis

123 3921 337 4007 magnitudinis
360 3921 503 3997 diversae,
525 3940 621 3998 neque
636 3926 725 3982 etiarn
739 3922 849 3982 saciant
863 3916 1064 4001 apparentiam
1088 3925 1172 3984 ullibi
1194 3931 1315 4001 mutam,
1339 3931 1480 4003 quantum

22 4000 23 4045 ἶ
125 4005 196 4067 dicit
219 4025 358 4069 numerus
381 4010 533 4087 cujusque,
556 4012 613 4069 nisi
634 4017 749 4070 tantum
770 4012 800 4067 in
823 4019 923 4070 centro
945 4015 1097 4072 eccentrici
1121 4015 1271 4090 cujusque,
1296 4012 1375 4090 qued
1398 4011 1480 4070 nullo

22 4124 24 4129 s
124 4110 247 4172 corpore
269 4106 315 4157 est
337 4097 497 4171 suffultum,
521 4115 556 4157 ac
577 4096 698 4174 proinde
721 4100 811 4158 etlam
833 4097 1004 4158 incredibile
1026 4107 1080 4174 est,
1103 4117 1221 4160 sensnm
1242 4101 1290 4161 vel
1313 4102 1481 4159 instinctum

22 4208 23 4211 ¹
123 4184 292 4244 naturalem
312 4186 344 4243 in
366 4185 417 4245 illo
439 4184 540 4244 mundi
563 4184 629 4245 loco
651 4184 744 4244 ullum
767 4201 848 4260 esse,
871 4189 1061 4263 apparentiae
1083 4187 1170 4265 hujus
1193 4206 1346 4265 capacem,
1370 4189 1428 4247 into
1452 4193 1481 4247 et

123 4271 326 4348 impossibile,
361 4273 505 4350 siqnidem
537 4273 743 4350 comparabam
770 4272 951 4334 diversorum
983 4274 1167 4351 planetarum
1196 4292 1280 4336 arcus
1303 4277 1481 4336 eccarrtricos

121 4374 219 4421 raum
240 4377 312 4420 suae
334 4362 525 4438 apparentiae
548 4362 578 4418 in
600 4363 707 4421 centris
729 4364 800 4434 suis,
824 4378 901 4436 quae
923 4360 1033 4421 diversi
1054 4362 1189 4423 obtinent
1203 4363 1336 4437 dirersa3
1360 4377 1482 4440 compa·

123 4453 209 4506 ratae
232 4464 303 4508 vero
326 4446 460 4508 diversae
483 4456 657 4526 apparentes
689 4447 906 4524 magnitudines
928 4452 957 4507 in
978 4466 1038 4509 uno
1060 4449 1207 4510 dehebant
1227 4449 1328 4509 mundi
1351 4449 1417 4508 loco
1439 4450 1482 4507 sic

124 4549 278 4611 apparere,
301 4542 336 4595 ιιι
357 4536 404 4610 id,
427 4535 507 4613 quod
528 4535 698 4596 facultatem
719 4536 810 4596 habet
831 4537 1018 4614 comparandi
1041 4537 1108 4610 illa,
1132 4539 1222 4595 sitin
1246 4537 1297 4596 illo
1320 4528 1482 4597 communis

123 4624 320 4700 apparentiae
341 4622 409 4683 loeo
432 4640 582 4701 praesens.
626 4623 687 4683 Aut
709 4625 798 4699 igitur
819 4623 1026 4685 removendam
1048 4640 1085 4684 ex
1108 4626 1206 4684 animo
1221 4627 1321 4685 censui
1336 4640 1482 4702 apparen-

124 4711 200 4768 tiam
224 4708 328 4770 horum
351 4727 471 4789 menum
493 4713 727 4784 eccentricorum,
751 4718 803 4772 ant
817 4711 902 4772 aliter
916 4711 1136 4773 informandam.
1175 4710 1289 4788 Quodsi
1303 4728 1481 4772 removerem

22 4845 26 4853 .
125 4801 334 4874 apparentiam
356 4805 387 4859 et
408 4804 534 4859 menam
563 4797 602 4861 ad
628 4798 695 4876 ipsa
717 4799 821 4858 diurna
848 4798 1032 4876 planetarum
1058 4801 1165 4860 itinera
1193 4797 1388 4873 attenderem,
1419 4796 1483 4856 ridi

124 4883 271 4946 nundum
294 4904 360 4948 cese
382 4894 538 4965 praecepto
560 4885 622 4963 illo,
644 4885 724 4963 qnod
746 4889 888 4964 superiori
911 4890 1007 4967 capite
1027 4905 1149 4950 numero
1165 4892 1194 4951 9.
1216 4886 1332 4949 tradidi.
1376 4884 1482 4947 Multi·
