3567 5625
233 323 314 430 ¹30⁶
639 355 682 417 he
699 362 820 418 Motibus
837 357 1011 419 rimaturum
1029 357 1208 418 Ηηπιοιιίἀι.

249 541 332 607 pente
352 535 384 610 ’1,
403 552 452 606 per
469 553 546 607 prop.
568 538 614 605 15,
635 537 749 605 iunctim
766 538 849 608 igitur
874 537 928 593 hae
946 537 1017 592 duae
1034 543 1126 607 parter
1138 589 1141 594 ,
1153 535 1257 594 iaciunt
1278 535 1347 606 Ι’1,,.
1383 533 1422 589 At
1439 533 1554 591 debetur
1572 540 1601 588 et

250 615 355 671 Tellrrri
372 630 424 670 sua
440 615 551 685 propria
568 617 724 685 proportio,
751 631 802 686 per
819 616 928 671 axioma
945 615 971 669 d.
1007 616 1096 685 Ergo,
1114 631 1175 671 cnm
1195 614 1390 681 divergemium
1407 612 1550 668 harmonia
1567 626 1602 665 ex

249 692 329 748 dictis
345 692 432 749 trihus
449 700 557 749 mustei
575 694 724 762 elementis,
745 694 1040 763 eritiilsmsq'orquam
1061 693 1132 765 Η1,,
1152 693 1206 748 Sed
1221 694 1362 749 immonis
1378 694 1503 762 proxime
1515 690 1601 759 major

250 787 331 839 quam
352 770 426 841 Ἢ,
449 771 563 828 honest
584 775 673 843 wlff„
697 781 740 827 est
758 772 827 843 ·’·1,,,
857 772 963 827 scilicet
980 773 1060 841 θνα..
1097 772 1187 840 Quare
1206 774 1230 828 si
1249 773 1389 827 humenis
1407 786 1477 840 opus
1496 776 1538 824 est
1554 783 1605 837 pro

249 849 301 905 hac
317 850 412 920 majori
431 850 545 906 duorum
563 850 733 921 planetarum
750 851 928 920 proportione
945 857 1079 912 motuum.
1106 867 1156 920 per
1173 851 1281 908 axioma
1297 854 1331 921 1,
1357 850 1405 906 ilia
1432 866 1487 904 non
1505 845 1607 916 poterit

250 942 311 984 ease
328 928 416 983 minor
435 943 516 999 quam
534 927 669 999 11’1,,,ιι1
687 931 751 1002 ‘liv

335 1011 487 1073 Hactenus
509 1015 597 1090 Igitur
619 1014 756 1074 omuibus
778 1011 900 1089 reliquis
916 1011 1098 1090 planetarum
1121 1012 1199 1088 bigis
1215 1013 1400 1073 obvenerunt
1423 1026 1496 1070 suas
1518 1009 1605 1068 binae

249 1099 419 1160 harmoniae
452 1095 616 1170 rationibus
644 1102 835 1173 necessariIs3
869 1097 934 1159 sola
968 1101 1038 1177 biga
1067 1098 1195 1159 Telluris
1224 1107 1254 1159 et
1283 1099 1409 1159 Veneris
1438 1096 1607 1158 adhucdum

248 1204 338 1246 unam
367 1181 462 1248 solam
492 1188 675 1247 harmoniam
698 1185 736 1269 hie
764 1205 818 1264 per
848 1190 998 1246 axiomata
1026 1186 1085 1246 hue
1117 1203 1210 1264 usque
1240 1195 1382 1263 usurpata
1413 1187 1517 1245 sortita
1538 1185 1605 1243 init

247 1273 404 1352 Reliquam
427 1278 514 1353 igitur
536 1276 600 1351 ejus
616 1275 808 1346 harmoniam,
832 1275 975 1351 majorem
1001 1293 1042 1336 sc.
1066 1292 1119 1336 seu
1141 1282 1275 1334 motuum
1298 1275 1520 1351 dirergsntium,
1540 1272 1605 1347 iam

247 1379 334 1440 porro
357 1380 436 1424 noro
459 1365 544 1423 initio
567 1365 645 1423 lacto
666 1364 877 1441 perquiremus.

685 1519 928 1580 Posteriores
949 1519 1164 1580 Rationes.

335 1642 494 1702 Arioma
516 1640 636 1700 XVIII.
681 1640 861 1702 Harmoniae
884 1649 1018 1702 motuum
1040 1641 1222 1702 universales
1245 1643 1515 1716 contemperatione
1538 1657 1605 1700 mo·

249 1734 332 1788 tuum
354 1747 407 1789 sex
429 1727 652 1789 constituendae
674 1729 799 1803 fuerunt,
822 1732 982 1806 praecipue
1005 1749 1057 1808 per
1080 1741 1226 1791 extremos
1249 1737 1356 1790 motus

336 1819 471 1875 Probatur
488 1834 538 1888 per
556 1819 664 1874 axioma
684 1822 707 1874 i.

336 1913 493 1972 Axioma
516 1909 607 1970 XIX.
652 1910 831 1971 Harmoniae
848 1911 1030 1971 universales
1052 1929 1104 1989 per
1119 1911 1249 1987 aliquam
1264 1916 1396 1970 motuum
1419 1910 1606 1971 latitudinem

248 1998 368 2059 eaedem
392 2004 559 2076 contingere
583 1998 762 2071 debuerunt;
785 1999 899 2059 scilicet
921 2007 954 2058 ut
977 2009 1060 2059 tanto
1083 2001 1212 2059 crebrius
1234 1999 1409 2060 acciderent.

335 2090 406 2145 Nam
425 2090 449 2146 ei
467 2090 501 2145 ad
519 2090 658 2146 individua
685 2098 789 2159 puncta
805 2099 928 2145 motuum
946 2089 1065 2146 inissent
1088 2087 1299 2160 determinatae,
1325 2089 1386 2145 fieri
1402 2090 1549 2161 potuisset,
1576 2099 1607 2146 ut

248 2185 386 2239 nunquam
404 2168 594 2239 contingerent
611 2176 659 2225 aui
677 2179 750 2227 certe
769 2171 914 2228 rarissime.
1486 2194 1491 2198 ·

339 2264 492 2321 Axioma
513 2260 589 2320 XX.
636 2260 675 2322 Ut
699 2272 744 2323 est
765 2265 983 2323 naturalissima
998 2265 1147 2323 distinctio
1169 2281 1310 2341 generum
1331 2262 1550 2321 harmoniarum
1574 2263 1602 2320 in

249 2348 353 2409 durum
376 2357 405 2408 et
427 2348 525 2422 molle,
549 2357 581 2408 ut
603 2349 679 2409 libro
694 2351 749 2412 III.
773 2352 937 2429 probatum,
960 2353 1004 2411 sic
1026 2354 1179 2428 utriusque
1202 2354 1318 2427 generis
1341 2349 1513 2410 harmoniae
1536 2351 1605 2407 uni·

249 2436 379 2497 vendes
400 2435 600 2513 procurandae
622 2437 738 2498 inerunt
760 2441 835 2498 inter
856 2440 1042 2515 planetarum
1067 2447 1211 2499 extremos
1234 2448 1340 2498 motus.

335 2524 494 2585 Axioma
515 2522 606 2582 XXL
652 2524 880 2585 Harmoniamm
903 2529 1055 2603 utriunque
1083 2529 1199 2602 generis
1223 2525 1358 2585 diversae
1378 2525 1494 2601 species
1518 2526 1605 2583 insti-

248 2611 374 2673 tuendae
389 2613 512 2685 inerunt,
537 2620 570 2670 ut
584 2610 770 2688 pulchritudo
794 2612 893 2672 mundi
909 2632 945 2674 er
961 2615 1097 2674 omnibus
1120 2613 1310 2690 possIhilibus
1334 2614 1486 2671 renotatio
1509 2629 1604 2671 mem·

247 2700 308 2760 hris
330 2702 567 2774 concinnaretnr;
590 2698 680 2776 idque
701 2719 755 2778 per
776 2710 921 2761 extremos
943 2710 1057 2776 motus,
1080 2700 1184 2762 saltem
1207 2701 1334 2778 aliquos.

335 2791 388 2847 Per
406 2791 514 2847 axioma
535 2793 556 2846 i.

334 2886 562 2963 Propositio
584 2882 691 2943 XXII.
737 2884 864 2943 Extremi
887 2883 1072 2961 planetarum
1095 2893 1193 2945 metus
1215 2885 1332 2963 signare
1353 2882 1516 2945 debuerunt
1537 2883 1607 2945 loca

252 2987 307 3032 seu
328 2973 453 3043 chordas
475 2974 645 3050 systematis
669 2970 822 3049 diapason,
847 2972 896 3031 vel
918 2972 1018 3033 claves
1040 2972 1139 3034 scalae
1161 2975 1301 3033 musicae.

336 3064 407 3120 Nam
433 3069 509 3118 ortus
535 3071 564 3118 et
581 3061 748 3131 comparatio
766 3062 984 3135 harmoniarum,
1012 3066 1180 3135 incepturum
1197 3065 1233 3121 ab
1251 3080 1305 3119 nno
1324 3064 1460 3119 communi
1477 3063 1604 3135 termina

249 3144 344 3216 gennit
361 3141 462 3198 scalam
480 3141 622 3210 manum,
645 3156 694 3196 seu
712 3140 870 3197 dictionem
889 3142 1023 3212 diapason
1040 3144 1069 3197 in
1087 3158 1138 3199 sua
1154 3141 1215 3197 loca
1232 3142 1275 3198 vel
1293 3158 1389 3211 sonos,
1415 3148 1446 3197 ui
1463 3141 1533 3198 libro
1552 3143 1604 3200 111.

248 3224 401 3293 probatum.
439 3221 507 3274 Cum
525 3219 606 3288 igitur
622 3220 798 3287 requirantur
815 3220 973 3277 harmoniae
990 3223 1063 3276 inter
1079 3230 1201 3276 motuum
1219 3230 1342 3277 extrema
1358 3221 1463 3287 mnae,
1489 3237 1540 3290 per
1557 3236 1604 3278 ax.

249 3304 265 3357 1
285 3310 313 3357 et
329 3301 364 3357 20
381 3309 410 3357 et
425 3300 475 3357 21:
502 3313 587 3369 quare
604 3298 753 3368 requiritur
779 3301 934 3368 systematis
961 3301 1076 3371 alicujus
1103 3300 1231 3356 coelestis
1250 3314 1300 3356 seu
1318 3300 1410 3356 scalae
1427 3299 1604 3355 harmonicae

248 3379 330 3435 realis
349 3378 486 3435 dhhnctio
503 3393 553 3447 per
571 3385 694 3433 extrema
710 3387 840 3437 motuum.

335 3471 552 3548 Propositio
581 3468 704 3531 XXIII.
763 3468 900 3548 Oportuit
932 3490 997 3535 esse
1026 3491 1114 3534 uuam
1145 3474 1244 3551 bigam
1284 3471 1484 3550 planetarum,
1528 3472 1607 3531 inter

250 3562 334 3639 cujus
356 3566 453 3622 motus
475 3556 575 3617 nullae
598 3565 719 3637 possent
741 3560 865 3620 existere
888 3560 1074 3636 harmoniae,
1096 3569 1211 3639 praeter
1234 3559 1309 3619 duas
1330 3567 1438 3635 sextas,
1460 3558 1605 3635 maiorem

252 3645 289 3731 ³1,
312 3657 341 3711 et
363 3650 504 3708 minorem
525 3640 574 3725 61,.

338 3739 405 3795 Cum
432 3738 503 3793 enim
530 3743 604 3791 esset
629 3736 783 3791 necessaria
811 3735 949 3793 distinctio
977 3754 1105 3806 generum
1123 3736 1339 3804 harmoniarum,
1365 3738 1607 3809 pararnonem,

248 3813 330 3889 idque
348 3835 398 3888 per
414 3824 535 3872 motuum
554 3822 677 3870 extrema
694 3815 722 3867 iu
740 3814 888 3886 apsidihns,
916 3832 966 3885 per
983 3818 1026 3887 22,
1053 3817 1118 3886 quia
1136 3818 1196 3873 sola
1214 3826 1343 3883 extrema,
1361 3818 1533 3876 tardissimus
1551 3822 1609 3877 sci·

249 3899 314 3956 licet
325 3903 353 3952 et
364 3895 557 3963 velocissimus,
575 3893 870 3962 indigentrdeiinitione
882 3897 1054 3964 procuramus
1068 3904 1096 3951 et
1107 3896 1266 3967 ordinantis,
1278 3898 1452 3953 intermediae
1465 3898 1611 3956 teredones

185 4026 197 4049 ,
250 3977 414 4048 proveniunt
430 3975 502 4029 ultro
521 3991 581 4029 cum
599 3974 659 4042 ipso
677 3974 793 4029 transitu
811 3974 938 4046 planetae
964 3993 981 4031 a
999 3975 1153 4031 tardissimo
1176 3984 1252 4032 motu
1271 3975 1306 4032 ad
1324 3975 1523 4033 velocissimum
1543 3980 1610 4035 sine

249 4055 380 4128 peculiari
399 4069 476 4110 cura:
502 4053 571 4107 haec
595 4051 678 4121 igitur
696 4054 830 4109 ordinatio
849 4054 928 4109 aliter
945 4054 1004 4111 fieri
1028 4071 1083 4113 non
1105 4056 1210 4126 potuit,
1238 4058 1303 4126 qnia
1321 4056 1449 4112 extremis
1476 4056 1613 4114 hinorum

249 4143 372 4191 motuum
397 4132 608 4203 planetariorum
627 4132 709 4187 diesis
736 4149 785 4188 seu
803 4134 859 4204 ²⁴(ae
879 4134 1084 4204 designaretur,
1112 4151 1144 4190 eo
1171 4138 1245 4206 quod
1274 4152 1375 4208 genera
1399 4135 1613 4193 harmoniarum

250 4214 319 4270 diesi
337 4213 544 4281 distinguantur,
560 4226 610 4280 per
628 4224 668 4280 ea,
687 4226 757 4280 qnae
774 4212 843 4268 libro
861 4213 911 4267 III.
930 4219 994 4267 sunt
1012 4213 1157 4282 explicata.
1186 4214 1271 4283 Atqui
1289 4215 1371 4270 diesis
1389 4221 1432 4269 eet
1449 4213 1614 4272 differentia

250 4292 292 4347 vel
311 4292 425 4347 duarum
443 4289 592 4357 tertiarum,
610 4289 643 4358 ii,
662 4296 689 4343 et
708 4288 755 4359 li„
774 4291 816 4345 nel
835 4291 949 4345 duarum
968 4298 1107 4346 sextarnm
1124 4291 1158 4361 ³i,
1176 4300 1204 4346 et
1221 4293 1268 4361 ii„
1291 4292 1335 4347 nel
1353 4293 1500 4348 earundem
1518 4295 1615 4351 abum-

251 4372 372 4428 dantium
390 4388 444 4426 uno
462 4369 504 4424 vel
520 4367 644 4438 pluribus
663 4369 793 4437 diapason
812 4370 969 4425 intervallis.
1002 4371 1080 4423 Duae
1098 4386 1162 4426 vern
1180 4373 1277 4426 terias
1296 4372 1328 4441 *1,
1347 4378 1375 4426 et
1394 4372 1426 4442 ii,
1444 4387 1498 4427 non
1517 4374 1616 4431 habu-

251 4459 330 4507 erunt
347 4452 436 4507 Iocum
452 4449 524 4504 inter
541 4447 619 4503 binos
637 4447 770 4517 planetas,
788 4464 838 4519 per
849 4464 926 4518 prop.
942 4449 967 4513 6,
985 4449 1034 4503 sed
1047 4462 1136 4519 neque
1152 4451 1251 4506 tertiae
1262 4450 1304 4507 nel
1324 4460 1419 4507 sextae
1431 4452 1618 4511 abundantes

250 4529 392 4585 interuallo
411 4529 542 4596 diapason
561 4526 666 4596 uspiam
685 4529 811 4585 inventae
829 4537 900 4596 sunt,
919 4534 1109 4597 praeterquam
1128 4529 1174 4599 li¹2
1190 4531 1218 4585 in
1236 4531 1299 4601 biga
1317 4530 1413 4586 Martis
1431 4530 1618 4605 etTelluris3

139 4606 145 4627 ‘
251 4626 340 4678 neque
355 4618 445 4665 tamen
463 4608 511 4663 illa
529 4606 622 4673 aliter,
648 4608 702 4663 nisi
720 4624 780 4663 cum
798 4607 872 4662 socia
892 4607 937 4675 1,,
964 4609 1057 4675 itaque
1076 4608 1157 4662 etiam
1179 4608 1355 4667 intermediae
1373 4613 1407 4677 ‘in
1426 4618 1454 4664 et
1473 4608 1505 4678 8i,
1525 4615 1554 4664 et
1581 4612 1622 4683 ’1,

249 4686 328 4755 juxta
346 4686 564 4744 admittebantur.
601 4687 676 4758 Ergo
696 4687 869 4758 relinquitur,
887 4694 919 4740 ut
936 4685 1042 4741 dandae
1058 4686 1162 4741 iuerInt
1179 4687 1225 4742 uni
1243 4689 1416 4758 planetarum
1434 4687 1514 4756 bigas
1533 4686 1619 4746 duae

252 4773 355 4836 sextae,
373 4766 407 4835 ⁸15
425 4772 453 4820 et
471 4765 516 4834 ³10.
535 4765 591 4821 Sed
608 4774 637 4821 et
654 4766 730 4822 solae
743 4774 837 4823 sextae
848 4765 991 4820 venationi
1009 4772 1130 4822 motuum
1148 4766 1257 4823 illorum
1274 4767 1464 4825 concedendae
1483 4764 1619 4840 inerunt,

253 4843 292 4898 sic
309 4851 340 4900 ut
356 4859 445 4914 usque
460 4844 594 4900 termium
612 4859 677 4901 suos
695 4844 731 4900 ad
749 4843 1019 4913 comprehensionem
1035 4843 1172 4903 uendit
1192 4847 1316 4917 prorlme
1332 4845 1443 4917 majcr'n
1460 4844 1542 4902 nnius
1563 4862 1622 4905 oa-
