3567 5625
257 385 318 448 tte
632 424 641 442 .
766 381 914 438 Ptolemaei
931 381 1085 439 Harmonia

256 556 483 625 determinantur;
512 556 614 629 primus
632 561 676 612 est
695 557 812 636 arculus
829 563 919 621 totus,
945 556 992 625 qni
1011 571 1119 626 semper
1141 563 1233 613 manet
1250 557 1334 627 idem,
1359 557 1429 613 alter
1445 567 1488 615 est
1505 559 1598 617 cuculi

257 653 321 705 pars
347 653 364 693 a
386 637 492 692 duobus
515 636 632 706 planetis
659 635 816 705 intercepta.
852 638 883 692 In
909 636 1042 691 sonitibus
1066 645 1162 693 mutus
1182 638 1306 706 humani,
1332 640 1448 709 primum
1470 657 1531 696 cum
1549 659 1599 712 per

257 715 444 786 symphoniam
464 715 507 770 vel
524 714 783 770 concordantias-ea
800 717 889 770 minus
908 732 951 769 res
969 731 1020 785 per
1038 731 1067 770 se
1084 724 1169 785 patet,
1188 715 1266 773 binas
1285 727 1366 774 ro'ees
1384 735 1446 776 esse
1463 737 1514 790 pro
1533 719 1598 775 duo·

259 792 311 850 bns
329 795 458 862 terminis,
476 812 538 850 cum
555 810 618 849 vero
636 811 691 854 una
708 812 761 848 vox
780 795 860 865 canit,
878 795 925 850 illa
944 794 1029 851 nihilo
1047 797 1240 866 minuspotest
1257 798 1383 853 incedere
1395 814 1446 867 per
1457 801 1598 856 intervalla

257 888 378 930 consona
395 882 423 930 et
438 874 571 930 concinna
589 889 676 943 eaque
694 888 854 942 agnoscere,
877 877 940 944 quia
958 890 1034 930 mens
1052 875 1204 945 mentisque
1223 876 1377 940 archivum,
1403 879 1532 934 memoria
1550 896 1597 938 seu

255 967 326 1019 moa,
365 961 407 1009 eat
430 954 490 1023 ipse
519 961 615 1008 cantus
644 961 740 1007 auctor
762 953 898 1021 sentitque
923 954 1037 1024 primam
1067 955 1261 1025 longitudinem
1290 971 1402 1026 asperae
1430 958 1545 1013 arteriae
1571 960 1597 1013 in

255 1039 331 1086 motu
349 1032 530 1099 constitutam,
549 1047 665 1100 eumque
683 1046 792 1086 aeneum
809 1032 908 1085 refluet
926 1047 976 1101 per
993 1039 1077 1087 totam
1095 1027 1258 1088 cantilenam
1281 1034 1370 1104 adque
1387 1051 1448 1091 eum
1471 1037 1598 1106 frequen·

254 1115 299 1165 ter
315 1110 393 1167 redit.
429 1110 504 1165 idem
522 1109 718 1180 propemodum
736 1115 786 1177 eat,
805 1125 866 1164 oum
884 1110 961 1164 audit
978 1109 1190 1166 modulationem
1207 1111 1303 1174 ubam,
1321 1115 1384 1184 quia
1399 1114 1597 1185 quodammodo

255 1188 342 1244 sociat
359 1204 389 1244 se
407 1205 482 1244 mens
500 1197 645 1258 perceptae
663 1190 779 1244 cantioni
799 1204 912 1258 eamque
930 1204 985 1243 una
999 1189 1089 1256 juvat;
1109 1190 1225 1260 deniqne
1241 1189 1275 1245 ad
1289 1194 1410 1259 quamvis
1422 1209 1516 1248 vocem
1535 1196 1598 1250 sub·

256 1265 355 1334 laum,
383 1268 474 1323 statim
492 1266 531 1321 illi
553 1268 581 1322 in
604 1274 751 1335 conspectu
776 1278 841 1322 aunt
865 1267 955 1322 omuIa
980 1270 1064 1324 totius
1087 1270 1240 1339 systematis
1265 1278 1376 1326 octavae
1394 1272 1526 1328 continua
1543 1290 1597 1336 uno

254 1345 329 1400 velut
345 1345 453 1414 iutuitu,
473 1348 554 1401 etiam
572 1345 690 1401 nondum
710 1346 820 1402 vocibus
832 1362 971 1415 expressa.
1007 1350 1050 1402 lta
1062 1348 1099 1417 fit,
1118 1350 1302 1406 atterminum
1319 1351 1501 1420 proportionis
1513 1369 1597 1408 annm

256 1425 430 1481 circumferat
447 1427 545 1495 animo,
563 1441 724 1495 comparans
742 1441 803 1482 eum
821 1426 1043 1497 uuicuique.voci
1062 1427 1216 1483 succedenti
1231 1427 1411 1498 iudicatisque
1429 1445 1463 1485 an
1476 1430 1523 1486 illa
1535 1447 1598 1487 con·

189 1523 192 1530 ·
255 1506 335 1560 niuua
358 1505 401 1560 sit.
437 1505 593 1575 Cuiusmodi
622 1504 744 1560 subsidia
770 1521 832 1559 cnm
855 1521 908 1560 nnn
933 1507 1032 1562 dentur
1056 1507 1091 1561 ad
1115 1507 1382 1576 comprehensionem
1406 1508 1597 1564 alterationem

255 1584 396 1648 materiae,
414 1600 465 1639 nec
481 1584 564 1654 igitur
582 1598 674 1638 earum
692 1582 881 1652 proportiones
901 1590 981 1640 erunt
999 1584 1190 1641 observabiles.

342 1664 477 1718 Notavi.
514 1664 590 1731 Quae
612 1662 696 1730 igitur
712 1662 740 1716 in
763 1662 883 1717 materiis
908 1662 1062 1718 alterationi
1084 1664 1213 1733 subjectis
1236 1664 1348 1733 desunt,
1374 1681 1407 1721 ea
1424 1665 1597 1722 Ptolemaeus

256 1741 320 1797 dicit
336 1743 375 1799 ibi
393 1760 447 1797 non
466 1741 568 1798 deesse.
590 1742 651 1797 »ubi
669 1741 708 1795 rei
726 1748 817 1795 motus
835 1750 1013 1798 conversatur
1034 1744 1105 1798 inter
1121 1746 1226 1814 species
1250 1760 1299 1800 sen
1316 1744 1440 1799 formas·
1478 1744 1598 1800 Rursum

253 1828 285 1876 ut
302 1836 384 1891 saepe
402 1821 470 1877 alias
490 1822 637 1888 coufirmat,
655 1822 844 1889 proportiones
863 1824 946 1876 rebus
964 1823 1113 1877 secundnm
1131 1831 1232 1878 motum
1244 1823 1335 1878 Inesse
1379 1821 1521 1890 Quomodo
1533 1840 1598 1878 vero

176 1959 181 1968 ὁ
218 1897 222 1906 ’
256 1899 323 1954 dicit
347 1909 448 1954 motum
473 1900 544 1954 iuter
569 1899 674 1968 species
699 1901 870 1955 conversari?
908 1901 1052 1968 himinum,
1079 1903 1186 1971 qnando
1212 1909 1301 1957 motus
1324 1916 1379 1956 non
1401 1910 1445 1956 eat
1466 1900 1599 1964 ἀιεφαλος

258 1979 345 2049 quasi,
363 1984 410 2035 aut
427 1994 539 2045 coecus,
559 1992 668 2033 causam
686 1976 800 2032 trahens
819 1994 853 2032 ex
871 1978 956 2035 solius
974 1980 1102 2035 materiae
1120 1981 1295 2046 necessitate,
1318 1980 1366 2035 aed
1386 1980 1494 2050 quando
1512 1980 1600 2036 tendit

256 2059 290 2116 ab
309 2075 364 2114 una
381 2061 472 2129 specie
490 2071 538 2115 seu
557 2057 735 2127 dispositione
753 2057 787 2111 ad
806 2058 887 2113 uliam
905 2059 987 2127 hujus
1004 2058 1119 2126 generis.
1156 2058 1324 2127 Estquidem
1336 2058 1411 2114 calor
1429 2058 1520 2127 aliqua
1538 2073 1599 2128 ape·

257 2139 321 2203 cles,
339 2139 362 2193 si
380 2145 552 2210 comparator
569 2139 603 2194 ad
622 2138 751 2206 majorem
770 2138 812 2190 vel
829 2139 972 2206 minorem,
994 2144 1084 2192 motus
1106 2138 1187 2206 igitur
1205 2138 1390 2194 calefactione
1415 2154 1470 2193 uon
1488 2153 1598 2192 conver

260 2224 336 2273 satur
353 2219 424 2273 inter
440 2217 557 2287 species.
593 2220 661 2272 Nam
680 2214 807 2286 frigidum
826 2216 975 2271 formaliter
992 2223 1035 2271 est
1051 2216 1161 2287 negatio
1176 2217 1268 2285 potius
1280 2216 1377 2272 calone
1396 2223 1425 2270 et
1436 2232 1485 2271 ens
1496 2216 1598 2278 fictum,

256 2298 311 2354 imo
329 2315 383 2354 non
402 2313 458 2368 ens,
478 2299 542 2368 quia
558 2298 645 2368 primo
663 2294 849 2352 calefactionis
867 2294 1009 2362 principio,
1029 2295 1137 2362 quando
1156 2310 1190 2347 ne
1202 2301 1291 2349 motos
1304 2294 1412 2363 quidem
1425 2309 1486 2350 ease
1499 2301 1599 2365 potest,

256 2379 358 2448 quippe
375 2386 511 2434 momento
528 2378 671 2446 temporis,
694 2378 751 2446 jam
775 2374 900 2443 frigidum
924 2372 1039 2442 amplius
1064 2372 1216 2440 subjectum
1243 2372 1367 2428 absolute
1391 2388 1446 2427 non
1471 2381 1521 2429 ast.
1557 2375 1599 2429 De

256 2455 360 2527 reliquo
386 2455 527 2512 calefactio
553 2463 678 2511 versatur
703 2456 774 2510 inter
800 2453 884 2520 inagis
910 2459 938 2506 et
963 2453 1051 2506 minus
1074 2450 1182 2506 caloris.
1219 2452 1255 2505 nt
1279 2460 1367 2506 motus
1386 2451 1549 2506 considerati
1571 2452 1600 2506 in

150 2555 154 2562 ¹
256 2536 353 2591 anisnis
371 2535 509 2591 hominum
526 2534 651 2591 fernntnr
674 2532 907 2601 atranqnillitatc
929 2531 1063 2593 adirem,
1090 2530 1271 2599 voluptatem,
1298 2530 1418 2585 dolorem
1441 2539 1470 2585 et
1493 2531 1599 2600 similis,

257 2615 302 2683 qui
321 2621 384 2670 sunt
401 2611 515 2668 adactus
533 2612 623 2682 speeie
641 2611 803 2668 differentes.
840 2611 908 2666 Tale
928 2610 993 2680 quid
1011 2610 1100 2665 innuit
1116 2611 1198 2664 etiam
1217 2611 1251 2666 de
1263 2610 1429 2667 coelestibus
1447 2611 1600 2670 dicendum,

177 2718 183 2730 ·
256 2703 285 2747 et
302 2708 353 2762 ego
371 2692 490 2747 concedo
508 2691 542 2744 de
559 2699 634 2747 motu
652 2688 779 2760 planetae
797 2688 965 2743 velocissimo
982 2697 1011 2743 et
1029 2689 1194 2759 tardissim03
1221 2698 1285 2745 aunt
1306 2690 1376 2745 enim
1400 2699 1428 2745 at
1446 2690 1498 2745 bae
1515 2691 1600 2746 veluti

256 2772 362 2842 species
376 2765 514 2839 quaedam
531 2770 628 2825 saltem
646 2767 809 2824 altrinsecus
828 2767 994 2822 terminatae.
1032 2767 1181 2823 Terminus-i
1201 2771 1281 2826 etiam
1299 2769 1449 2844 specierum
1467 2780 1518 2827 eat

342 2851 415 2923 Nota
432 2850 492 2906 VIL
527 2851 619 2905 Motus
638 2849 672 2904 de
690 2849 781 2918 specie
799 2848 827 2901 in
845 2846 964 2917 speeiem
982 2848 1047 2902 dicit
1066 2848 1156 2904 inesse
1173 2849 1200 2902 in
1218 2849 1316 2919 rebus,
1345 2865 1415 2919 quae
1433 2850 1535 2905 habent
1553 2867 1601 2906 na·

257 2937 332 2985 mres
352 2930 527 2999 perfectiores
546 2937 575 2984 et
586 2927 782 2984 rationaliorea.
818 2926 954 2995 Equidem
967 2934 1064 2993 motus,
1084 2943 1163 2997 quem
1178 2935 1305 2983 causatur
1321 2929 1433 2983 materia
1445 2929 1510 2998 sola,
1529 2946 1601 2998 qnae

256 3005 332 3062 illum
350 3008 443 3076 habet,
462 3016 602 3063 tantuma
620 3007 714 3076 maq‘ori
732 3006 768 3061 ad
786 3005 875 3059 miuus
892 3005 995 3074 tendit;
1022 3021 1082 3060 cnm
1101 3012 1193 3060 autem
1211 3012 1302 3060 motus
1320 3006 1348 3059 in
1364 3015 1465 3063 certam
1482 3009 1601 3078 speciem

256 3084 357 3155 tenor,
383 3086 449 3142 facit
465 3086 492 3140 id
511 3086 624 3142 consilio
643 3086 774 3155 adeius,
793 3085 871 3153 cirins
889 3091 931 3138 est
948 3092 1051 3143 motus,
1074 3083 1116 3137 vel
1134 3082 1247 3152 opificis.
1284 3085 1430 3140 Consffium
1448 3095 1539 3142 autem
1559 3094 1603 3141 est

256 3164 369 3220 rationis
388 3172 416 3219 et
434 3166 503 3221 ratio
521 3165 697 3233 perfectiores
710 3171 828 3225 naturas
845 3162 1000 3230 constituit,
1026 3161 1253 3230 quemadmodum
1278 3170 1307 3217 et
1324 3163 1429 3232 spectes
1447 3164 1523 3233 ipsae
1541 3180 1602 3234 per·

257 3243 353 3299 factius
372 3245 436 3312 quid
455 3252 526 3313 sunt,
546 3245 647 3314 quippe
665 3242 878 3306 determinatius,
897 3256 977 3311 quam
995 3241 1023 3296 in
1042 3241 1135 3296 eadem
1154 3241 1244 3310 specie
1261 3243 1346 3310 magis
1364 3253 1392 3298 et
1409 3245 1503 3300 miuus.

342 3324 416 3379 Nota
432 3324 507 3380 VIII.
545 3324 711 3378 Divisionem
729 3322 826 3378 statuit
848 3323 921 3376 inter
939 3320 1029 3375 diviua
1047 3326 1075 3375 ct
1091 3319 1223 3386 mortalia,
1242 3321 1341 3388 quibus
1354 3322 1459 3378 duabus
1477 3321 1603 3378 differen-

255 3403 301 3459 ttls
317 3403 520 3458 universitatem
538 3418 628 3457 rernm
649 3400 774 3459 absolvit.
810 3400 896 3456 Nobis
915 3398 1075 3454 Christiania
1092 3399 1180 3467 prium
1198 3398 1292 3453 divisio
1305 3401 1435 3455 statuitur
1451 3401 1522 3456 inter
1539 3418 1603 3457 aue

255 3492 343 3539 torem
366 3490 393 3537 et
415 3498 498 3551 opus,
526 3480 571 3536 ille
593 3481 668 3537 aolus
690 3483 812 3548 divinus,
837 3480 927 3550 operis
946 3494 1010 3534 vero
1028 3479 1132 3549 species
1157 3477 1264 3547 aliquae
1286 3477 1465 3547 immortales,
1493 3478 1603 3550 aliquae

256 3561 455 3632 tomtrptibiles.
491 3560 552 3615 Jam
575 3559 602 3614 in
628 3560 725 3615 divinis
751 3559 900 3630 praecipua
925 3558 1021 3612 statuit
1038 3572 1153 3626 corpora
1177 3558 1319 3624 coelestia,
1346 3559 1447 3627 quippe
1469 3574 1541 3626 quae
1558 3560 1603 3614 Dii

257 3647 321 3697 suut
339 3640 500 3711 gentilibus3
519 3639 598 3694 nobis
620 3646 684 3696 suut
700 3638 765 3692 clim
784 3634 988 3705 corrumpenda,
1007 3644 1035 3690 et
1053 3633 1125 3705 quod
1138 3634 1270 3690 hactenus
1283 3637 1480 3706 perennitatem
1492 3636 1603 3694 habent

163 3752 169 3765 ,
256 3719 285 3775 id
302 3735 443 3774 commuue
461 3735 522 3774 cum
541 3717 652 3774 Tellure
670 3716 780 3773 babent.
816 3715 895 3783 Quod
914 3730 976 3768 vero
994 3715 1021 3769 In
1041 3714 1126 3771 Terra
1150 3721 1214 3770 sunt
1231 3716 1356 3772 mortalia
1375 3725 1403 3770 et
1420 3716 1603 3779 alterationes

259 3804 375 3868 possunt
393 3799 466 3854 etin
486 3796 574 3867 globis
592 3796 732 3852 stellarum
751 3811 811 3851 esse
829 3792 997 3859 consimiles,
1021 3799 1077 3847 tam
1094 3808 1149 3847 non
1167 3794 1314 3862 conspicua
1331 3797 1423 3864 nobis,
1450 3811 1532 3865 quam
1549 3796 1603 3850 illis

258 3875 346 3945 globis
370 3883 463 3931 nostra
485 3877 589 3932 miunta
611 3876 752 3932 terrestria
777 3875 929 3944 conspicua
948 3888 1002 3927 non
1027 3879 1100 3927 sunt.
1137 3874 1235 3928 Mirum
1253 3882 1356 3943 autem,
1383 3891 1432 3929 eur
1456 3877 1604 3945 praecipua

258 3969 293 4006 cx
312 3952 408 4009 divinis
426 3953 509 4010 faciat
526 3970 642 4024 corpora
659 3953 799 4020 coelestia,
817 3952 898 4022 quasi
914 3966 964 4005 nec
983 3949 1048 4004 deos
1067 3949 1136 4004 aciat
1153 3965 1204 4006 uec
1221 3951 1345 4021 angelos,
1364 3952 1416 4008 illis
1434 3955 1602 4024 corporibus,

257 4040 286 4086 et
304 4030 350 4099 qui
368 4047 401 4087 eu
418 4032 574 4097 informent,
597 4031 780 4087 intellectibus
798 4029 1022 4101 praestantiores,
1048 4027 1163 4096 seipsis
1182 4029 1362 4085 subsistentes
1380 4046 1430 4086 uec
1448 4049 1465 4086 a
1483 4034 1602 4103 corpori·

258 4113 310 4168 bns
328 4112 410 4166 certia
427 4128 527 4180 nexos,
546 4128 615 4181 quae
634 4113 731 4182 opinor
749 4111 902 4167 Stoicorum
921 4108 1044 4177 adeoque
1063 4115 1090 4162 et
1108 4108 1193 4176 ipsius
1211 4108 1366 4163 enstotelis
1385 4107 1524 4180 theologia
1542 4111 1602 4166 fuit

258 4193 334 4245 Inter
350 4190 475 4259 mortalia
493 4192 653 4261 praecipuas
671 4197 795 4246 recenset
812 4190 916 4244 animas
934 4187 1074 4255 humanas,
1093 4188 1192 4241 misera
1203 4186 1364 4254 gentilitatis
1379 4189 1532 4257 ignorantia
1549 4193 1602 4245 fas

244 4262 379 4335 'cluatus,
406 4268 484 4324 nobis
510 4260 670 4324 Christianis
694 4269 784 4324 solatii
808 4268 959 4336 dimidium,
987 4266 1176 4338 philosophiae
1199 4281 1262 4321 vero
1288 4282 1358 4336 apex
1388 4275 1431 4322 est
1453 4268 1603 4325 animorum

258 4354 412 4403 nostrorum
430 4342 624 4411 immortalitas,
643 4362 724 4417 quam
742 4347 824 4401 etum
842 4346 1066 4416 philosophorum
1076 4344 1156 4398 multi
1173 4352 1201 4398 et
1212 4345 1357 4414 praecipue
1366 4345 1501 4401 Platonici
1510 4363 1602 4404 omues

258 4433 322 4496 post
338 4425 521 4481 Ptolemaeum
541 4426 736 4484 defenderunt,
755 4427 817 4484 vide
834 4425 1002 4483 Macrobium
1021 4425 1049 4479 in
1068 4424 1158 4479 Soron.
1178 4423 1318 4493 Scipionis.

344 4504 417 4560 Nota
435 4503 482 4558 III
518 4504 632 4560 Animas
648 4503 781 4565 humanas
805 4512 833 4559 et
851 4506 981 4562 coelestia
999 4520 1113 4574 corpora
1136 4505 1233 4573 probat
1251 4520 1311 4561 esse
1333 4506 1540 4575 praestantioris
1558 4523 1601 4562 na·

258 4588 336 4638 turae
353 4597 388 4637 ex
406 4599 447 4651 eo,
466 4584 538 4653 quod
557 4591 646 4638 motus
664 4582 759 4638 localis
778 4590 805 4637 et
823 4583 937 4639 rationis
955 4583 1009 4638 sint
1021 4591 1167 4653 compotes,
1185 4591 1240 4637 tam
1252 4582 1381 4638 coelestia
1396 4599 1479 4653 quarn
1490 4584 1600 4640 animae

260 4660 390 4731 Intelliglt
408 4667 511 4717 motum
528 4663 666 4718 coelorum
685 4662 866 4718 administrari
884 4664 919 4719 ab
937 4660 1124 4731 intelligentia
1142 4662 1247 4731 corpori
1264 4661 1406 4730 obunctis,
1425 4662 1522 4718 animis
1540 4678 1600 4717 vero

261 4739 384 4796 humanit
402 4750 504 4796 motum
522 4759 666 4812 corporum
684 4758 795 4797 auorum
814 4749 956 4810 acceptum
973 4740 1033 4797 fert.
1069 4743 1282 4811 Argumentatur
1299 4741 1381 4811 igitur
1402 4757 1419 4796 a
1437 4740 1600 4810 praestantia

259 4826 350 4876 motus
365 4819 460 4876 localia
477 4835 544 4891 prae
561 4821 660 4877 cetaria
677 4820 713 4875 ad
725 4820 925 4890 ,praestantiam
943 4835 1051 4889 eorum,
1075 4824 1146 4891 quta
1163 4820 1236 4876 illius
1258 4820 1420 4892 priucipium
1443 4822 1471 4876 in
1490 4837 1521 4878 se
1538 4820 1599 4892 ipsis
