3567 5625
290 522 333 582 34
668 514 810 585 Epistulae
827 512 1129 585 Kopion-aliorumque
1145 520 1257 571 mutuae

291 712 373 756 mens
395 694 485 757 irater
507 702 559 768 ast,
583 710 653 772 ergo
675 691 820 754 Heuriaus
842 702 873 754 et
894 692 1039 754 Sebaidus
1061 697 1137 756 inter
1157 713 1189 755 se
1211 703 1279 755 sunt
1301 695 1413 755 1111111.
1450 693 1539 790 Pptar
1560 697 1639 755 enim

290 783 411 844 Hearini
433 783 572 843 Emastus
593 799 629 841 ex
651 799 742 842 uxore
758 780 912 843 Waltruda
934 784 1036 859 genuit
1050 782 1218 858 Henrioum,
1241 798 1300 860 quo
1326 792 1441 843 mortuo
1465 800 1537 842 uxor
1553 782 1639 843 Wal-

290 870 377 931 truda
397 887 464 930 meo
492 870 568 947 patri
590 869 757 929 Friederioo
787 871 887 946 nupsit
917 887 1022 945 meque
1051 874 1174 948 peperit
1220 869 1286 947 Qua
1308 879 1423 930 mortua
1450 878 1534 946 pater
1555 887 1639 931 meus

291 958 500 1051 Kaniguudam
524 957 615 1029 duxit,
639 975 734 1033 exque
756 974 792 1016 aa
814 955 975 1017 Sebaldum
997 962 1135 1035 suscepit.
1181 958 1326 1019 Heumann
1348 961 1436 1036 igitur
1458 958 1528 1018 mihi
1551 959 1640 1018 irater

189 1047 192 1052 “
293 1055 347 1122 est,
371 1044 424 1106 sed
447 1047 587 1118 uterinus,
610 1042 756 1104 Sebaidus
779 1046 875 1118 irater,
899 1044 1034 1105 sedulia
1055 1054 1157 1108 maier.
1196 1047 1234 1106 lit
1255 1048 1298 1106 sie
1314 1044 1457 1106 Haurieus
1479 1052 1511 1105 st
1532 1044 1640 1106 Sabal-

292 1134 346 1195 dus
374 1136 450 1194 iuter
475 1150 508 1193 ae
536 1133 637 1192 iratres
668 1150 725 1193 nou
750 1141 827 1193 suut.
872 1132 913 1191 At
934 1134 961 1191 si
983 1141 1107 1210 uterque
1133 1151 1288 1210 germanus
1310 1134 1381 1193 mihi
1409 1133 1497 1193 irater
1518 1136 1570 1209 ait,
1603 1150 1639 1194 ax

292 1230 416 1299 utroque
438 1227 570 1298 parente,
593 1228 677 1280 eruut
699 1229 729 1282 et
749 1223 808 1298 ipsi
830 1223 905 1280 iuter
927 1237 959 1280 sa
980 1220 1091 1283 iratres.
1131 1220 1180 1281 Sia
1203 1226 1231 1280 in
1255 1223 1367 1282 musica
1388 1219 1415 1281 G
1437 1238 1503 1281 aum
1525 1221 1547 1281 d
1568 1238 1639 1281 eon·

291 1318 377 1370 sonat
397 1325 449 1387 per
472 1310 612 1386 quintam,
636 1315 665 1367 et
687 1328 708 1368 a
730 1324 795 1368 anm
816 1307 839 1367 d
857 1315 1001 1369 consonat
1022 1326 1074 1385 per
1089 1312 1229 1385 quintam,
1253 1317 1402 1369 ettamen
1425 1307 1452 1369 (i
1474 1310 1512 1369 ab
1535 1329 1556 1369 o
1579 1308 1640 1368 dis·

291 1403 386 1457 sonat.
424 1396 534 1456 aduisa
557 1411 627 1455 vero
650 1395 899 1470 determinatione,
925 1401 957 1455 nt
971 1392 1124 1474 longitudo
1140 1396 1303 1458 chordaed
1323 1405 1352 1457 et
1374 1396 1500 1457 moroso
1516 1416 1536 1455 a
1558 1414 1640 1457 oom-

293 1488 408 1564 positaa
431 1490 559 1561 aequent
580 1482 719 1544 mandam
744 1482 779 1559 G,
803 1492 872 1543 tuna
895 1501 1014 1544 neeesse
1036 1493 1123 1558 esset,
1148 1492 1178 1544 et
1202 1483 1229 1544 G
1252 1502 1318 1545 oum
1340 1504 1361 1544 o
1384 1483 1569 1546 concordare.

379 1607 417 1670 V.
461 1607 506 1667 Ex
527 1606 585 1666 hoo
606 1606 754 1666 axiomata
776 1603 992 1666 demonstratur
1015 1612 1044 1665 et
1065 1606 1122 1666 boo
1144 1605 1283 1668 alterum:
1315 1609 1339 1666 si
1362 1614 1441 1668 totus
1463 1606 1587 1668 airoulus
1610 1610 1639 1665 iu

294 1694 353 1756 duo
376 1696 464 1756 abeat
486 1691 646 1772 segmenta,
670 1702 700 1755 et
722 1711 758 1754 ex
781 1694 873 1754 tribus
895 1693 941 1752 bis
957 1692 1015 1754 duo
1031 1692 1196 1754 disabment
1214 1697 1288 1756 inter
1301 1713 1343 1768 se,
1366 1694 1538 1756 alterutrum
1552 1695 1639 1756 etiam

293 1800 313 1843 a
336 1783 422 1844 tortio
446 1781 620 1866 disperdere.
656 1782 757 1842 Patet:
779 1782 855 1842 Nam
878 1783 917 1841 sit
939 1789 1034 1840 totum
1049 1783 1077 1855 8,
1099 1792 1197 1859 partes
1217 1787 1235 1850 i
1261 1792 1290 1843 at
1315 1787 1342 1856 l,
1365 1782 1512 1843 disoordet
1536 1787 1551 1842 l
1577 1787 1640 1844 ai.

292 1869 325 1931 Si
349 1887 418 1947 ergo
441 1879 611 1946 utrumque,
641 1876 671 1928 et
696 1872 711 1929 1
736 1877 766 1929 et
790 1873 806 1927 7
831 1868 1020 1952 concordaret
1048 1886 1114 1928 oum
1137 1871 1172 1943 8,
1203 1879 1273 1929 tuno
1298 1888 1351 1947 per
1372 1871 1426 1932 IV.
1448 1873 1640 1948 praemissam

291 1960 359 2034 ipsa
380 1958 468 2018 etiam
493 1961 507 2016 l
532 1968 562 2018 et
585 1961 603 2016 ‘1
625 1957 701 2016 inter
722 1974 754 2017 se
769 1955 991 2016 concordarent:
1014 1955 1092 2032 quod
1112 1965 1157 2017 est
1173 1959 1346 2017 eontrarium
1362 1962 1524 2036 supposito.
1561 1958 1640 2034 Ergo

293 2044 537 2121 quemadmodum
563 2045 710 2106 axiomata
738 2044 793 2105 IV.
824 2044 901 2105 duae
929 2045 1137 2122 consonantiae
1166 2043 1406 2128 praebupponunt
1435 2050 1565 2120 tertiam,
1597 2048 1641 2105 sie

292 2133 350 2193 boo
372 2136 518 2194 axiomata
545 2135 646 2210 quinto
674 2150 733 2192 uua
761 2131 942 2192 dissonantia
971 2135 1183 2209 praesupponit
1206 2140 1236 2193 et
1257 2133 1396 2194 alteram:
1427 2142 1460 2193 ut
1490 2151 1549 2195 uua
1575 2133 1641 2194 sola

294 2221 475 2282 dissonantia
496 2228 572 2281 stare
593 2237 652 2280 uon
673 2223 776 2298 possit

379 2343 424 2402 Ex
445 2343 492 2404 his
512 2345 641 2421 quinqua
669 2344 866 2432 axiomatibus
886 2348 1084 2420 propagantur
1106 2345 1322 2420 propositiones
1351 2343 1387 2406 de
1417 2345 1642 2421 quibusnanque

294 2430 427 2509 partibus
451 2431 551 2493 nrouii
573 2433 605 2491 in
626 2431 779 2507 infinitum,
802 2434 828 2491 si
849 2429 989 2508 placeret
1020 2427 1164 2505 'Quarum
1186 2431 1236 2492 bia
1257 2432 1384 2493 exhibeo
1407 2432 1558 2494 tobaliam

473 2588 587 2637 Portinui
814 2591 822 2607 ⁶
1103 2587 1215 2636 Portioni

387 2666 662 2699 w
1016 2666 1298 2700 w

388 2711 499 2762 Breviori
532 2713 652 2774 Longiori
1015 2709 1126 2759 Breviori
1160 2711 1279 2773 Longiori

475 2784 559 2833 Ρῑῐῐθῠ
592 2777 596 2790 '
1101 2781 1188 2831 Partes

442 2852 465 2905 i.
584 2850 610 2905 1.
663 2854 836 2902 consonabunt
1066 2849 1091 2904 4,
1214 2851 1238 2904 7,
1292 2853 1455 2904 dimum,

442 2939 467 2992 1.
590 2936 615 2992 2.
738 2978 751 3004 „
1067 2918 1092 2973 5.
1196 2920 1240 2976 ·d.
1293 2926 1463 2974 consonabunt

442 3024 605 3080 ua
1014 2998 1278 3012 ““““““”’“

388 3065 645 3179 -2ss-...2'ss
666 3063 863 3151 1111111131
1198 3028 1241 3154 19.
1294 3029 1494 3154 314115184ῗὲ5

1019 3025 1095 3150 i·

442 3184 466 3238 1.
587 3185 613 3240 4.
668 3187 839 3236 consonabunt
1067 3163 1092 3219 3·
1214 3166 1239 3222 9.
1308 3207 1320 3232 ,,
1355 3207 1367 3232 ,,
1397 3168 1496 3224 1133

440 3253 467 3309 2.
588 3254 612 3311 3.
1067 3235 1093 3289 4.
1214 3237 1241 3293 8.
1307 3276 1320 3302 „
1354 3277 1367 3302 .,
1394 3238 1494 3294 iant

397 3329 646 3395 *ἴ
1068 3307 1093 3361 5.
1214 3309 1238 3362 7.
1292 3313 1457 3363 dissonabum

1068 3377 1092 3432 3.
1214 3379 1239 3433 3.
1292 3387 1330 3433 est
1347 3390 1376 3433 ut
1395 3382 1408 3436 1
1428 3381 1492 3435 adi

440 3341 466 3466 3
586 3411 614 3466 4.
666 3380 782 3468 ...1.
803 3411 870 3467 ..1

443 3482 468 3538 3.
1199 3483 1238 3539 12.
1291 3493 1464 3539 onusnnabunt

442 3573 466 3626 1.
586 3571 612 3627 6.
667 3576 839 3624 consonabunt
1057 3557 1092 3605 ¹2·
1198 3554 1241 3608 11.
1294 3558 1457 3610 dissonabunt

442 3641 467 3696 2.
588 3642 612 3697 5.
1068 3622 1092 3677 3.
1200 3625 1242 3680 10.
1295 3632 1467 3680 consonabunt

442 3711 465 3766 3.
587 3706 612 3765 4.
731 3682 744 3779 Ζ
1067 3691 1094 3748 4.
1216 3694 1238 3748 9.
1295 3699 1460 3750 dissonabunt

388 3776 648 3796 ’““““’““““““
1069 3764 1093 3817 5.
1215 3764 1240 3818 8.
1294 3773 1466 3821 consonabunt

1068 3834 1094 3888 6.
1217 3837 1241 3891 7.
1296 3839 1460 3892 dimanabant

590 3483 617 3537 3.
681 3484 868 3552 „taut

390 3557 647 3569 ἡ*-

444 3800 468 3856 1.
588 3801 613 3857 7.
666 3802 831 3852 dissonabunt

443 3868 469 3926 2.
591 3870 618 3928 d.
671 3866 870 3924 ostentati

443 3940 468 3997 3.
588 3941 614 3996 5.
667 3945 839 3993 consonabunt
1202 3941 1243 3998 13.
1367 3983 1380 4009 ,

443 4010 469 4064 4.
590 4011 615 4067 4.
669 4009 867 4065 astutiadd
1198 4011 1241 4067 12.
1295 4019 1497 4071 astutiadd

444 4170 471 4226 2.

446 4241 470 4296 3.

445 4310 471 4365 4.

589 4100 616 4156 8
670 4102 843 4152 consonabunt
1156 4102 1162 4115 ·
1201 4083 1244 4139 11.
1298 4087 1462 4139 dissonabunt

1215 4224 1239 4279 9.
1292 4227 1456 4279 dissonabunt

592 4240 617 4296 δ’
671 4239 871 4296 ”tuum
1216 4293 1242 4349 8.
1294 4295 1496 4351 1111113134

1216 4365 1240 4419 7.
1306 4403 1320 4431 „
1352 4406 1366 4432 „
1399 4369 1495 4424 taut

449 4400 470 4455 1.
590 4399 615 4455 9.
670 4402 834 4452 dissonabunt
1028 4438 1280 4455 -1-

446 4468 472 4524 2.
593 4470 617 4524 8.
670 4470 871 4524 1111111134
1068 4469 1093 4521 1.
1199 4467 1240 4523 14.
1294 4470 1459 4523 dimanabant

446 4540 471 4596 3.
593 4542 618 4596 ’1.
670 4544 835 4594 dimanabant
1069 4539 1094 4594 2.
1200 4537 1241 4594 13.
1367 4579 1380 4605 „

446 4611 472 4665 4.
592 4612 617 4666 6.
671 4610 872 4666 1111121113
1073 4610 1098 4665 3.
1204 4609 1243 4663 12.
1296 4613 1497 4670 ututtsdt

448 4683 473 4738 5.
594 4683 620 4738 5.
682 4721 695 4747 a
734 4721 750 4751 o
769 4682 783 4735 1
804 4684 868 4735 adi
964 4680 970 4687 ’
1071 4679 1097 4805 ἑ.
1202 4680 1242 4735 11.
1296 4683 1459 4736 dissonabunt

1072 4819 1130 4895 6⁸,

1071 4890 1096 4945 7.

591 4311 616 4365 5.
668 4315 841 4364 eousonabnut

391 4380 653 4395 -n—

1072 3940 1095 3993 l.

1069 4009 1094 4065 2.

1069 4079 1096 4137 3.

592 4171 616 4224 7.
670 4173 834 4222 dissonabunt
1068 4151 1094 4277 ’ἑ
1201 4153 1242 4208 10.
1291 4154 1491 4213 1111121115

1069 4293 1095 4349 5.
1146 4344 1150 4355 .

1070 4365 1094 4418 7.

394 4754 656 4828 Ἴ
674 4772 846 4843 consonabunt
1202 4751 1244 4874 13·
1298 4759 1335 4885 031
1351 4760 1380 4888 :²
1397 4753 1464 4879 {13
1480 4755 1500 4881 ξ

446 4773 473 4896 9.
593 4840 619 4896 9.
675 4843 839 4894 dissonabunt

447 4911 474 4969 3.
596 4912 621 4967 8
672 4914 846 4965 oousousbunt
1216 4889 1242 4945 8
1295 4895 1459 4948 diminuit
