3567 5625
655 441 738 498 utu
754 441 959 510 aucuns.
1422 422 1484 508 ss's

134 619 183 674 n'as
206 629 372 687 congruunt;
397 620 539 690 praecellit
562 620 668 689 trigono
692 618 864 687 hexagonus,
888 618 953 687 quis
974 616 1204 685 perfectissimam
1222 616 1329 673 obtinet
1351 618 1380 672 in
1403 616 1486 687 plano

134 700 349 767 congruentiam,
378 699 443 755 solis
463 716 500 754 ac.
518 698 604 753 ternis
622 697 740 765 angulis3
767 695 939 766 praecellunt
964 695 1042 749 ambo
1062 694 1251 763 dodecagono,
1278 697 1441 767 quinetiam
1457 697 1487 751 in

133 775 217 831 solido
236 787 391 846 congruunt
413 779 453 832 illi
479 795 540 833 oum
563 777 658 846 figuris
681 775 756 844 aliis,
784 772 857 843 quod
881 790 937 829 nou
961 781 1053 842 potest
1077 773 1278 841 dodeoagouus.
1313 777 1351 829 At
1368 776 1486 831 vicissim

132 854 271 922 praecellit
288 854 400 933 reliquis
419 856 611 923 dodecagonus
630 854 789 910 effabilitate
808 865 905 917 areae,
929 867 990 907 cum
1009 850 1117 905 illorum
1133 867 1215 906 areae
1238 853 1293 907 sint
1310 853 1441 911 mediales
1459 860 1487 909 et
1534 898 1536 907 ,

133 933 168 987 sic
186 932 377 1000 ignobiliorem
395 951 465 1006 quae
484 950 608 990 arearum
626 933 788 1002 differentia,
806 940 837 989 ut
850 932 909 998 jam
927 930 1007 985 modo
1021 930 1131 999 dictum,
1149 931 1283 987 redundat
1298 933 1325 987 in
1337 949 1486 1003 congruen·
1585 952 1592 965 ’

131 1011 181 1066 tiae
202 1011 413 1081 perfectionem.
450 1016 494 1070 Sic
519 1016 599 1068 etiam
626 1013 749 1082 trigonus
774 1011 916 1083 praecellit
942 1026 1050 1067 rursum
1067 1010 1223 1079 iumagono,
1251 1026 1283 1066 eo
1302 1010 1376 1081 quod
1394 1027 1487 1067 secum

130 1091 187 1160 ipss
207 1091 341 1160 trigonius
358 1094 465 1160 species
483 1094 511 1147 in
530 1091 617 1147 solido
637 1092 761 1162 congruit
778 1091 851 1145 varie
870 1089 1009 1160 gignitque
1031 1090 1083 1143 tria
1102 1105 1217 1157 corpora
1234 1090 1384 1160 regularia3
1403 1091 1485 1145 bera·

130 1187 216 1239 gonus
235 1180 341 1227 tantum
359 1187 421 1227 cum
438 1171 532 1239 figuris
549 1171 612 1226 aliis
631 1172 763 1239 congruit
799 1170 842 1225 Ita
866 1170 988 1238 pensatis
1009 1168 1079 1224 inter
1097 1184 1127 1224 se
1149 1166 1316 1225 diversarum
1335 1171 1485 1239 proprieta-

131 1258 184 1305 tum
204 1250 388 1321 ponderibus,
410 1251 601 1318 congruentia,
625 1265 695 1320 quae
713 1250 828 1319 primum
856 1258 883 1303 et
902 1250 1078 1318 praecipuam
1096 1247 1259 1302 elementum
1277 1256 1320 1303 est
1338 1249 1485 1319 efficaciae,
1546 1274 1550 1289 ·

131 1345 213 1398 penes
238 1331 290 1385 hos
309 1340 364 1384 tres
382 1329 577 1399 propemodum
603 1329 638 1385 sd
656 1326 843 1398 aequilibrium
867 1329 1034 1398 perducitur.
1070 1326 1102 1381 In
1128 1327 1272 1384 scibiiitate
1289 1330 1390 1398 primas
1411 1340 1487 1387 tenet

131 1409 321 1478 smsngulnm,
339 1408 418 1477 cujus
437 1408 508 1463 latus
528 1408 654 1476 effabile,
672 1407 804 1463 secundas
822 1409 955 1477 trigonus,
973 1416 1089 1477 occupat
1100 1407 1171 1461 enim
1189 1406 1304 1462 eundem
1322 1425 1384 1464 cum
1401 1418 1485 1466 tetra·
1520 1436 1528 1447 =

132 1488 345 1557 retrogradum,
368 1487 473 1543 habens
491 1488 563 1543 latus
582 1487 689 1543 effabile
707 1488 844 1556 potentia,
870 1488 958 1543 viliori
980 1495 1072 1544 tamen
1095 1480 1286 1556 pioportioue;
1311 1488 1420 1544 ultimus
1441 1491 1486 1546 bic

132 1577 170 1621 est
198 1566 407 1634 dodeeagonus,
433 1564 537 1620 habens
564 1567 636 1621 latus
660 1564 805 1621 ineffabile.
842 1567 943 1621 Verum
964 1567 1097 1622 scibilitas
1122 1580 1173 1620 nec
1190 1567 1366 1635 praecipuum
1385 1572 1486 1627 estad

132 1646 280 1701 efficaciam
298 1654 503 1712 argumentum,
521 1660 572 1700 nec
590 1644 617 1698 in
636 1645 724 1713 ligura
742 1644 899 1715 praecipua,
925 1646 979 1702 hoc
994 1652 1037 1701 est
1055 1642 1303 1714 circumferamini,
1333 1649 1485 1723 epnsidera·

131 1734 179 1793 tur,
198 1724 250 1781 sed
269 1732 375 1778 tanturn
392 1723 421 1777 in
439 1722 554 1777 tenuati
571 1724 659 1779 minus
678 1722 832 1792 praecipua
870 1724 946 1791 Quae
965 1724 990 1779 si
1007 1724 1072 1793 quid
1089 1731 1189 1794 potest,
1208 1723 1308 1780 trinum
1325 1728 1407 1795 paulo
1425 1731 1486 1787 red·

133 1803 168 1859 tlit
185 1804 371 1859 efficaciorem
389 1800 495 1869 sextili,
516 1802 580 1871 quis
597 1801 697 1856 trinum
714 1799 814 1855 format
832 1803 948 1870 angulus
966 1803 1102 1871 hexagoni
1123 1803 1151 1857 iu
1169 1805 1380 1873 ccnuoppaulo
1397 1809 1486 1863 minue

132 1882 253 1952 ubisque
272 1880 412 1935 efficacem
430 1880 613 1949 semisertnm,
632 1895 712 1950 quem
730 1880 840 1934 metitur
858 1883 975 1951 angulus
993 1882 1089 1937 stellae
1102 1883 1319 1953 dodecagonicae
1337 1887 1365 1940 in
1384 1895 1485 1949 centro.

132 1961 180 2016 Est
197 1970 292 2017 mmen
311 1960 409 2015 ceteris
428 1959 605 2028 sequentibus
623 1959 740 2015 nobilior
759 1959 874 2015 scientia
890 1959 1045 2028 remberti,
1067 1961 1131 2030 quia
1147 1961 1221 2017 latus
1239 1964 1365 2020 centralis
1384 1965 1507 2036 figurae.

130 2038 356 2095 iniueffabilibus
373 2035 558 2091 nobilissimae
577 2044 620 2091 est
637 2036 753 2107 speciei,
779 2053 816 2092 se.
835 2037 1011 2106 binominum,
1037 2047 1065 2094 et
1081 2039 1109 2093 in
1127 2054 1219 2094 earam
1237 2041 1421 2099 subdivisione
1439 2046 1487 2103 du·

131 2120 189 2189 plici
216 2135 328 2189 semper
345 2118 449 2187 priores
468 2124 556 2183 tenet,
583 2116 651 2171 adeo
670 2123 702 2171 ut
725 2132 786 2171 cum
805 2116 880 2171 socia
897 2132 962 2185 sua,
989 2116 1076 2171 latere
1098 2116 1352 2175 circumferentiam
1374 2121 1485 2191 figuras,

129 2198 317 2269 rectsngulum
335 2195 442 2249 effabile
461 2195 568 2260 formet,
587 2194 660 2266 qued
678 2206 722 2250 est
739 2203 805 2251 nota
817 2195 993 2265 perfectionis
1005 2211 1076 2265 pene
1088 2195 1244 2266 absolutae3
1264 2197 1387 2268 adeoque
1404 2203 1486 2257 etiam

132 2294 188 2332 cnm
205 2277 316 2347 trigono
336 2282 364 2331 et
382 2274 524 2344 hexagono
543 2275 614 2331 hano
632 2274 745 2343 figuram
760 2273 906 2331 scibilitate
924 2274 991 2330 facit
1007 2274 1181 2344 contendere,
1199 2283 1313 2345 propter
1331 2277 1403 2333 banc
1419 2295 1484 2348 pen-

131 2358 263 2412 sationem
280 2350 478 2409 ineffabilitatis
497 2369 576 2423 suae,
595 2353 776 2424 ponderosam
794 2352 948 2408 admodum.
978 2394 980 2403 t

212 2446 434 2523 Propositio
457 2442 545 2503 Xlll.
591 2444 720 2520 Quartus
748 2447 777 2503 in
808 2446 983 2507 efficacitate
1012 2445 1276 2522 cotrfignrationnm
1305 2447 1415 2521 gradus
1441 2458 1488 2511 eet

133 2537 275 2612 quintilis,
300 2530 461 2608 biquintilis
484 2540 513 2591 et
535 2534 718 2608 quincuncis.

214 2619 266 2672 His
290 2616 362 2671 euim
385 2615 533 2668 commotus
558 2622 600 2668 est
625 2614 802 2683 congruentia
827 2613 974 2682 figurarum
997 2614 1184 2684 primariamm
1208 2620 1327 2669 totarum
1348 2616 1377 2670 in
1393 2618 1486 2688 plano,

133 2706 294 2751 nontamen
313 2691 479 2762 singularum
497 2693 648 2761 specierum
667 2709 759 2748 secum
778 2693 858 2763 ipsis,
882 2694 931 2748 sed
950 2694 1095 2763 primarum
1113 2693 1229 2747 domum
1246 2693 1318 2748 inter
1336 2709 1365 2749 se
1384 2705 1487 2763 mutuo,

28 2841 29 2844 Ἴ
132 2775 239 2830 ultimae
259 2790 321 2830 eum
338 2771 399 2828 aliis
417 2771 470 2830 sibi
487 2773 616 2842 cognatis.
654 2773 828 2828 Praecellunt
846 2772 901 2828 dno
919 2773 1024 2843 priores
1037 2781 1164 2844 aspectus
1183 2789 1224 2843 eo,
1243 2774 1316 2845 quod
1335 2783 1487 2848 congruunt

132 2853 246 2923 figurae,
272 2859 443 2924 pentagonus
461 2859 489 2904 et
508 2852 587 2906 stella
605 2851 663 2919 ejus
684 2849 764 2908 etiam
782 2852 810 2906 in
828 2851 916 2906 solido
935 2853 1093 2924 faciuntque
1118 2851 1185 2908 duas
1203 2851 1305 2922 figuras
1324 2854 1425 2910 solidas
1443 2872 1485 2911 re·

133 2932 246 3000 gidsres,
266 2947 321 2999 qna
337 2929 479 2984 nobilitate
496 2946 566 2998 pena
583 2934 721 2988 associant
739 2938 868 3001 aspectus
886 2945 952 2985 suos
970 2932 1042 2984 trino
1061 2937 1088 2984 et
1100 2930 1250 3002 quadrat03
1270 2932 1351 2987 stella
1370 2934 1484 2990 dodeca-

134 3013 226 3077 gnaica
243 3012 273 3064 in
290 3009 378 3065 solido
395 3024 450 3062 non
469 3011 600 3077 congius,
619 3018 649 3064 st
659 3011 777 3066 vicissim
795 3009 937 3080 praecellit
955 3015 982 3064 et
994 3009 1195 3077 dodecagonics
1206 3011 1385 3078 congruentis
1396 3013 1487 3081 plana,

133 3103 212 3157 quam
229 3088 315 3144 babet
336 3089 546 3145 nortmanniam
568 3090 597 3144 in
613 3091 761 3158 infinitam,
785 3106 847 3146 cum
864 3088 928 3143 illae
955 3104 1009 3143 non
1030 3089 1111 3158 longa
1135 3088 1286 3164 coadunari
1303 3091 1410 3159 possint
1428 3091 1487 3146 sine

132 3168 249 3221 mixtura
266 3166 415 3235 irregulari.
452 3168 522 3223 Vide
539 3168 607 3224 baec
625 3170 716 3224 omnia
733 3169 803 3224 libro
821 3169 857 3223 11.

190 3246 298 3315 ,Quod
321 3245 492 3301 scibilitatem
514 3248 613 3302 attinet
637 3248 752 3304 laterum
773 3247 919 3316 infigaris
942 3247 1121 3316 cunalibus,
1144 3248 1189 3302 hic
1214 3248 1296 3302 etlam
1318 3248 1487 3304 mediolaco

133 3326 285 3380 comistunt
301 3324 390 3379 latera
407 3325 538 3395 decagoni
556 3333 584 3381 et
601 3327 730 3381 trideciiis
749 3333 778 3380 et
796 3326 973 3395 dodecagoni‚
992 3342 1062 3397 quaa
1081 3336 1145 3383 sunt
1163 3328 1216 3382 hae
1235 3327 1263 3381 in
1275 3327 1362 3382 classe
1381 3337 1485 3383 centra·

137 3404 185 3473 les,
202 3406 275 3458 inter
292 3405 365 3459 latus
383 3405 482 3473 trigoni
501 3406 691 3474 praecedentis
710 3412 739 3459 et
755 3404 842 3458 latera
860 3405 1009 3475 pentagoni
1026 3406 1177 3474 stellaeque
1194 3407 1402 3476 pentagonicae,
1425 3423 1487 3462 cen·

133 3484 240 3538 tralium
258 3483 407 3553 figurarum
424 3485 453 3537 in
471 3484 558 3538 classe
575 3485 709 3554 sequenti.
744 3483 813 3537 Nam
838 3481 908 3537 libro
927 3483 946 3536 Ι.
973 3483 1186 3539 demonstratum
1206 3489 1259 3548 est,
1285 3485 1360 3554 prius
1379 3501 1440 3539 esse
1458 3486 1486 3541 in

134 3563 247 3616 seientia
267 3562 461 3631 decagonicnm
478 3562 550 3634 latus
565 3563 758 3634 pentagonico,
781 3561 904 3617 tridecile
922 3562 1026 3617 stellari
1043 3565 1233 3633 pentagonico.
1270 3564 1369 3631 ltaque
1388 3574 1417 3618 et
1434 3566 1485 3620 sci·

133 3641 224 3697 bilitas
243 3644 339 3697 eodem
357 3642 443 3709 ducit,
471 3653 571 3710 quaet
589 3644 775 3714 congruentia,
801 3657 851 3708 per
869 3657 909 3710 pr.
930 3644 961 3709 7,
985 3657 1055 3709 quae
1077 3643 1159 3710 hujus
1183 3643 1354 3711 potissimum
1378 3644 1486 3698 demon·

133 3725 273 3778 stationis
295 3737 378 3778 causa
401 3722 452 3776 init
473 3723 686 3791 praemittenda,
714 3737 748 3776 ne
771 3719 865 3774 decilis
887 3719 928 3773 vel
953 3721 1083 3776 tridecilis
1106 3723 1307 3792 praeferrentur
1329 3724 1436 3791 quintili
1459 3734 1487 3779 et
1574 3777 1575 3782 ,

133 3803 277 3873 biquintili.
314 3803 343 3857 Si
365 3816 429 3857 sero
453 3804 514 3872 quis
537 3803 620 3856 missa
640 3802 727 3869 figure
751 3798 865 3854 centrali
887 3799 1061 3855 scibilitatem
1084 3802 1174 3871 potius
1196 3803 1225 3855 in
1249 3801 1486 3856 circumferentiali

134 3897 263 3953 quaerere
281 3881 354 3949 velit,
373 3898 427 3937 non
445 3883 532 3937 minus
550 3898 631 3952 quam
649 3880 867 3949 congruentiam,
887 3880 939 3932 etsi
950 3880 1090 3935 fatendum
1103 3889 1153 3949 est,
1172 3882 1225 3936 boc
1237 3887 1318 3949 pacto
1336 3880 1487 3950 praelatum

134 3961 168 4015 iri
184 3962 296 4018 deeilem
315 3961 430 4033 quintili,
448 3962 596 4017 tridecilem
614 3960 761 4031 biquintili,
780 3967 810 4013 st
828 3958 980 4014 meminerit
997 3960 1034 4029 is,
1052 3962 1214 4030 praecipuas
1232 3974 1294 4015 esse
1313 3967 1406 4028 partes
1424 3976 1486 4015 con·

136 4041 282 4109 mendae,
302 4050 333 4093 ut
351 4040 517 4094 ostendimus
535 4056 575 4108 pr.
593 4039 617 4100 l,
636 4038 724 4106 majus
742 4037 877 4106 igiturest
896 4045 924 4093 et
936 4039 999 4108 plus
1018 4040 1053 4094 ad
1070 4040 1258 4095 effioeutatem
1276 4045 1376 4107 potest,
1396 4053 1487 4094 creare

135 4119 247 4188 staram
271 4119 385 4175 solidam
410 4120 491 4189 (quaa
514 4128 556 4173 est
579 4118 662 4172 veluti
688 4119 751 4173 idea
773 4117 906 4188 quaedam
931 4118 1123 4172 mathematica
1147 4118 1316 4173 efficacitatis
1339 4118 1487 4188 physicae),

137 4213 216 4267 quam
236 4197 309 4253 latus
334 4199 434 4255 babere
457 4198 613 4268 perfectiori
637 4197 722 4264 gradu
749 4196 853 4253 sorbile.
887 4198 975 4251 Latus
999 4197 1108 4267 quidem
1132 4196 1299 4266 dodecagoni
1326 4196 1379 4251 hoc
1405 4205 1487 4266 pacto

136 4277 238 4331 confert
256 4285 395 4346 aspectum
413 4295 490 4333 suum
513 4279 540 4332 in
558 4275 672 4331 eandm
698 4276 813 4332 classem
837 4291 898 4329 cum
923 4277 1062 4331 subtensis
1085 4275 1206 4331 decimae
1229 4276 1299 4345 parti
1324 4276 1418 4330 abonii
1441 4277 1487 4330 tri·

137 4356 240 4425 basque
258 4356 376 4424 decimis,
397 4358 459 4426 quia
478 4355 645 4410 contendunt
662 4354 732 4408 inter
750 4369 780 4408 se
798 4355 968 4425 praestantia
986 4355 1144 4411 scibilitntis.
1179 4357 1249 4411 Nam
1262 4356 1332 4410 sicut
1351 4358 1487 4411 sociantur

138 4435 251 4490 interae
270 4437 340 4492 dnae
357 4436 421 4491 illae
440 4436 585 4490 subtensae
610 4435 696 4502 fitque
714 4435 802 4488 minor
820 4436 931 4504 majoris
954 4451 1020 4503 pars
1043 4435 1070 4487 in
1088 4436 1264 4504 proportione
1283 4434 1372 4489 diviua
1391 4436 1488 4490 sectio.

138 4513 180 4566 sis
197 4517 343 4572 secundum
367 4523 488 4570 extrema
510 4522 538 4569 et
560 4514 690 4583 mediam,
717 4514 757 4568 sie
780 4514 861 4569 etiam
886 4515 959 4569 latus
977 4514 1145 4582 dodecagoni
1168 4521 1196 4567 et
1218 4513 1291 4568 latus
1315 4514 1373 4582 ejus
1392 4515 1487 4570 stellae

139 4593 273 4649 sodamur
295 4603 324 4650 et
343 4595 395 4648 hoc
413 4594 493 4647 edam
514 4603 642 4664 respecta
660 4592 787 4648 teodonis
812 4602 840 4647 et
862 4592 1066 4662 compositionis
1090 4589 1218 4660 alicujus,
1244 4607 1299 4645 non
1317 4600 1407 4645 tamen
1425 4609 1487 4661 pro·

139 4672 301 4738 portionalis.
337 4673 376 4726 Et
393 4671 462 4725 baec
479 4670 587 4742 quidem
606 4672 667 4739 biga
684 4672 819 4741 posterior
831 4671 903 4727 cadit
920 4674 948 4727 in
961 4671 1074 4741 primam
1084 4671 1203 4739 speciem
1215 4667 1398 4742 ineffabilium,
1418 4687 1488 4740 quae

139 4753 320 4821 complectitur
335 4751 486 4806 binomines
504 4761 532 4804 et
551 4760 704 4820 apotomas3
724 4759 753 4806 at
769 4752 886 4807 vicissim
904 4751 953 4804 illa
965 4751 1039 4820 prior
1052 4749 1114 4817 biga
1131 4749 1246 4819 acquirit
1259 4765 1354 4804 noram
1366 4752 1487 4820 proprie·

138 4837 220 4884 tatem
238 4831 364 4888 teodonis
383 4827 532 4884 seeundum
557 4837 678 4888 extrema
696 4839 723 4885 et
741 4832 875 4900 medinm,
899 4839 931 4886 ut
953 4830 1046 4884 ridere
1063 4837 1106 4886 est
1126 4830 1171 4884 lib.
1190 4830 1212 4884 1.
1249 4829 1339 4898 Quare
1356 4846 1411 4885 non
1427 4837 1487 4887 tsn-

139 4913 199 4963 tum
214 4917 361 4980 pensantur
378 4909 407 4962 hi
423 4910 531 4978 gradus,
550 4910 598 4965 sed
619 4910 701 4964 etiam
719 4910 860 4979 praecellit
877 4910 1001 4966 nonnihil
1020 4910 1163 4981 debanguii
1181 4909 1263 4967 latus.
1300 4910 1385 4966 Recte
1404 4910 1488 4982 igitur

1266 5002 1343 5072 160,
