3567 5625
699 412 845 472 nruarm.
865 414 1013 487 caputii
1039 379 1044 398 '
1466 432 1529 492 aar

177 590 329 660 dementia,
347 591 473 663 facilitas,
489 591 612 649 remissio
631 589 798 661 disciplinae,
816 588 930 647 libertas
941 590 1091 663 popularis,
1109 595 1263 665 submissio,
1275 599 1438 672 ohedientia,
1457 602 1530 670 paci.

175 671 229 727 lica
246 676 276 727 et
294 671 399 727 servilis
416 670 600 742 tranquillitas
617 669 661 725 uel
679 668 849 738 compositio.
885 669 952 726 Tale
970 670 1035 740 quid
1054 674 1247 742 exspectabam
1265 675 1317 732 dici
1335 677 1530 748 aPtolenraeo,

175 749 223 818 qui
239 749 368 815 'sciehat,
394 748 626 805 Lacedaemonios
652 747 769 819 publice,
788 747 928 817 punivisse
949 749 1164 807 introductorem
1190 755 1298 823 generm
1316 757 1484 814 enharmonii
1501 760 1530 815 iu

175 844 254 885 suam
270 829 483 899 rempublicam3
512 828 561 899 qni
578 827 659 884 etiam
676 825 773 897 procul
790 825 873 882 dubio
891 827 1007 897 sciebat,
1035 830 1099 902 quid
1118 832 1279 890 Aristoteles
1302 835 1336 893 de
1353 839 1530 908 proportione

173 909 346 966 arimnsaca
358 916 392 987 ,et
409 908 574 986 geometrica
591 906 730 978 scripserit
750 906 779 961 in
794 905 918 974 justitiae
936 908 1080 976 speciebus
1108 905 1285 969 observanda
1321 914 1422 970 Verum
1439 915 1530 972 Ptole-

172 1003 269 1044 maeus
290 987 434 1045 laborabat
456 986 630 1044 multitudine
648 986 765 1055 partium
792 989 889 1041 cantus
914 986 1157 1056 comparandarum
1179 1006 1241 1046 cnm
1259 991 1341 1047 rebus
1361 993 1396 1048 ad
1413 996 1529 1052 animam

171 1068 383 1139 pcrtinentibus.
420 1068 487 1125 Cum
511 1067 594 1136 igitur
616 1066 650 1121 de
668 1065 711 1120 his
734 1063 806 1119 inira
827 1069 940 1120 actuum
962 1066 999 1122 sit
1016 1066 1070 1123 alic
1089 1069 1192 1137 capite,
1218 1069 1348 1127 hocloco
1371 1082 1529 1132 contentum

172 1163 236 1205 esse
255 1148 378 1218 oportuit
394 1145 577 1219 qualicunque
596 1144 778 1202 similitudine.

259 1227 334 1281 Nota
350 1227 399 1282 Ill.
435 1224 642 1295 Operatirarnm
665 1224 796 1280 unctam
820 1219 985 1292 principium
1017 1228 1061 1279 est
1086 1224 1228 1296 voluntas,
1259 1230 1529 1301 centaplativamm

171 1305 338 1362 intellectus.

259 1383 334 1439 Nota
350 1383 397 1437 IV.
434 1382 542 1438 Genera
568 1382 606 1438 ait
624 1378 733 1437 differre
760 1379 831 1435 mole
860 1396 911 1435 sen
935 1380 1126 1451 amplitudine,
1144 1381 1225 1456 byca,
1252 1401 1322 1458 qnae
1345 1389 1477 1447 nomime
1501 1391 1529 1446 i,

170 1464 323 1520 elevatione
342 1462 385 1518 vel
397 1463 597 1531 connectione,
622 1466 692 1530 puta
708 1482 739 1515 ro
758 1460 894 1525 ἐφοιμενον
917 1456 1155 1529 praestolamus.
1191 1465 1258 1519 Cum
1270 1467 1398 1537 munies,
1416 1483 1530 1539 quarum
1596 1527 1597 1530 Ἴ
1682 1501 1684 1508 .

170 1541 339 1599 differentias
356 1540 416 1597 vult
433 1540 468 1596 ad
485 1557 587 1611 genera
609 1546 707 1597 cantus
726 1537 944 1606 accommodare,
969 1537 1041 1593 iuter
1059 1554 1089 1593 se
1108 1540 1237 1611 distingui
1256 1544 1370 1601 dixisset
1395 1548 1528 1617 magnita-

169 1620 235 1679 diue
253 1620 371 1692 quadam
390 1620 569 1688 objectorum,
587 1620 695 1676 censuit
712 1619 764 1674 sibi
783 1620 864 1674 etiam
882 1619 955 1673 inter
972 1633 1074 1686 genera
1092 1626 1188 1676 cantus
1212 1623 1404 1691 magnitudinis
1422 1626 1528 1696 aliquas

171 1700 340 1758 differentias
359 1698 543 1755 ostendendas
560 1714 635 1767 esse,
659 1706 689 1754 ut
708 1698 873 1768 comparatio
892 1697 1017 1767 speciose
1039 1697 1145 1753 institui
1168 1702 1265 1769 possit.
1302 1703 1382 1771 Quod
1399 1705 1481 1775 igitur
1499 1708 1527 1761 in

168 1782 229 1852 ipsa
242 1777 313 1834 serie
331 1775 513 1833 distinctionis
531 1778 767 1834 tetrachordorum
785 1793 840 1831 nou
857 1774 1007 1846 appellavit
1018 1777 1232 1848 magnitudinem
1251 1783 1350 1850 (omnia
1362 1786 1433 1839 enim
1445 1780 1527 1840 inter·

169 1858 244 1914 ralla
260 1856 426 1913 tetrachordi
445 1858 587 1928 complexa
604 1865 669 1914 sunt
692 1858 764 1913 inter
780 1872 811 1912 se
827 1854 976 1926 aequalia),
1001 1856 1029 1911 id
1044 1857 1102 1924 iam
1120 1858 1166 1914 hic
1188 1868 1317 1929 respectu
1335 1865 1527 1933 magnitudinis

169 1940 255 2009 hujus
273 1938 345 1994 circa
363 1937 476 1993 virtutes
495 1938 617 2008 appellat
631 1936 859 2008 magnitudinem
883 1935 949 2005 quia
967 1950 1004 1992 sc.
1028 1943 1071 1990 est
1094 1935 1226 1993 habitudo
1253 1943 1386 2009 quaedam
1414 1944 1526 2000 chorda·

169 2035 230 2074 rum
248 2033 298 2073 seu
317 2034 444 2073 sonorum
462 2016 628 2075 tetrachordi
647 2019 681 2074 ad
699 2033 729 2072 se
746 2023 842 2072 mutuo
855 2013 984 2072 dmtincta
1001 2014 1187 2083 magnitudine
1199 2016 1306 2076 dinemo
1316 2021 1527 2089 humanorum,

169 2098 272 2152 Verum
290 2095 408 2166 explicat
426 2096 548 2166 ulterius,
567 2095 702 2165 quomodo
721 2111 822 2165 genera
839 2093 1026 2162 magnitudine
1043 2093 1151 2149 diversa
1163 2096 1368 2157 intervallorum
1385 2103 1441 2158 siut
1457 2104 1529 2159 iuter

169 2190 199 2230 se
216 2175 359 2242 disducta,
387 2181 513 2230 manente
531 2174 627 2230 eadem
644 2191 753 2245 semper
769 2173 853 2230 totius
871 2171 1064 2227 muschordici
1082 2173 1220 2232 intervalli
1237 2180 1406 2251 quantitate,
1429 2199 1527 2254 nempe

171 2254 321 2310 secundnm
338 2253 517 2310 elevationem
535 2260 563 2308 et
580 2255 809 2322 conmactiouem3
834 2252 924 2307 inesse
943 2252 1015 2305 enim
1038 2251 1066 2304 in
1085 2254 1231 2322 generibus
1248 2256 1289 2326 id,
1316 2261 1388 2329 quod
1413 2261 1528 2318 densum

170 2341 197 2389 et
216 2332 362 2387 indensem
380 2331 542 2401 appelletur,
562 2333 605 2387 cni
623 2333 692 2390 haec
711 2332 827 2388 elevatio
846 2338 874 2387 et
892 2329 1042 2386 contractio
1061 2329 1174 2401 accidat,
1194 2339 1222 2387 et
1239 2350 1272 2389 ea
1289 2337 1398 2406 quidem
1411 2339 1527 2411 gemina,

92 2481 96 2488 ,
171 2414 213 2469 rel
231 2414 304 2469 euim
319 2412 426 2468 ratione
442 2412 596 2481 positionis,
614 2411 657 2467 uel
674 2414 781 2468 ratione
798 2411 954 2481 potestatis.
990 2410 1066 2464 Haec
1084 2410 1200 2466 obscura
1213 2421 1277 2469 snut
1290 2423 1444 2487 propterea,
1463 2420 1527 2489 qnia

169 2507 299 2558 generum
325 2489 374 2546 illa
395 2489 533 2546 distinctio
555 2503 609 2545 non
635 2498 677 2546 est
701 2490 847 2558 naturalis,
876 2488 925 2543 sed
952 2487 1101 2544 artificialis
1125 2497 1231 2546 tantum
1258 2501 1286 2548 et
1311 2495 1526 2553 instrumentalis

161 2570 309 2639 ,hodieque
327 2585 382 2624 nou
400 2568 517 2639 amplius
534 2569 562 2625 in
580 2585 631 2625 usu
650 2576 706 2640 est;
729 2585 813 2640 quere
832 2569 914 2623 etiam
932 2581 1013 2621 recen
1030 2566 1107 2636 ipsse
1128 2569 1276 2625 desierunt.
1313 2573 1408 2629 Dicam
1426 2582 1526 2641 tamen

171 2657 203 2705 ut
220 2648 347 2703 existim
358 2647 484 2703 facillime
497 2655 658 2719 perceptum
669 2648 711 2707 iri.
746 2648 919 2704 Diatonicuur
942 2646 1013 2703 libro
1031 2662 1082 2701 suo
1100 2648 1187 2716 primo
1210 2667 1269 2721 cap.
1287 2652 1328 2707 13.
1350 2654 1470 2724 appellat
1487 2655 1527 2708 in-

171 2729 299 2797 deusum,
324 2727 517 2783 chromaticum
539 2743 604 2784 uero
623 2737 651 2785 et
669 2727 890 2784 enharmonicum
914 2728 1013 2796 densa,
1037 2726 1105 2782 illud
1123 2728 1225 2798 miuus,
1251 2731 1304 2786 hoc
1321 2731 1416 2803 magis.
1452 2734 1526 2790 Ecce

168 2825 249 2865 voces
266 2805 460 2877 magnitudinis
478 2805 595 2876 alicujus
613 2806 799 2878 qualitatium,
822 2809 981 2879 indensem,
1003 2806 1222 2880 densiusculnm,
1241 2812 1363 2869 densum.
1397 2814 1527 2872 Deusitas

169 2890 335 2944 censebatur
356 2885 438 2939 trium
460 2900 589 2941 senorum
614 2886 648 2942 de
672 2893 790 2958 quatuor
816 2889 898 2945 unius
916 2886 1085 2943 tetrachordi
1102 2891 1292 2961 propinquitas
1314 2893 1349 2948 ad
1367 2908 1398 2948 se
1415 2901 1525 2965 mutoo;

169 2967 239 3022 nont
262 2965 291 3019 in
309 2963 428 3035 physicis
453 2962 567 3019 densum
590 2965 618 3021 id
641 2973 698 3036 est,
724 2964 752 3021 iu
771 2984 825 3038 qno
844 2968 960 3025 multum
977 2966 1109 3023 materiae
1128 2978 1253 3026 coactum
1270 2979 1313 3027 est
1334 2971 1362 3026 in
1380 2983 1525 3042 angustrmr

167 3045 297 3116 spatium.
334 3043 379 3098 Sic
396 3050 443 3112 ut,
461 3060 492 3099 rc
510 3044 570 3098 roni
587 3045 676 3099 rarius
694 3045 866 3102 interuallum
885 3048 1003 3115 iaciunt,
1021 3048 1074 3115 mi,
1091 3049 1124 3116 fa
1140 3046 1264 3117 densius,
1283 3050 1357 3121 quod
1375 3051 1462 3107 solnm
1481 3051 1526 3107 de·

168 3123 325 3181 clarationis
344 3138 428 3180 causa
451 3121 526 3192 dieo,
554 3140 607 3178 uon
635 3124 708 3193 quod
731 3124 839 3180 ueteres
861 3126 915 3182 hoc
933 3124 1119 3196 intervallum,
1147 3129 1220 3199 quod
1243 3130 1270 3183 in
1294 3130 1348 3186 hoc
1365 3147 1425 3186 meo
1443 3147 1526 3202 opere
1619 3169 1625 3178 κ

168 3204 341 3260 semitonium
358 3203 480 3274 appello,
507 3203 632 3259 absolute
650 3204 721 3259 iuter
738 3204 825 3260 densa
841 3205 996 3263 habuerint.
1032 3205 1102 3260 Nam
1121 3206 1284 3262 addiderunt
1301 3216 1403 3264 certam
1421 3211 1527 3280 quanti·

167 3290 266 3349 tatem,
289 3282 361 3337 intra
377 3297 458 3353 quam
477 3280 597 3337 densitas
621 3283 675 3338 ista
692 3288 879 3352 reputaretur,
904 3285 928 3338 si
946 3300 983 3341 sc.
1003 3298 1038 3338 ex
1067 3284 1154 3340 tribus
1172 3286 1322 3342 intervallis
1345 3288 1424 3343 unius
1443 3295 1526 3343 tetra·

169 3361 264 3418 chordi
288 3361 343 3417 dno
370 3369 463 3417 esseut
484 3363 590 3417 minora
613 3361 695 3417 tertio
721 3360 802 3416 mmul
828 3368 933 3431 sumta,
967 3361 1042 3431 qnod
1071 3363 1174 3418 usitata
1200 3365 1305 3421 mdune
1338 3366 1451 3422 canendi
1479 3382 1526 3420 ne·

169 3441 227 3508 quit
249 3439 397 3507 declarari,
421 3441 461 3496 sic
485 3448 576 3496 tamen
599 3455 649 3510 per
672 3439 762 3495 claues
786 3455 948 3508 organorum
972 3439 1105 3496 declarari
1129 3443 1243 3511 poterit:
1267 3445 1304 3498 sit
1321 3444 1525 3499 tetrachordum

168 3518 239 3574 inter
251 3519 285 3587 G,
307 3520 338 3587 0,
357 3520 544 3589 exprimantur
556 3518 616 3574 soni
626 3518 660 3586 θ,
676 3518 713 3587 Β,
732 3519 771 3587 H,
792 3520 859 3575 Oet
871 3519 908 3574 sit
921 3519 980 3588 iam
998 3519 1115 3575 omissus
1127 3535 1210 3577 sonus
1223 3523 1257 3576 A.
1295 3521 1348 3576 Est
1360 3522 1443 3590 igitur
1454 3522 1525 3577 inter
1606 3526 1609 3531 “
1719 3512 1723 3517 ’

170 3597 202 3665 G,
219 3598 247 3652 B
265 3596 436 3653 intervallum
454 3598 488 3669 ⁰1,
506 3597 589 3653 tertia
606 3596 703 3665 mollis,
722 3605 751 3653 et
767 3597 839 3665 iuter
855 3598 891 3667 B,
910 3598 943 3652 Η
960 3604 1002 3653 cst
1022 3597 1078 3667 bs„
1096 3597 1193 3669 diesim
1217 3600 1333 3670 denique
1349 3599 1421 3655 inter
1438 3601 1480 3666 Η,
1502 3602 1525 3657 (i

167 3685 209 3733 est
235 3679 294 3748 ¹⁶1¹„
317 3677 495 3732 semitonium
529 3677 632 3733 iuncta
656 3692 720 3731 vero
750 3676 808 3746 ns„
832 3683 861 3731 et
887 3677 944 3745 ml„
970 3673 1073 3731 faciunt
1094 3676 1156 3747 ²⁰1„
1180 3686 1276 3732 tonum
1294 3675 1433 3733 minorem.
1470 3678 1523 3734 Hic

168 3755 309 3824 igitur-G,
335 3756 378 3825 H,
408 3757 520 3813 (linter
537 3757 626 3811 nunus
648 3752 823 3810 intervallum
840 3753 947 3809 reducti
965 3761 1042 3821 sunt,
1071 3767 1152 3821 quam
1171 3754 1208 3822 G,
1234 3756 1270 3811 B.
1306 3753 1522 3811 Tetrachordum

166 3833 248 3903 igitur
267 3834 299 3911 G,
318 3834 353 3903 B,
371 3834 410 3902 H,
430 3834 552 3891 Chabet
568 3833 604 3904 id,
623 3835 696 3904 quod
717 3834 832 3890 densum
850 3833 958 3901 dicitur,
978 3831 1049 3903 qnod
1063 3833 1188 3888 consistit
1203 3834 1230 3888 in
1244 3834 1428 3890 contractione
1440 3837 1521 3890 trium

168 3930 296 3974 sonorum
314 3914 342 3969 in
361 3921 511 3982 angustum.
548 3914 807 3969 attentaturum
827 3914 864 3983 d,
888 3914 929 3981 A,
947 3912 991 3980 H,
1016 3913 1096 3968 (lest
1114 3913 1262 3968 intervallis
1281 3915 1436 3981 diremtum,
1462 3931 1521 3973 sns-

171 4007 294 4060 pensum,
314 3990 457 4062 elevatum,
476 3991 594 4060 denique
605 3991 758 4048 indensum.
795 3992 871 4047 Haec
883 3990 966 4059 igitur
983 3992 1132 4046 contractio
1146 3998 1173 4047 et
1185 3992 1299 4047 dercho
1312 4002 1355 4047 est
1368 3995 1521 4066 potestatis,

171 4069 235 4138 qnia
259 4072 412 4142 quaeritur,
436 4088 517 4141 quam
540 4078 705 4142 potestatem
729 4072 851 4126 habeant
874 4070 936 4138 ipsa
958 4084 1008 4138 per
1030 4084 1061 4125 se
1078 4070 1221 4127 intervalla
1242 4071 1322 4127 unius
1344 4073 1520 4143 tetrachordi,

169 4150 364 4205 contractivsm
383 4165 418 4219 an
442 4151 628 4206 dilatatiram?
664 4153 717 4207 Est
735 4151 789 4206 alia
805 4149 960 4220 positionis,
987 4162 1049 4202 uam
1074 4147 1143 4203 haec
1161 4156 1300 4205 conuecta
1316 4149 1460 4209 intervalla
1477 4155 1520 4211 vel

170 4240 252 4293 snpra
269 4234 334 4282 eunt
351 4228 393 4283 uel
410 4229 494 4297 infra;
514 4229 586 4295 unde
599 4244 679 4284 voces
691 4229 846 4298 immarus,
864 4239 1044 4300 saperemus,
1062 4227 1130 4283 illud
1147 4228 1230 4296 igitur
1241 4227 1357 4283 habetur
1377 4232 1519 4294 ἑφειμενον,

170 4301 214 4357 Sic
231 4304 313 4359 etiam
330 4307 358 4361 in
376 4306 522 4376 diamnico,
541 4324 602 4363 cnm
621 4309 742 4369 canimus
759 4317 800 4378 at,
818 4325 855 4377 rc,
874 4309 921 4375 eui,
937 4309 977 4377 fo,
996 4307 1050 4361 hoc
1060 4311 1304 4374 mutaturusque,
1324 4316 1355 4361 ut
1371 4314 1399 4362 et
1415 4309 1443 4363 iu
1461 4308 1517 4365 dia·

171 4383 273 4452 tomen,
293 4401 354 4440 cum
372 4384 493 4443 canimus
511 4387 553 4452 lc,
570 4389 625 4455 sol,
643 4388 688 4456 ic,
706 4390 758 4457 mi,
778 4396 807 4443 et
821 4389 872 4458 usi,
889 4389 933 4456 fo,
951 4388 1005 4453 soi,
1023 4387 1053 4442 la
1069 4392 1120 4441 etc.

255 4463 329 4519 Nota
347 4465 380 4521 V.
418 4465 630 4534 chromaticum,
648 4473 775 4537 respectu
792 4466 901 4535 quidem
918 4464 1057 4532 diatonici,
1081 4472 1124 4520 est
1140 4472 1309 4521 contractum
1325 4472 1354 4521 et
1371 4465 1464 4534 molle,
1491 4478 1519 4524 st

174 4550 296 4611 respectu
315 4543 482 4598 enharmonii
501 4553 543 4598 est
560 4543 697 4599 intensum
723 4556 751 4600 et
774 4546 884 4616 durnm3
907 4545 946 4599 ita
964 4543 1156 4600 chromaticum
1183 4544 1214 4598 fit
1232 4544 1518 4607 diatonico-enharmo-

175 4618 244 4675 nium
260 4622 413 4692 quoddam,
431 4623 463 4679 fit
481 4631 509 4680 et
526 4623 877 4680 enharmonio-diatonicum
896 4622 1039 4696 quoddam·
