3567 5625
283 416 346 480 405
588 369 591 382 '
791 400 1113 459 colemannum.

282 582 393 640 minuet
409 579 522 651 primam
540 578 658 634 ommam
678 575 889 647 inplanatarnnu
907 579 1053 646 systemate
1063 572 1202 630 ludentem
1212 573 1376 630 cantilenam
1387 577 1416 629 et
1427 570 1455 628 in
1472 588 1522 628 suo
1540 579 1624 629 cautu

281 662 440 720 imitaretur.

368 748 466 816 Neque
482 761 546 800 vero
564 744 704 812 miremur,
729 749 785 797 tam
808 749 882 797 arcte
906 756 1051 811 expressas
1075 758 1136 798 esse
1154 741 1307 797 harmoniae
1324 741 1353 796 in
1370 740 1488 797 motibus
1506 742 1626 798 siderum

282 828 404 896 easdem,
422 841 493 895 quae
510 825 538 879 in
556 824 664 879 chordis
682 822 841 888 audiuntur,
865 835 927 874 cnm
945 817 1095 888 videamus,
1119 835 1202 889 quam
1219 827 1351 889 cognatae
1367 821 1422 875 sint
1440 821 1625 887 subiectorum

281 915 456 975 utrorumque
474 901 651 959 conditiones.
671 901 754 957 Stella
771 905 873 956 motum
891 899 976 954 hahet
994 907 1022 953 et
1039 898 1141 952 chorda
1152 906 1254 952 motum
1272 898 1368 953 hahet:
1385 899 1525 967 proportio
1544 916 1625 968 quae·

281 986 350 1040 ritur
368 983 439 1038 inter
457 980 609 1036 celeritates
627 979 748 1036 diversas
765 987 887 1034 motuum
905 977 1072 1038 coelestium,
1092 977 1230 1044 quaeritur
1247 985 1274 1031 et
1291 978 1363 1031 inter
1379 978 1486 1033 diversa
1502 980 1626 1035 acumina

281 1061 481 1133 grauitatesque
500 1057 670 1126 chordarum,
689 1075 750 1113 cum
768 1065 865 1114 acutus
883 1073 967 1112 sonus
986 1072 1020 1110 ex
1038 1056 1141 1111 chorda
1159 1057 1283 1111 celeriter
1302 1065 1375 1112 mota
1391 1057 1517 1127 prodeat,
1537 1058 1626 1125 gravis

281 1158 316 1197 er
333 1138 420 1195 tarda.
457 1138 494 1192 Et
511 1135 626 1191 chordas
644 1137 752 1206 quidem
770 1136 919 1206 aequaliter
936 1143 1028 1190 musas
1047 1135 1187 1202 longitudo
1209 1136 1302 1192 tardas
1319 1135 1395 1206 iacit,
1419 1136 1539 1190 brevitas
1557 1137 1627 1191 eele-

205 1229 213 1246 “
280 1236 336 1286 res,
359 1225 462 1271 motum
479 1215 606 1284 planetae
625 1223 719 1270 contra
736 1216 850 1271 tarditas
868 1215 976 1269 brevem
994 1213 1072 1282 iacit,
1098 1214 1223 1270 celeritas
1249 1215 1359 1284 longum
1381 1214 1575 1283 aprutinum,
1599 1228 1627 1272 et

280 1300 339 1355 viee
356 1312 446 1365 versa,
473 1294 497 1349 si
516 1310 608 1349 sumas
633 1294 746 1349 candem
764 1303 885 1350 motuum
908 1293 1117 1362 longitudinem,
1144 1294 1173 1348 in
1190 1310 1223 1348 ea
1244 1293 1369 1348 celeritas
1386 1292 1470 1348 efficit
1488 1292 1626 1362 planetam

281 1376 356 1434 brevi
378 1382 500 1444 tempore
525 1373 640 1440 morari,
667 1372 782 1429 tardius
799 1374 890 1441 longo.
925 1373 1001 1429 Nihil
1019 1374 1100 1441 igitur
1117 1372 1230 1442 impedit
1247 1388 1406 1441 responsum
1423 1374 1626 1441 proportionem

281 1464 412 1521 motuum,
430 1450 503 1522 qnod
522 1451 581 1504 soni
597 1451 706 1519 quidem
724 1451 879 1521 audiuntur,
898 1459 987 1505 motus
1007 1467 1069 1504 vero
1088 1453 1131 1506 vel
1149 1452 1274 1506 videntur
1291 1455 1332 1518 int
1351 1466 1385 1505 ex
1398 1450 1469 1506 Sole)
1488 1450 1532 1504 rel
1548 1452 1627 1506 intel-

280 1543 399 1605 guntur:
418 1532 482 1601 qaia
499 1544 587 1599 neque
605 1529 659 1584 iilis
677 1537 790 1599 propter
807 1530 928 1585 auditum
946 1530 1039 1584 insunt
1057 1529 1223 1599 harmoniae,
1241 1545 1329 1598 neque
1346 1529 1390 1583 hia
1406 1535 1520 1598 propter
1531 1530 1627 1600 visum

281 1613 329 1669 sed
347 1611 469 1679 utrisque
486 1616 599 1679 propter
616 1608 810 1675 longitudinem
828 1617 856 1663 et
874 1608 1045 1676 brevitatem,
1071 1616 1099 1663 et
1121 1613 1232 1678 propter
1255 1607 1424 1670 affectiones,
1448 1621 1518 1674 quae
1536 1618 1626 1664 motna

279 1697 489 1758 consequuntur.
506 1692 618 1756 propter
627 1687 731 1741 scilicet
743 1686 970 1755 comparationem
984 1686 1089 1754 horum,
1107 1694 1139 1741 ut
1155 1688 1337 1754 terminorum,
1356 1703 1410 1755 qua
1420 1685 1451 1741 lit
1461 1684 1627 1742 intellectus

280 1769 334 1827 Sed
347 1768 406 1823 vide
419 1766 556 1835 originem,
575 1763 762 1819 distinctiones
774 1773 913 1833 totamque
934 1767 1079 1821 essentiam
1090 1764 1306 1819 harmonicorum
1323 1764 1529 1834 proportionum
1541 1767 1628 1819 nostri

279 1851 370 1920 operis
388 1845 457 1900 libro
476 1845 521 1898 lv.
539 1859 598 1912 cap.
619 1845 642 1904 1,
661 1843 686 1911 2,
706 1844 730 1909 3,
749 1851 777 1898 et
794 1860 853 1912 cap.
868 1844 892 1912 t,
912 1844 937 1900 6.
955 1842 1098 1897 discrimen
1115 1844 1186 1897 inter
1203 1842 1284 1911 hujus
1301 1842 1355 1899 loci
1372 1842 1503 1898 coelestes
1521 1845 1628 1900 harmo-

177 1914 188 1924 ”
282 1929 341 1985 nias
360 1935 388 1981 et
404 1925 475 1980 inter
492 1923 553 1978 illas
571 1922 668 1991 capitia
686 1924 711 1979 9.
729 1922 890 1992 Ptolemaei,
909 1937 981 1992 quae
997 1923 1072 1978 hisce
1094 1922 1317 1993 inperfectione,
1344 1922 1485 1977 nobilitate
1504 1930 1532 1977 et
1549 1940 1627 1994 prae·

284 2003 385 2061 stantia
402 2016 573 2071 nequaquam
591 2006 655 2055 suut
671 2002 877 2071 comparandae.

367 2098 421 2153 Eat
446 2097 530 2167 igitur
555 2094 625 2151 iuter
651 2096 702 2152 hos
719 2097 852 2167 cujusque
878 2097 1005 2168 planetae
1032 2097 1110 2152 binos
1128 2104 1265 2152 extremos
1290 2106 1379 2153 motus
1402 2102 1628 2158 commensuratio

279 2177 409 2249 perfecta,
428 2179 459 2230 ut
476 2173 562 2244 probo
579 2182 637 2228 toto
655 2173 724 2230 libro
742 2177 774 2229 V.
794 2176 846 2230 mei
865 2176 973 2245 operis,
994 2183 1037 2231 est
1054 2175 1161 2230 illorum
1173 2183 1274 2231 mmmm
1293 2176 1402 2245 aliquod
1420 2186 1547 2247 systema,
1565 2196 1628 2234 con·

280 2266 355 2315 stans
373 2271 409 2310 ex
427 2249 559 2325 diapason
577 2261 682 2323 septem
701 2263 729 2311 et
745 2254 874 2324 amplius;
893 2253 921 2309 in
940 2270 972 2309 eo
990 2264 1055 2309 sunt
1072 2269 1204 2322 expressa
1215 2255 1305 2309 omnia
1321 2257 1423 2311 usitata
1440 2258 1550 2312 musicis
1568 2258 1629 2314 loca

280 2353 330 2393 seu
346 2337 444 2401 dares,
463 2331 587 2388 atrides
605 2333 694 2402 capite
712 2334 737 2401 5,
756 2332 784 2387 in
802 2332 897 2387 eodem
915 2346 1044 2400 expressa
1062 2340 1126 2386 sunt
1143 2340 1171 2386 et
1189 2332 1242 2389 duo
1254 2343 1348 2389 cantm
1367 2352 1468 2403 genera
1484 2336 1628 2404 naturalia,

280 2414 378 2469 durum
400 2422 428 2469 et
450 2411 546 2480 molle,
570 2411 664 2467 eodem
687 2412 776 2482 cupite
793 2414 819 2482 5,
838 2419 866 2467 et
885 2411 1060 2467 subtilissima
1082 2412 1190 2481 quidem
1212 2414 1385 2481 omniumque
1407 2414 1629 2468 artificiosissima

280 2494 398 2561 rationa;
418 2492 507 2562 capite
525 2492 549 2547 9.
567 2506 584 2545 a
600 2508 679 2561 prop.
689 2492 732 2547 20.
751 2491 779 2545 in
797 2491 839 2546 27.
858 2497 924 2546 sunt
941 2490 1108 2560 singularum
1125 2490 1294 2559 planetarum
1314 2492 1413 2560 singuli
1430 2492 1628 2562 quodammodo

279 2573 352 2641 toni,
378 2573 468 2641 capite
487 2572 512 2627 6.
530 2576 594 2625 snut
611 2569 768 2627 harmoniae
785 2568 961 2640 particulares
980 2570 1118 2640 hinorum,
1139 2570 1267 2625 trinorum
1286 2579 1351 2638 etc,
1379 2579 1443 2627 sunt
1462 2574 1628 2628 universales

280 2651 398 2707 omnium
417 2668 466 2706 ser
494 2650 583 2719 capite
601 2655 631 2719 7,
659 2657 724 2705 sunt
745 2665 826 2704 voces
849 2649 930 2703 etiam
952 2648 1074 2703 diuersam
1097 2650 1185 2718 eapite
1203 2652 1228 2704 8.
1266 2650 1303 2704 Et
1320 2651 1388 2706 haec
1406 2650 1548 2720 dispositio
1566 2651 1627 2705 har·

280 2730 387 2785 monica
414 2735 457 2783 est
479 2725 728 2798 illearchetypus,
753 2728 787 2782 ed
811 2742 892 2796 quem
916 2726 1120 2795 exprimendum
1143 2728 1313 2796 planetarum
1330 2729 1545 2786 eccentricitates
1564 2723 1627 2784 snas

281 2807 403 2879 singulas
421 2820 562 2863 mensuras
581 2812 746 2875 acceperuut
762 2805 852 2874 capite
870 2805 895 2861 9.
931 2805 1054 2874 Denique
1081 2804 1227 2875 concludo,
1251 2806 1353 2863 nullam
1371 2814 1475 2878 partem
1492 2806 1627 2863 harmoni·

279 2904 338 2955 ces,
366 2893 396 2941 ut
413 2902 446 2940 ea
463 2885 542 2940 nohis
561 2893 588 2941 et
606 2894 670 2942 uota
688 2895 715 2941 et
733 2887 833 2941 uastata
850 2894 908 2955 est,
934 2887 962 2940 in
979 2886 1022 2940 his
1046 2885 1115 2941 binis
1134 2892 1162 2941 et
1186 2885 1439 2954 binisesingulorum
1456 2886 1627 2955 planetarum

280 2972 308 3019 et
330 2964 454 3019 hinorum
479 2962 592 3031 singulis
622 2965 741 3019 motibus
776 2964 903 3018 extremis
928 2965 1076 3034 mediisque
1105 2964 1265 3033 interjectis¹
1282 2964 1384 3019 deesse.
1433 2965 1626 3033 Veruntamen,

281 3042 344 3111 quia
361 3058 445 3110 supra
463 3043 532 3112 (cup.
548 3042 573 3098 d.
593 3049 658 3098 nota
670 3044 705 3111 2.)
723 3040 882 3097 Ptolemaeo
910 3042 1072 3113 exprobrari
1099 3050 1202 3098 textum
1221 3059 1269 3099 sen
1288 3049 1475 3113 argumentum
1493 3043 1627 3098 melodiae

280 3118 413 3187 coelestis,
432 3135 449 3174 a
469 3135 491 3189 e,
514 3119 638 3176 neforto
656 3128 684 3176 et
700 3122 728 3176 in
746 3136 807 3175 meo
826 3136 908 3190 opere
926 3121 978 3177 hoc
996 3122 1105 3177 unicum
1124 3123 1305 3191 desideretur,
1324 3122 1464 3176 audiamus
1482 3129 1511 3178 et
1526 3121 1562 3178 de
1579 3123 1626 3178 illo

279 3199 382 3265 Regem
398 3197 435 3252 Ps
463 3203 523 3250 ten:

368 3285 443 3343 coeti
466 3293 600 3342 morrone
624 3287 743 3357 gloriani
759 3286 815 3341 Dei
838 3293 863 3342 01
891 3301 977 3357 opera
998 3303 1129 3341 manuum
1156 3286 1215 3355 ejece
1241 3287 1392 3341 annunciat
1416 3289 1625 3356 amaneum

279 3366 348 3423 Dies
374 3365 431 3420 diei
455 3371 560 3421 eructat
585 3366 695 3420 uerbum
722 3371 748 3419 et
771 3381 827 3419 noe
849 3366 924 3421 nocti
940 3365 1047 3420 iradieat
1063 3364 1213 3420 edentium.
1249 3365 1352 3432 (lictus
1370 3382 1436 3421 sane
1453 3367 1626 3436 planetarum

278 3446 341 3501 illos
360 3442 540 3513 consideravi,
566 3443 612 3513 qui
631 3444 710 3498 unius
728 3441 781 3497 diei
804 3443 946 3512 nucusque
964 3443 1053 3512 spatio
1071 3442 1234 3511 proveniunt
1252 3444 1385 3513 singulis.)
1421 3446 1489 3502 Non
1505 3455 1572 3504 aaut
1589 3451 1627 3505 10

280 3526 374 3594 puelae
391 3537 476 3592 neque
492 3538 635 3592 semmnea,
654 3539 769 3594 0000000
786 3540 843 3577 uon
859 3524 1013 3599 audiantur
1029 3538 1107 3578 voces
1125 3538 1225 3578 corum.
1261 3525 1300 3578 ln
1317 3540 1422 3579 ornnem
1441 3524 1555 3581 Terram
1571 3529 1627 3583 eei·

279 3603 318 3657 eit
336 3618 420 3657 sonus
437 3617 537 3669 eorum,
555 3607 582 3656 et
597 3602 628 3655 in
643 3602 712 3669 finer
729 3602 803 3656 orbis
821 3609 911 3656 terrae
928 3602 1011 3656 uerba
1028 3616 1128 3656 eorum
1163 3601 1188 3654 N
1191 3616 1226 3654 ou
1236 3611 1278 3657 est
1290 3602 1427 3670 credibile,
1445 3602 1534 3657 locum
1554 3604 1628 3661 hunc

279 3679 306 3733 in
329 3694 409 3733 sensu
433 3678 533 3732 literali
554 3678 636 3749 plane
659 3694 719 3734 esse
743 3679 842 3734 nullius
866 3680 1010 3746 momenti,
1038 3680 1134 3749 quiin
1159 3696 1241 3735 sensu
1267 3678 1413 3749 allegorico
1436 3680 1526 3736 divina
1549 3684 1628 3738 nohis

280 3756 420 3825 Evangelii
437 3758 533 3827 pandit
550 3759 685 3829 mysteria.
722 3759 968 3815 denunciaverunt
992 3761 1060 3814 coeli
1080 3760 1222 3827 justitian
1244 3758 1318 3827 mua,
1344 3766 1370 3814 et
1393 3760 1517 3816 videtum
1535 3778 1629 3819 onnes

274 3838 375 3907 populi
388 3838 506 3908 0100100
524 3836 590 3903 ejus.
626 3836 754 3891 Laudute
771 3838 850 3904 coeli,
875 3839 1005 3905 quoniam
1027 3837 1243 3895 misericordiam
1264 3839 1329 3906 fecit
1351 3837 1489 3905 dominica,
1507 3839 1628 3907 ,iubilate

278 3924 383 3971 ueontea
399 3915 566 3981 laudatione,
578 3916 717 3983 psalmum
734 3915 815 3969 0110110
832 3916 940 3969 nomme*
957 3914 1023 3983 ejus,
1042 3915 1106 3970 date
1121 3916 1239 3984 gloriam
1257 3916 1336 3970 laudi
1352 3915 1419 3983 eierc
1453 3916 1545 3973 Dicite
1557 3919 1627 3986 Deo,

279 4010 360 4063 queam
377 3993 511 4048 uirilius
527 4001 590 4053 0001
609 4010 692 4062 opera
711 3999 765 4047 'tua
782 3993 899 4048 domiue.
935 3993 1087 4049 [001001ον
1108 3995 1174 4049 coeti
1191 4000 1216 4049 et
1234 3996 1348 4049 00001101
1370 4002 1453 4050 terra.
1488 3998 1627 4055 Paratum

278 4088 326 4127 eor
341 4087 429 4125 meum
446 4069 535 4137 Deera,
555 4076 687 4139 paratum
705 4086 752 4125 cor
777 4088 878 4139 mmm,
903 4075 1021 4128 cantabo
1040 4080 1065 4128 et
1082 4074 1220 4143 psalmia
1238 4075 1327 4129 dicam
1345 4075 1463 4130 domino.
1497 4075 1627 4149 Exsurge

276 4150 375 4221 gloria,
393 4162 507 4219 casurae
514 4148 676 4217 psalterium
688 4164 775 4203 meum
793 4157 819 4205 et
835 4151 962 4221 cythara,
981 4168 1125 4222 exsurgant
1142 4151 1268 4206 01110οο10.
1292 4150 1372 4219 Quod
1387 4167 1452 4207 saue
1470 4152 1520 4207 suit
1538 4171 1626 4223 mane,

278 4230 305 4284 8.
321 4226 412 4281 Martii
431 4226 508 4280 1618.
546 4226 699 4295 confitebor
721 4228 772 4283 tihi
796 4230 827 4282 iu
849 4229 962 4298 populea
985 4228 1172 4296 (literatorum)
1195 4229 1303 4284 domine
1327 4236 1352 4284 et
1373 4232 1512 4300 psalmum
1536 4234 1626 4289 dicam

277 4307 329 4361 tibi
345 4307 376 4360 in
390 4305 515 4375 00010600
541 4304 650 4372 (librum
669 4305 794 4372 scribam,
813 4308 859 4375 qui
877 4308 913 4360 sit
931 4308 1014 4363 veluti
1033 4323 1110 4362 sacer
1127 4308 1242 4378 hymnus
1262 4307 1376 4378 Geloni),
1403 4313 1535 4379 quoniam
1551 4331 1624 4385 maa

277 4387 396 4454 uiduata
408 4389 447 4438 eat
463 4400 547 4453 usque
564 4384 602 4440 ad
618 4386 706 4440 000100
722 4386 912 4442 001000100τά10
934 4393 984 4441 100
1006 4394 1031 4442 01
1049 4403 1133 4456 usque
1149 4387 1187 4442 ad
1203 4388 1287 4442 nuhaa
1304 4389 1404 4443 ueritas
1421 4394 1478 4442 100.
1513 4390 1625 4446 Bonane

277 4470 317 4519 est
334 4462 458 4529 cmufiteri
474 4461 585 4519 domino
604 4464 763 4532 0100011000
781 4466 887 4520 nomini
904 4471 952 4520 tuo
971 4462 1112 4532 altissimo,
1130 4466 1168 4521 ad
1185 4466 1409 4521 annunciandum
1425 4483 1504 4523 mane
1520 4471 1623 4525 miseri·

278 4542 401 4597 rudiam
423 4547 500 4595 tuan
521 4549 546 4597 et
568 4544 709 4599 ueritatem
734 4551 812 4599 tuam
830 4560 883 4613 per
903 4549 1016 4598 noctem.
1050 4544 1089 4598 In
1114 4544 1282 4601 decachordo
1300 4545 1483 4609 (hexachordo
1502 4548 1622 4615 coelesti)

278 4626 304 4675 01
317 4620 529 4690 psalteriorum
546 4623 653 4677 cantico
672 4623 702 4676 in
719 4622 843 4693 cythara.
869 4621 942 4692 0010
960 4622 1098 4678 (1010010011
1115 4639 1157 4677 nte
1174 4623 1283 4678 domiue
1299 4624 1330 4679 in
1345 4624 1456 4692 factura
1474 4631 1532 4692 tua,
1551 4633 1576 4681 et
1593 4627 1622 4680 in

278 4699 403 4768 operibus
420 4714 550 4752 manuum
561 4706 672 4755 tuarum
688 4703 838 4759 0000110100.
865 4702 953 4772 Quam
970 4702 1146 4772 magnificata
1163 4709 1228 4758 eunt
1241 4719 1324 4773 opera
1341 4710 1390 4757 tua
1407 4702 1524 4769 domine,
1543 4705 1621 4758 uiur'a

273 4776 431 4845 profundae
447 4784 512 4832 aunt
528 4780 618 4845 factae
634 4784 812 4850 cogitatianes
829 4788 900 4837 tuae.
925 4782 974 4836 Vir
986 4782 1118 4851 insipiens
1135 4798 1192 4837 non
1209 4788 1358 4850 eopnoecet,
1376 4788 1402 4836 et
1418 4783 1517 4837 stultus
1540 4784 1619 4852 (igno

277 4870 340 4919 raus
359 4862 387 4908 et
404 4853 520 4910 barbaro
538 4856 611 4915 tastu
634 4865 809 4917 contemnens
834 4859 937 4929 literas)
963 4876 1021 4916 non
1045 4860 1176 4931 intelliget
1199 4860 1273 4915 haee.
1311 4860 1377 4917 0001
1404 4863 1494 4917 exorti
1519 4863 1620 4933 fremet
