3567 5625
663 401 747 458 Liber
763 403 812 458 111.
831 402 921 472 Caput
938 403 1010 460 XIV.
1395 369 1404 390 Ι
1438 413 1500 473 897

149 572 221 643 qnod
246 588 335 644 usque
356 574 513 636 Macrobius
537 575 656 631 affirmat
678 577 763 647 (apud
787 578 955 634 Macrobium
980 579 1050 634 libro
1068 579 1104 636 11.
1127 580 1160 635 in
1182 580 1320 636 Somnium
1348 580 1502 657 Scipionis),

149 666 209 707 sese
227 651 343 708 tendere
360 653 518 708 harmoniae
537 653 663 710 eoelestis
681 657 873 724 accessionem
891 658 964 713 11111
981 658 1085 714 seilicet
1102 675 1229 715 numeros
1250 665 1272 729 1,
1290 661 1359 731 2,1.
1396 661 1434 714 At
1452 660 1503 738 Py·

148 728 292 797 thagoraei
311 734 396 787 ceteri
412 733 557 802 repudiato
576 733 623 789 illo
642 733 737 790 ordine
754 734 926 790 tradiderunt
944 738 1066 792 ordinem
1084 739 1175 805 11111,
1194 755 1228 793 11
1246 741 1323 809 prius
1340 740 1505 809 positis'po·

148 807 300 879 steriorem,
319 821 347 866 et
363 812 406 867 usi
423 827 562 867 sacrorum
579 828 691 869 sucrum
708 828 881 869 numerorum
898 813 1005 870 familiis
1024 818 1048 884 1,
1066 816 1092 886 2,
1110 817 1137 886 t,
1155 818 1172 872 8
1190 824 1219 871 11
1237 821 1261 884 1,
1279 819 1310 888 3,
1330 820 1356 888 9,
1374 820 1417 888 27,
1436 818 1503 874 invi·

148 901 263 954 cemque
281 888 394 944 intextis
412 892 451 945 sic
470 893 494 958 1,
512 891 538 961 2,
557 891 582 961 3,
599 892 624 960 4,
643 893 669 960 9,
687 892 712 960 8,
731 891 774 957 27,
793 892 883 960 spatia
901 893 1024 962 sphaeris
1042 896 1229 964 superioribus
1242 898 1438 967 propemodum
1455 898 1504 951 im·
1596 939 1600 950 ,

50 1005 52 1010 .
148 980 243 1019 mensa
266 967 456 1024 attribuerunt
492 969 536 1025 lta
559 969 632 1040 apud
659 987 752 1026 omnes
779 971 840 1026 illos
865 971 955 1040 ipsum
976 995 1006 1025 το
1033 974 1086 1041 ὁτι,
1113 975 1179 1029 ordo
1204 974 1309 1031 scilieet
1326 976 1504 1045 sphaerarum

148 1043 289 1100 involutus
308 1055 367 1102 erat
384 1064 482 1117 magua
500 1048 621 1116 caligine
658 1049 832 1104 Ptolemaeus
851 1049 961 1117 quidem
978 1051 1113 1120 ordinem,
1137 1068 1218 1120 quem
1240 1055 1300 1124 ipse
1324 1061 1434 1109 secutus
1453 1060 1503 1121 est,

150 1124 177 1178 11
195 1124 287 1194 Opere
305 1129 406 1196 Magno
425 1129 611 1198 comprobarit
629 1130 795 1198 argumentis
814 1137 870 1184 tam
888 1129 1003 1199 levibus,
1023 1139 1054 1186 ut
1070 1131 1150 1186 facile
1168 1141 1323 1203 appareret,
1342 1131 1394 1186 etsi
1407 1146 1504 1186 verum

151 1203 277 1274 credidit,
303 1207 383 1261 unico
408 1215 507 1263 111111·
525 1207 711 1278 experimento
730 1206 821 1276 (quale
845 1215 887 1260 est
915 1205 982 1262 illud
1000 1206 1035 1263 de
1053 1209 1173 1283 Venere,
1199 1229 1271 1267 nune
1289 1209 1409 1267 rotunda
1431 1226 1504 1265 nune

150 1284 326 1355 corniculata)
344 1287 468 1354 potuisse
485 1287 561 1342 illum
581 1285 615 1341 de
633 1286 686 1341 hac
704 1285 831 1355 opinione
849 1285 938 1354 dejici

238 1381 365 1436 Secundo
389 1382 559 1451 Pythagoras
587 1384 621 1441 de
643 1386 792 1442 intervallis
815 1396 843 1441 et
866 1387 966 1456 topicis
991 1387 1169 1457 sphaerarum
1194 1397 1223 1442 et
1243 1388 1355 1443 musicis
1382 1395 1504 1443 motuum

151 1460 339 1529 coemtionem
358 1477 439 1516 unam
456 1461 533 1531 iecit,
561 1464 733 1522 Ptolemaeus
751 1466 825 1520 illam
843 1466 872 1521 in
890 1466 973 1536 duas,
992 1474 1023 1521 ut
1040 1482 1071 1522 re
1088 1482 1153 1522 vera
1170 1474 1247 1536 sunt,
1267 1466 1357 1522 divisit
1375 1473 1403 1520 et
1421 1462 1504 1536 priori

152 1540 185 1595 de
203 1541 327 1609 sphaeris
347 1549 429 1610 eaput
448 1543 489 1596 14.
509 1542 591 1612 dedit,
618 1545 762 1612 posteriori
784 1543 818 1599 de
832 1544 950 1600 motibus
969 1547 1108 1615 caput15.
1143 1545 1202 1601 1111
1214 1546 1266 1601 hoc
1277 1546 1383 1614 mirum,
1402 1546 1504 1615 quippe
1565 1575 1567 1582 .

150 1636 220 1687 cum,
239 1621 313 1690 quod
337 1619 417 1674 tertio
435 1619 496 1674 loeo
515 1621 679 1689 notandum,
702 1623 884 1694 Pythagoraei
903 1624 1021 1693 primum
1039 1631 1142 1680 motum
1168 1624 1389 1693 considerarent,
1413 1624 1503 1679 Ptole·

150 1715 244 1754 maeus
262 1699 397 1754 secundos
419 1699 588 1768 singulorum
610 1702 744 1770 proprios.
779 1704 846 1757 Nam
871 1703 931 1771 ipse
955 1702 1095 1772 deprimo
1113 1712 1189 1759 motu
1208 1713 1302 1772 egerat
1325 1705 1457 1773 1111119.
1477 1712 1505 1758 11

149 1781 200 1845 11,
224 1786 354 1846 tanquam
373 1777 407 1831 de
426 1792 474 1848 eo,
507 1779 554 1847 qui
572 1780 751 1835 communiter
769 1780 879 1836 adesset
903 1781 1028 1836 omnihus
1048 1782 1179 1852 planetis;
1206 1784 1295 1853 capite
1322 1798 1385 1837 vero
1406 1785 1450 1850 11,
1474 1791 1505 1839 11

148 1872 232 1924 supra
251 1856 365 1923 dictum,
391 1873 470 1912 orsus
490 1864 549 1912 erat
570 1859 814 1913 considerationem
839 1859 1007 1927 singulorum
1025 1861 1198 1929 planetarum
1223 1870 1251 1916 et
1278 1861 1317 1915 sic
1336 1862 1417 1915 etiam
1440 1877 1503 1930 pro-

149 1933 271 2001 priorum
294 1942 426 1990 motuum.
466 1936 536 1991 Nam
559 1939 616 1990 etsi‘
637 1938 718 1992 etiam
742 1937 913 2008 Pythagoras
939 1939 1061 2006 singulos
1086 1941 1242 1995 considerat
1264 1941 1402 2009 planetas,
1430 1948 1504 1995 recte

150 2021 240 2067 11111
259 2014 366 2068 censuit
382 2012 562 2075 Ptolemaeus.
574 2016 697 2084 ‘primum
714 2025 817 2071 motum
835 2016 890 2071 illis
909 2014 1023 2085 singulis
1042 2020 1102 2074 loco
1121 2019 1220 2086 quietis
1238 2033 1313 2086 esse,
1332 2034 1393 2072 curn
1411 2033 1504 2073 omnes

150 2092 178 2146 in
196 2091 291 2145 cadem
309 2091 393 2147 veluti
411 2092 492 2148 domo
511 2093 623 2148 volubili
642 2096 788 2165 compacti,
801 2096 932 2150 attritum
951 2097 1021 2150 aeris
1040 2096 1157 2165 nullum,
1181 2095 1365 2150 diversitatem
1382 2103 1503 2150 motuum
1595 2116 1599 2121 ’

152 2170 256 2226 nullam
274 2171 405 2240 sentiant,
433 2171 506 2240 quod
524 2171 596 2227 idem
620 2184 648 2228 11
666 2173 700 2229 de
717 2174 834 2229 fixarum
852 2174 961 2230 circulis
986 2176 1097 2244 diurnis,
1123 2175 1231 2231 infinita
1247 2175 1439 2244 magnitudinis
1457 2192 1502 2230 ra·

148 2252 245 2306 1111111
259 2267 289 2306 11
307 2250 421 2325 invicem
433 2267 450 2305 a
461 2251 525 2320 polo
546 2254 581 2307 ad
592 2261 768 2322 aequatorem
786 2253 1024 2323 consequentibus,
1044 2252 1189 2309 dicendum
1200 2260 1251 2310 est.
1287 2255 1399 2309 Rectius
1412 2254 1503 2311 adhuc
1550 2268 1560 2284 ‘

151 2339 223 2385 esset
242 2347 303 2385 eum
323 2331 470 2400 Copernico
489 2331 712 2402 philosophatus,
740 2335 764 2389 si
782 2335 938 2403 statuisset,
964 2343 1068 2390 motum
1085 2335 1201 2403 primum
1220 2333 1296 2388 coelo
1320 2348 1350 2387 re
1368 2349 1431 2387 vera
1449 2349 1505 2389 non

150 2409 248 2472 inesse,
267 2409 316 2464 sed
334 2409 430 2464 saltem
447 2409 533 2464 rideri
551 2409 653 2480 inesse,
672 2413 757 2467 Terra
773 2413 802 2468 in
819 2414 987 2468 conmanunt
1006 2412 1098 2467 voluta
1121 2411 1193 2467 eirea
1211 2427 1298 2466 axem.
1333 2410 1404 2465 Hinc
1422 2412 1506 2479 igitur

151 2490 264 2557 emergit
288 2498 316 2542 et
341 2488 394 2544 hoc
412 2498 538 2557 quartum
561 2490 720 2558 discrimen,
747 2492 821 2560 quod
838 2492 1010 2561 Pythagoras
1029 2492 1177 2560 superiora,
1196 2488 1370 2559 amplissimis
1393 2491 1504 2545 orbibus

149 2570 245 2641 citata,
273 2568 340 2623 facit
356 2570 525 2636 acutissima,
552 2567 642 2623 infima
661 2569 832 2638 gravissima,
856 2579 884 2624 et
903 2571 1015 2624 Terram
1033 2569 1112 2624 basin
1130 2567 1281 2637 gravissimi
1299 2567 1417 2623 omnium
1436 2569 1504 2640 soni,

90 2701 93 2708 ,
152 2647 196 2702 cni
213 2657 305 2704 tamen
331 2648 437 2712 rectius¹
451 2648 588 2702 silentium
614 2663 717 2702 merum
742 2648 770 2701 in
789 2648 840 2702 hae
859 2649 986 2717 analogia
1005 2655 1184 2716 competeret:
1210 2647 1382 2701 Ptolemaeus
1407 2663 1423 2702 1
1441 2661 1504 2702 con·

150 2727 234 2781 trario
257 2727 414 2783 acutissimo
438 2729 539 2783 sonitui
562 2733 701 2795 comparat
723 2727 829 2781 Lunam
851 2726 987 2792 infimam,
1013 2728 1172 2796 gravissimo
1191 2727 1337 2781 Saturnum
1359 2725 1504 2798 extimum

152 2805 254 2862 Terrae
272 2816 301 2863 11
317 2807 379 2864 fixis
399 2825 481 2865 sonos
500 2808 544 2863 hie
562 2807 653 2862 nullos
676 2807 811 2875 assignat,
838 2814 913 2862 tanto
937 2823 1018 2876 quam
1035 2807 1204 2877 Pythagoras
1222 2805 1406 2877 verisimilior,
1432 2807 1506 2877 quod

150 2885 178 2939 in
197 2892 257 2939 tota
274 2902 364 2941 rerum
381 2894 478 2941 natura
495 2886 560 2940 moli
579 2902 723 2956 corporum
742 2894 770 2940 11
787 2885 938 2954 prolixitati
955 2888 1198 2943 instrumentorum
1215 2887 1368 2942 associatur
1385 2888 1504 2955 gravitas

151 2980 288 3019 sonorum.
325 2962 393 3018 Vide
416 2963 479 3019 libri
501 2966 553 3019 mei
572 2965 619 3019 111.
640 2981 700 3035 cap.
721 2968 746 3021 1.
782 2966 827 3020 Ex
844 2964 898 3020 hoc
922 2966 1015 3033 itaque
1033 2974 1161 3037 apparet,
1187 2976 1317 3035 quantum
1341 2967 1505 3022 aberraverit

150 3043 225 3098 1111)
243 3043 350 3098 intento
369 3043 532 3113 Ptolemaei,
559 3045 605 3112 qui
629 3047 750 3100 lemmati
775 3045 871 3115 eapitis
890 3046 933 3105 16.
958 3045 1149 3101 tractationem
1168 3046 1285 3114 subjecit
1302 3044 1502 3110 alienissimam,

151 3136 313 3191 comparans
332 3122 493 3190 Saturnum,
513 3132 544 3176 ut
561 3124 758 3194 Pythagoram,
777 3142 839 3181 cum
858 3141 925 3180 sono
944 3124 1115 3193 acutissimo,
1133 3124 1239 3179 Lunam
1258 3138 1319 3178 cum
1337 3124 1504 3195 gravisdmo,

152 3210 179 3256 et
197 3201 306 3271 quidem
325 3202 353 3255 in
371 3202 426 3257 alia
443 3201 599 3271 systematis
618 3201 719 3273 forma,
737 3204 765 3259 in
783 3220 838 3274 qua
856 3204 1050 3260 tetrachordon
1069 3219 1262 3275 synemmenon
1284 3210 1327 3258 est
1343 3202 1403 3257 loeo
1421 3211 1504 3259 tetra·

151 3281 248 3336 ehordi
265 3281 486 3349 diezeugmenon.
522 3282 662 3351 hlirorque
683 3282 808 3339 Barlaam
826 3283 1002 3345 monachum.
1022 3285 1068 3352 qai
1086 3285 1160 3339 hunc
1178 3298 1296 3339 errorem
1315 3283 1430 3351 1011111,
1448 3299 1504 3338 non

151 3370 264 3414 notasse
283 3368 311 3414 et
328 3359 412 3427 11111,
431 3358 471 3413 uti
489 3373 540 3413 nec
557 3358 619 3429 hoe,
636 3361 709 3429 quod
726 3361 805 3417 11111
823 3362 875 3416 iste
894 3363 1026 3416 Venerem
1045 3379 1129 3432 supra
1147 3362 1238 3417 Solem
1256 3359 1363 3415 locavit.
1394 3360 1503 3437 Quinto¹

147 3441 206 3508 jam
224 3454 289 3494 vero
308 3437 479 3492 Ptolemaeus
497 3436 525 3490 iu
544 3437 596 3492 hoc
614 3439 758 3494 absurdior
775 3446 818 3494 est
834 3439 1000 3509 Pythagora,
1021 3441 1094 3510 quod
1107 3441 1237 3515 sphaeras
1247 3438 1349 3508 primas
1366 3438 1410 3494 vel
1422 3439 1503 3494 etiam

151 3534 266 3589 corpora
283 3517 423 3572 stellarum
448 3518 480 3572 111
498 3524 577 3571 vecta
594 3517 634 3571 sie
652 3525 793 3588 comparat
811 3519 886 3573 sonia
904 3519 932 3572 iu
950 3525 1111 3587 systemate,
1137 3526 1168 3573 ut
1185 3518 1232 3572 illa
1255 3515 1424 3584 respectibus
1447 3536 1503 3573 mo·

152 3608 230 3654 tuum
250 3607 341 3653 exuat.
377 3596 575 3668 Longitudines
595 3597 667 3652 enim
686 3596 890 3665 (1111110111,
914 3612 962 3650 111
988 3596 1061 3664 quod
1084 3596 1156 3650 idem
1173 3603 1216 3651 est
1237 3593 1431 3664 amplitudines
1454 3598 1503 3651 cir-

151 3677 281 3745 culorum,
300 3694 350 3746 per
367 3693 436 3746 quos
455 3685 521 3732 eunt
539 3676 647 3745 singuli,
666 3683 806 3746 comparat
823 3674 1039 3745 longitudinibus
1057 3676 1219 3731 chordarum
1232 3672 1386 3743 systematis
1404 3673 1433 3728 in
1450 3674 1504 3730 1110

153 3757 192 3810 11.
211 3756 311 3825 capite,
329 3764 432 3825 quanta
450 3772 513 3810 vero
532 3754 672 3810 eeleritate
689 3755 828 3810 vehantur
845 3753 946 3822 singuli
965 3770 1015 3823 per
1032 3770 1097 3809 suos
1115 3754 1203 3821 orbes,
1222 3753 1250 3807 id
1269 3751 1360 3806 differt
1378 3751 1406 3806 in
1419 3762 1503 3822 caput

151 3851 276 3905 1111111.
314 3835 343 3890 Si
360 3835 431 3890 enim
450 3834 563 3890 eandem
581 3835 748 3890 celeritatem
765 3836 899 3889 tribueret
917 3833 1051 3903 omnibus,
1069 3848 1152 3888 causa
1170 3832 1246 3887 nulla
1263 3837 1344 3900 esset,
1363 3831 1428 3899 quin
1441 3848 1502 3888 eum

150 3914 291 3969 Macrobio
315 3931 332 3969 a
349 3915 493 3985 periodieis
512 3916 681 3983 temporibus
706 3920 943 3983 argumentaretur
960 3914 995 3968 ad
1014 3914 1108 3980 orbes,
1132 3918 1164 3965 ut
1182 3910 1245 3978 quia
1263 3909 1396 3964 Saturnus
1419 3910 1504 3978 trige-

151 3992 233 4061 euplo
252 3992 356 4049 tardior
373 4002 416 4048 est
433 3994 506 4062 Sole,
525 3994 742 4053 eundemetiam
760 3993 913 4064 trigecuplo
932 3994 1057 4048 altiorem
1075 3991 1138 4047 Sole
1156 3990 1272 4059 faceret,
1290 4004 1325 4044 ne
1343 4003 1413 4058 opus
1431 3997 1504 4043 esset

149 4070 178 4124 in
194 4068 323 4127 lemmate
340 4073 437 4143 eapitis
455 4075 656 4144 praescribere,
681 4090 711 4129 se
728 4073 796 4129 velle
814 4074 922 4130 demum
941 4075 1043 4144 primos
1061 4086 1187 4127 numeros
1205 4070 1382 4139 investigare,
1404 4066 1503 4137 quibus

151 4150 355 4219 explicarentur
372 4154 550 4223 sphaerarum
568 4155 769 4223 proportiones.
804 4156 901 4222 ltaque
919 4153 1004 4222 vides,
1023 4169 1078 4208 non
1096 4152 1214 4207 alienum
1233 4150 1284 4203 hoc
1302 4165 1319 4203 1
1337 4156 1427 4204 menta
1439 4147 1503 4199 Pto·

150 4228 247 4286 lomaei
265 4231 359 4298 fuisse,
376 4249 393 4289 a
411 4250 453 4288 me
472 4235 654 4303 perscriptum
672 4236 701 4289 in
718 4234 880 4291 1111111011
894 4234 991 4303 capitis
1004 4240 1032 4288 et
1047 4231 1211 4299 explicatum
1224 4226 1308 4297 paulo
1320 4227 1411 4296 prius:
1430 4223 1503 4294 quod

150 4308 293 4367 inferiores
311 4312 367 4368 sint
384 4328 414 4368 ra
432 4328 496 4367 vera
514 4313 660 4370 celeriores
679 4312 873 4383 superioribus,
893 4328 948 4367 uon
966 4318 1073 4367 tautum
1086 4310 1218 4367 brevitate
1230 4307 1342 4374 reditus,
1360 4304 1503 4360 sedetiam
1539 4320 1542 4325 ’

152 4390 244 4458 vigore
262 4391 421 4461 celeritatis,
447 4402 478 4447 11
496 4393 552 4447 1111
575 4393 613 4448 ita
631 4390 737 4461 periodi
754 4390 911 4446 inferiorum
929 4389 1081 4458 breviores,
1110 4403 1191 4455 quam
1209 4402 1258 4456 pro
1283 4386 1390 4440 orbium
1408 4382 1504 4451 ampli·

152 4469 256 4525 tudine.
292 4469 405 4525 Sextum
430 4480 458 4525 et
476 4471 596 4540 speciale
620 4472 764 4528 discrimen
789 4471 859 4525 inter
882 4476 1031 4539 systemata
1048 4466 1223 4536 Pythagorae
1246 4471 1275 4519 et
1291 4462 1439 4521 Ptolemaei
1461 4471 1505 4517 est

152 4546 178 4600 in
203 4549 389 4617 amplitudine.
426 4550 596 4619 Pythagoras
621 4552 692 4605 enim
718 4566 811 4606 omues
834 4549 959 4618 planetas
983 4555 1010 4601 et
1032 4548 1103 4601 fixas
1128 4542 1207 4598 unico
1233 4541 1365 4610 diapason
1388 4540 1504 4595 includit

153 4627 303 4684 11111111
319 4629 452 4694 Ρ111111,
476 4631 522 4685 alii
539 4631 720 4701 Pythagoraei
738 4629 811 4700 apud
828 4627 996 4683 Macrobium
1019 4625 1047 4681 id
1070 4621 1236 4692 ampliarunt
1259 4621 1294 4676 ad
1312 4619 1429 4675 tetralsis
1447 4618 1504 4672 dia·

152 4721 239 4775 paron
262 4708 443 4780 epidiapeute.
478 4711 636 4766 Ptolemaeo
659 4711 774 4780 dispersi
797 4717 861 4769 suut
884 4707 1010 4776 planetae
1033 4710 1220 4775 1181811111
1242 4698 1406 4770 demumr
1430 4695 1503 4790 (1¹¹⁰,d

151 4784 357 4851 amplitudinem
380 4788 463 4843 hahet
485 4789 669 4858 disdiapason.
705 4790 834 4859 Septimo,
860 4785 1045 4858 septenarium
1062 4780 1233 4853 planetarum
1258 4786 1372 4849 uterque
1397 4782 1505 4868 quaerit

151 4862 233 4919 ctiam
249 4866 278 4921 iu
296 4881 347 4923 suo
365 4867 523 4939 archetypo,
540 4868 673 4938 religione
690 4869 836 4939 praecipua
853 4866 1017 4939 septenarii,
1037 4863 1097 4936 qui,
1115 4868 1146 4918 ut
1162 4858 1320 4918 Macrobius
1339 4874 1374 4914 ex
1393 4857 1502 4914 dommo
