3567 5625
671 421 755 481 Liber
770 423 804 482 V.
820 425 912 496 Caput
929 422 978 483 lX.
1437 425 1501 492 tit

148 599 205 660 iere
219 573 372 681 'perpetuo
394 610 511 681 peccet3
541 605 572 663 in
594 605 682 665 unice
705 623 775 666 voro
797 603 885 666 doris
907 613 945 667 et'
960 605 1080 678 Martis,
1113 605 1188 664 inter
1210 602 1304 668 encta
1327 609 1357 666 at
1377 602 1502 666 semito-
1538 578 1540 582 y

146 690 235 750 nium.
273 691 407 770 Apparet
430 695 518 769 igitur
540 692 617 753 banc
638 699 770 754 mntnam
783 696 947 755 cessionem
970 690 1161 770 undiquaque
1181 708 1248 753 csse
1271 689 1359 754 valde
1382 691 1500 752 bonnm.
1562 717 1566 728 ·

231 863 384 926 Hactenus
416 868 505 945 igitur
532 866 569 929 de
597 867 654 928 Dei
684 868 831 930 creatoris
868 885 956 947 opere
991 866 1079 927 nobis
1105 863 1348 947 inruepnrqntiar.
1398 865 1503 928 Restat

145 993 239 1052 nuno,
272 985 306 1039 ut
328 980 377 1039 vel
398 980 517 1041 tandem
548 980 641 1042 oculis
671 987 699 1041 et
722 983 858 1042 manibus
887 982 923 1043 de
953 980 1055 1041 tabula
1085 978 1367 1040 demonstrationum
1390 979 1500 1041 ablatis

147 1092 235 1166 inque
259 1092 375 1151 coelum
397 1093 536 1168 sublatis,
567 1093 686 1180 Patrem
714 1094 858 1160 luminum
891 1094 1016 1156 devotus
1049 1102 1080 1154 et
1101 1092 1225 1171 supplex
1255 1111 1435 1173 comprecer:
1475 1092 1502 1158 0

147 1205 196 1279 qui
218 1187 330 1265 lumine
352 1212 475 1268 naturae
499 1206 676 1272 desiderium
698 1210 727 1268 in
751 1210 836 1272 nobis
866 1224 1023 1286 promoves
1044 1206 1163 1266 luminis
1185 1209 1315 1284 gratim,
1345 1214 1378 1266 ut
1398 1225 1450 1285 per
1472 1206 1503 1278 id

147 1316 307 1380 transferas
329 1335 383 1378 nos
406 1319 434 1377 in
459 1319 557 1379 lumen
579 1321 709 1398 gloriae,
732 1326 843 1398 gratias
865 1339 923 1400 ago
946 1322 1000 1382 tibi
1023 1320 1145 1381 Creator
1166 1320 1305 1400 Domine,
1327 1321 1376 1397 qui
1401 1318 1502 1382 delecr

147 1433 215 1490 tasti
238 1448 286 1491 me
309 1433 339 1490 in
363 1432 476 1492 tactura
498 1441 550 1493 tua
579 1442 609 1495 et
631 1436 660 1493 in
684 1437 823 1518 operibns
845 1453 986 1496 manuum
1014 1442 1130 1495 tuarum
1154 1434 1312 1495 exsultavi.
1356 1434 1400 1493 En
1424 1450 1503 1495 nunc

149 1561 221 1622 opus
244 1549 448 1607 consummavi
470 1547 658 1625 professionis
681 1567 774 1624 meae,
798 1552 888 1609 tantis
911 1567 981 1609 usus
1003 1551 1113 1625 ingenii
1136 1549 1257 1624 viribus,
1281 1556 1408 1626 quantas
1430 1549 1503 1609 mihi

148 1657 272 1735 dedisti;
296 1659 483 1719 manifestavi
506 1660 628 1736 gloriam
652 1678 770 1739 operum
793 1671 910 1722 tuorum
934 1663 1116 1736 homitibus,
1138 1662 1213 1721 istas
1234 1640 1500 1724 demonstrationes

149 1771 275 1847 lecturis,
300 1781 440 1850 quantum
465 1773 500 1832 dc
523 1773 603 1834 illius
626 1775 768 1836 infinitate
792 1794 896 1855 capere
918 1783 1077 1856 potuerunt
1099 1777 1253 1853 angustiae
1274 1777 1381 1836 mentis
1403 1791 1502 1852 mca03

148 1894 279 1963 promtus
302 1887 375 1947 mihi
395 1887 451 1947 init
473 1889 587 1948 animus
610 1888 648 1948 ed
678 1890 915 1951 emendatissime
936 1889 1219 1969 philosophandum
1249 1891 1275 1950 si
1305 1887 1376 1967 quid
1403 1888 1503 1966 indig-

148 2017 216 2060 num
239 2002 300 2061 tnis
323 2000 452 2061 consiliis
475 2001 622 2079 prolatum
644 2023 663 2063 a
684 2021 746 2078 mc,
776 2002 938 2063 vermiculo
969 2006 998 2062 in
1032 2004 1189 2064 volutabro
1221 2010 1409 2080 peccatorum
1431 2010 1502 2064 nato

150 2123 176 2175 et
199 2117 355 2187 innutrito,
387 2115 466 2193 qnod
489 2119 563 2177 scire
585 2116 659 2177 velis
681 2117 830 2191 homines,
857 2116 890 2176 id
913 2134 1031 2194 quoqne
1053 2119 1194 2196 inspires,
1224 2124 1257 2177 ut
1278 2115 1448 2194 emcndcm3
1476 2117 1503 2176 si

149 2234 263 2288 tuorum
288 2221 409 2309 operum
434 2229 599 2291 admirabili
622 2230 840 2310 pulchritudine
862 2233 892 2290 in
916 2233 1109 2294 temeritatem
1133 2231 1281 2309 prolectus
1303 2248 1377 2306 sum,
1401 2238 1454 2291 aut
1475 2232 1502 2290 si

148 2342 271 2420 gloriam
293 2344 439 2420 propriam
462 2341 540 2422 apud
561 2344 695 2410 bomincs
717 2347 826 2421 amari,
850 2343 919 2406 dnm
940 2344 1109 2423 progredior
1132 2346 1162 2408 in
1185 2361 1273 2422 opere
1297 2352 1367 2405 tuac
1388 2343 1502 2421 gloriae

149 2456 303 2529 destinato,
326 2458 405 2515 mitis
427 2464 458 2516 ct
480 2459 642 2519 misericors
665 2457 816 2534 condona3
840 2439 967 2535 denique
991 2468 1023 2518 ut
1046 2449 1310 2519 demonstrationes
1332 2461 1408 2518 istac
1429 2465 1501 2518 tuac

148 2569 259 2648 gloriae
289 2577 319 2631 et
342 2571 504 2631 animarum
532 2571 621 2632 saluti
644 2571 825 2646 cedentncc
852 2572 878 2632 ei
903 2571 1049 2632 ullatenus
1073 2573 1186 2647 obsint,
1218 2573 1363 2652 propitius
1387 2568 1502 2634 efficere

150 2682 286 2762 dignene.

726 2903 868 2981 CAPUT
894 2903 934 2977 x.

516 3067 685 3138 Epilogus
705 3066 743 3124 de
759 3067 851 3134 Sole,
869 3057 1137 3137 conjecturalis.

235 3230 400 3289 Ammius
426 3229 545 3291 coelesti
574 3229 613 3291 ad
642 3230 821 3306 auditorem,
850 3229 986 3291 allusio
1013 3229 1053 3290 ad
1076 3228 1244 3305 choragum
1262 3228 1452 3306 Apollinem,
1481 3247 1501 3289 a

144 3318 274 3395 planetis
290 3335 343 3377 sex
366 3319 612 3379 circumeuntibus
627 3319 854 3395 harmoniaeque
874 3317 1051 3378 iacientibus
1066 3317 1104 3377 ad
1119 3315 1218 3377 Solem
1241 3318 1271 3375 in
1292 3317 1501 3389 corricplorum

144 3407 277 3464 omnium
302 3412 416 3478 cerno,
448 3404 625 3466 immobilem
649 3408 730 3480 loco,
764 3409 794 3465 in
817 3423 850 3465 sc
870 3406 968 3483 ‘ipsum
991 3414 1089 3465 tamen
1111 3421 1145 3464 se
1166 3404 1376 3465 revolventem.
1423 3404 1499 3465 Cum

143 3496 226 3551 onim
248 3491 471 3554 absolutissima
490 3497 529 3553 sit
550 3497 627 3554 inter
641 3503 787 3554 exuamus
801 3492 985 3570 planetarum
1008 3500 1104 3552 motus
1119 3492 1296 3565 harmonice,
1319 3509 1379 3550 non
1402 3490 1502 3569 quoad

147 3598 237 3640 veras
260 3580 425 3640 celeritates
447 3598 500 3657 per
524 3598 626 3641 auram
649 3581 824 3653 aetheream,
846 3578 902 3641 sed
924 3579 1022 3657 quoad
1036 3580 1172 3656 angulos,
1194 3595 1270 3657 quos
1292 3579 1418 3638 formant
1439 3585 1500 3638 ter·

41 3660 48 3681 ⁸
145 3670 222 3727 mini
253 3667 421 3727 diurnorum
451 3684 570 3728 monum
599 3668 635 3729 de
665 3669 766 3733 orbitis
795 3667 994 3745 planetarum,
1023 3670 1147 3727 connexi
1177 3685 1242 3728 oum
1272 3674 1370 3726 cantro
1402 3664 1499 3741 Solis,

144 3756 305 3816 harmonia
328 3772 399 3816 vero
421 3773 481 3816 non
504 3756 622 3817 decoret
643 3760 790 3830 terminos,
816 3753 845 3814 id
868 3762 914 3817 est
935 3763 1032 3816 motus
1054 3772 1106 3834 per
1127 3773 1160 3815 se
1182 3753 1326 3831 singulos,
1348 3753 1401 3814 sed
1423 3770 1501 3831 que-

144 3851 236 3904 tenus
267 3845 342 3903 inter
363 3860 395 3903 sc
419 3843 513 3919 juncti
544 3852 573 3904 et
603 3846 764 3922 comparati
792 3843 867 3903 fiunt
896 3844 1044 3919 obiectum
1066 3842 1201 3919 aiinrjm
1223 3843 1345 3917 mentis,
1377 3848 1408 3902 ct
1435 3859 1502 3901 cnm

143 3932 265 3991 nnllam
286 3931 434 4006 obiectum
456 3933 562 3991 trustra
584 3934 623 3992 sit
646 3930 822 4011 ordinatum,
844 3947 903 3990 non
928 3934 1070 3992 existente
1084 3930 1185 4008 alique
1199 3947 1239 4005 re,
1263 3947 1340 4008 quae
1361 3928 1413 3990 illo
1435 3946 1502 3989 mo·

145 4028 271 4092 ventur,
303 4018 403 4095 anguli
426 4036 495 4079 vcro
523 4022 570 4079 isti
599 4035 833 4096 praesupponere
862 4018 1018 4079 videantur
1047 4021 1194 4079 actionem
1220 4017 1350 4096 aliquam
1373 4018 1502 4079 similem

144 4111 233 4167 visus
256 4110 348 4165 nostri
371 4114 423 4165 aut
445 4116 521 4167 certe
551 4109 695 4167 sancionis
719 4107 812 4181 illius,
839 4123 900 4183 qua
929 4106 979 4166 lib.
1003 4105 1186 4167 IV..naturn
1213 4107 1379 4177 sublunaris
1401 4106 1521 4183 perch.

142 4197 253 4273 pichot
274 4193 398 4270 angulos
428 4193 575 4254 radiorum
606 4213 642 4255 ex
668 4193 794 4272 planetis
821 4196 850 4250 in
872 4193 964 4254 Terra
992 4193 1147 4254 formatos:
1179 4192 1315 4270 equidem
1345 4193 1441 4270 qualis
1471 4194 1501 4257 ln

141 4283 221 4343 Sole
245 4284 342 4357 visus,
365 4284 416 4359 qni
439 4282 517 4342 oculi
539 4284 609 4356 sint,
633 4288 685 4342 eut
708 4284 773 4359 quis
796 4282 950 4342 instinctus
982 4281 1059 4351 alins
1095 4279 1274 4359 percipiendi
1296 4280 1352 4340 hos
1374 4279 1500 4357 angulos

143 4374 242 4430 etiam
265 4372 327 4429 sinc
350 4368 442 4429 oculis
464 4368 697 4446 aestimandlquc
719 4369 886 4429 harmonias
902 4377 1033 4429 motuum
1047 4368 1086 4429 ad
1108 4369 1213 4430 mentis
1230 4368 1410 4428 mutulam
1426 4384 1502 4443 que·

143 4474 267 4534 cunque
289 4465 374 4534 porta
396 4458 634 4533 ingredientium,
663 4474 739 4534 qnae
763 4455 888 4533 denique
920 4474 1001 4517 mens
1024 4459 1081 4516 ista
1102 4458 1132 4514 in
1156 4454 1242 4530 Sole,
1276 4455 1421 4530 conjicere
1442 4471 1501 4514 non

141 4545 235 4607 lacile
259 4552 305 4605 cst
326 4544 446 4604 Terram
467 4545 673 4605 incolentibus.
720 4541 876 4622 Utcunque
904 4551 1001 4605 tamen
1024 4562 1056 4604 sc
1088 4542 1219 4603 babeant
1239 4543 1311 4616 iste,
1344 4550 1422 4603 certe
1444 4544 1502 4602 cir·

142 4634 328 4711 compositio
351 4631 404 4692 illa
425 4648 476 4693 sex
500 4632 613 4692 orbium
635 4633 839 4710 primariorum
861 4634 939 4692 circe
960 4630 1076 4705 Solem,
1108 4630 1267 4690 colentium
1289 4628 1373 4691 illum
1394 4645 1502 4708 perpe-

25 4756 26 4793 3
142 4726 209 4783 tuis
240 4719 550 4780 circumvolutionibus
587 4726 616 4779 ct
646 4718 737 4779 veluti
775 4720 960 4779 adorantium
995 4717 1082 4800 (sicut
1114 4718 1236 4778 seorsim
1264 4715 1350 4778 Joris
1380 4717 1501 4796 globum

141 4816 286 4890 quatuor,
310 4807 468 4867 Saturnum
491 4806 559 4881 duo,
583 4804 730 4868 Tellurem
754 4824 823 4866 vcro
847 4814 876 4867 ct
899 4825 952 4868 nos
976 4808 1039 4884 ejus
1062 4806 1175 4869 incolas
1197 4807 1286 4866 unica
1307 4805 1394 4866 Luna
1415 4822 1501 4867 cursu
1561 4878 1571 4887 ι

25 4984 26 4987 ¹
142 4901 256 4977 cingit,
291 4895 378 4971 colit,
407 4894 488 4954 fovet
511 4895 653 4971 nobisque
675 4894 863 4971 famulatur),
895 4902 925 4956 et
946 4894 991 4954 illi
1021 4893 1248 4957 considerationi
1274 4893 1337 4969 jann
1359 4891 1501 4956 mendene

1279 4997 1346 5058 21*
