3567 5625
290 403 354 466 aaa
780 363 1007 465 nouaculam
1022 405 1120 464 amn

289 576 478 640 imperfectione
495 579 529 628 ad
546 579 724 643 perlectionem
741 584 863 650 inlereua,
890 598 955 649 quaa
971 589 1054 634 umen
1071 589 1158 635 auotor
1179 600 1195 634 a
1212 599 1284 635 varaa
1300 585 1475 650 philosophiae
1496 588 1636 637 intentione

233 647 239 652 '
290 647 458 767 agrippiae
482 663 540 699 anaa
564 653 744 703 astronomlcaa
766 654 920 723 dietabant,
946 654 1061 717 aymbola
1081 649 1141 705 lacit
1164 669 1229 705 vana
1248 660 1274 705 at
1289 669 1345 705 vare
1362 658 1460 719 poitica
1485 662 1532 706 aut
1547 656 1636 706 deliria

360 731 415 767 ema
436 732 466 768 oa

377 823 404 871 ln
425 822 617 888 ,replicadow
635 827 765 891 Finddina,
784 827 921 890 praemlaaa
938 833 1084 893 retractans,
1104 828 1166 877 baec
1182 833 1278 877 ttntnrn
1296 825 1399 892 Kapleri
1415 829 1499 877 verbis
1520 831 1547 878 1η
1564 835 1635 879 textu

290 892 379 955 poaltia
396 895 537 957 reapondit:
565 896 650 964 Diale,
674 903 698 947 1ο
718 911 816 959 operam
834 898 862 945 in
880 897 994 946 ernavrdia
1013 899 1137 960 mysteriis
1154 904 1256 947 naturae
1281 913 1312 947 ex
1329 901 1457 961 peltarum
1474 898 1567 949 iabnlia
1584 912 1636 949 nou

292 961 397 1011 deditae.
433 963 466 1014 Et
482 964 555 1014 iacile
572 967 645 1016 oredo
663 968 808 1031 scriptaque
825 973 871 1016 tua
888 973 1002 1034 narrant,
1027 968 1090 1018 lianc
1107 973 1175 1016 tuam
1193 970 1354 1018 aaurtionem
1376 982 1427 1018 non
1444 983 1499 1017 eaeo
1514 970 1633 1020 tabulam

289 1031 339 1082 Sed
357 1046 388 1082 an
407 1034 593 1086 mathematicae
610 1043 668 1087 ture
687 1038 909 1087 demonatrationca
927 1039 979 1086 aiut
995 1039 1098 1087 varitate
1115 1040 1162 1087 anb
1180 1036 1409 1102 iabnllepoitatum
1428 1038 1564 1089 occultatae
1581 1054 1634 1089 car·

193 1151 199 1160 ,
291 1102 368 1162 tiorea
387 1117 478 1167 ηοοηο,
495 1105 537 1154 bic
554 1105 638 1173 labor,
656 1108 704 1157 boc
722 1122 784 1171 opus
803 1113 841 1156 eat
858 1107 999 1170 depingere.
1063 1148 1067 1156 .

359 1205 403 1273 bl)
421 1222 477 1270 pag.
495 1212 556 1260 ate.
591 1212 625 1261 Ut
642 1213 719 1262 lactor
735 1213 835 1275 babeat,
853 1226 904 1277 quo
924 1212 1179 1272 ,lloaaaoruceornm‘
1192 1213 1321 1277 opiulouca
1339 1213 1468 1274 diiudicat,
1486 1214 1561 1261 verba
1575 1226 1635 1275 pro·

289 1279 406 1339 ponlmna
424 1278 541 1342 liiuddil,
568 1295 634 1346 qnae
652 1281 774 1345 lleplernr
792 1284 819 1330 1η
837 1284 922 1331 animo
940 1283 1042 1344 babuit,
1067 1297 1124 1333 oum
1142 1297 1186 1348 aa,
1211 1296 1277 1348 quaa
1297 1288 1382 1332 teatna
1399 1283 1490 1347 babet,
1507 1283 1634 1334 acribarat.

289 1346 366 1397 Hanc
383 1350 488 1415 numeri,
507 1352 592 1412 inquit
609 1352 732 1402 Fluddiua
750 1356 777 1401 in
796 1352 959 1415 ,namnum
976 1355 1084 1416 apetiam
1101 1354 1151 1416 lpal
1168 1351 1321 1417 (philoaopbl
1338 1354 1515 1415 eapientioraa,
1532 1352 1635 1401 Themi·

290 1418 362 1482 atina,
380 1418 544 1486 Pythagoras,
563 1421 636 1470 Plato
655 1421 711 1488 eto.)
729 1421 877 1484 naturalem,
895 1421 1022 1471 iormalam
1041 1428 1066 1472 at
1084 1421 1231 1473 rationalem
1248 1428 1407 1484 vocaverunt,
1425 1436 1456 1471 aa
1474 1435 1526 1483 quo
1543 1436 1637 1483 mma

289 1486 412 1536 miracula
436 1494 488 1538 tam
510 1491 537 1539 1η
563 1491 669 1554 divinia,
695 1506 769 1554 qnam
787 1491 943 1541 naturalibua
964 1498 1067 1555 peraeta
1083 1500 1150 1542 aunt.
1186 1493 1225 1542 iix
1250 1492 1394 1554 huiuamodi
1411 1494 1519 1541 numeria
1537 1497 1636 1554 lempna

290 1557 391 1617 quidam
411 1565 509 1608 constat
526 1562 655 1622 omniaque
678 1569 760 1612 motna
786 1568 811 1611 et
827 1563 908 1625 aetio,
934 1576 1000 1623 quaa
1016 1564 1049 1611 ad
1068 1571 1165 1626 tempna
1182 1567 1313 1625 aptantur,
1339 1564 1430 1624 quibua
1455 1564 1531 1611 etiam
1548 1563 1636 1610 omnia

291 1626 441 1694 reseruntur,
459 1643 525 1690 quae
542 1633 648 1694 tempori
666 1639 691 1681 et
708 1633 787 1682 motui
805 1634 919 1692 aubjecta
935 1637 1002 1683 eunt.
1037 1633 1085 1682 Per
1096 1634 1140 1682 boa
1157 1645 1281 1697 numeror,
1298 1646 1356 1681 vara
1367 1645 1456 1681 annor
1471 1637 1498 1680 at
1507 1629 1635 1697 iormalet,

291 1703 425 1747 concentus
450 1705 476 1748 et
499 1714 571 1749 vooaa
598 1703 626 1751 ln
651 1705 749 1751 musica
772 1703 959 1764 proportionem
982 1702 1075 1751 babent
1097 1709 1122 1751 et
1144 1708 1273 1762 eonatant3
1300 1702 1409 1763 danique
1431 1716 1517 1751 omnaa
1539 1702 1634 1765 apaolaa

290 1765 443 1817 naturalium
461 1775 487 1819 et
504 1784 602 1837 eornm,
629 1783 694 1833 qnae
711 1786 788 1835 snpra
804 1778 921 1821 naturam
938 1779 1011 1837 aunt,
1032 1775 1142 1822 numeria
1159 1774 1233 1823 oartla
1254 1770 1403 1821 iormallbua
1425 1773 1636 1832 oonauinquntnr.

290 1834 389 1886 Horum
408 1852 566 1890 numerorum
586 1845 741 1892 occultorum
758 1844 905 1903 mysterium
928 1844 1021 1905 optime
1043 1848 1212 1904 coguoverunt
1233 1840 1273 1890 1111
1299 1843 1419 1892 acientiae
1445 1840 1633 1908 oonanltiaalml,

294 1908 338 1966 qni
355 1907 488 1958 lionadam
511 1925 555 1960 aen
573 1914 697 1962 unitatem
715 1913 798 1976 opifici
816 1912 883 1975 Deo,
902 1912 1016 1974 Dpadem
1041 1927 1085 1961 aen
1103 1910 1251 1961 dualitatom
1269 1913 1388 1961 materiae
1405 1925 1512 1978 aqnoae,
1531 1926 1563 1960 ac
1579 1919 1634 1959 tum

292 1982 382 2037 poatea
399 1977 516 2028 Trladem
533 1982 625 2031 tonnae
643 1997 688 2032 aen
705 1981 758 2032 luci
776 1987 802 2030 et
818 1983 918 2031 animae
935 1981 1070 2031 univeraeli
1092 1984 1270 2048 attribuerunt,
1297 1995 1374 2042 qnam
1390 1981 1511 2043 virginem
1527 1994 1636 2030 rocave-

293 2051 360 2098 runt.
395 2048 430 2096 lli
453 2055 537 2099 anum
563 2059 622 2101 annt
647 2054 743 2103 numeri
768 2050 808 2100 illi
832 2060 881 2101 trae
907 2053 975 2113 ignei
1001 2058 1026 2101 et
1043 2051 1172 2114 iormalea,
1200 2053 1244 2113 qni
1266 2052 1374 2114 primum
1399 2066 1415 2100 a
1441 2051 1636 2115 proprietatibua

295 2116 321 2165 S.
340 2117 365 2166 S.
384 2118 514 2168 Trinitatia
533 2119 682 2171 alluxerunt
703 2123 736 2172 ad
754 2122 841 2171 mnndi
859 2121 989 2173 fabricam.
1025 2120 1133 2170 Materia
1155 2123 1220 2170 enlm
1243 2135 1326 2183 aquea
1342 2121 1450 2183 spiritua
1467 2121 1556 2170 Divlnl
1577 2118 1636 2181 glu-

293 2187 346 2235 tine
364 2201 419 2236 cum
432 2187 512 2238 forma
529 2189 615 2239 lucida
633 2193 791 2254 conjungitur
809 2197 834 2239 et
850 2198 953 2240 vocatur
971 2190 1087 2254 (ioelum,
1110 2199 1170 2240 tunc
1187 2192 1281 2240 bomini
1299 2194 1402 2252 ejusque
1419 2192 1488 2239 vltaa
1503 2190 1636 2239 Heredem

293 2262 318 2304 at
335 2255 483 2322 lleptadem,
502 2258 609 2321 denique
625 2263 770 2311 Ennaadem
788 2262 904 2311 omnibua
922 2263 1049 2312 creaturia.
1085 2261 1151 2311 iiiuc
1161 2261 1263 2322 quidam
1273 2273 1390 2310 numerua
1403 2261 1530 2326 denadu'a,
1549 2274 1636 2308 omnes

293 2339 343 2373 non
360 2327 435 2376 modo
453 2327 540 2380 mnndi
559 2334 744 2397 oouaonantiae,
763 2333 808 2380 aed
824 2333 902 2380 etiarn
920 2330 1089 2380 diaaomntiaa
1106 2329 1245 2392 includens,
1263 2330 1352 2380 dacem
1361 2331 1515 2393 flepbirotbia
1529 2330 1636 2392 Sapien-

293 2401 347 2444 tum
364 2399 519 2464 attribuitur,
538 2403 630 2461 quibua
648 2399 733 2451 decem
751 2402 800 2450 Dei
817 2403 966 2461 cognomina
984 2403 1068 2450 decem
1086 2403 1139 2462 eina
1151 2403 1315 2464 proprietataa
1327 2402 1353 2448 ln
1365 2400 1458 2450 mundo
1469 2401 1637 2462 exprimentia

292 2467 432 2527 praeaidore
450 2468 573 2518 dixerunt.
610 2471 674 2520 liam
692 2470 752 2521 talia
771 2477 809 2521 οο1
826 2484 983 2521 numerorum
1000 2468 1143 2520 formalium
1155 2472 1301 2536 prograuto,
1319 2468 1386 2519 ultra
1397 2484 1460 2531 quoa
1471 2469 1557 2519 nnllua
1569 2468 1636 2517 aliua

292 2547 402 2598 unquam
421 2537 478 2604 init,
497 2547 534 2589 eat
551 2538 590 2590 vel
608 2543 666 2590 erit:
688 2545 710 2603 l,
728 2543 753 2607 l,
772 2543 797 2600 d,
815 2544 841 2603 4,
860 2542 905 2589 ubl
925 2544 947 2601 l,
965 2543 981 2590 l
999 2541 1074 2590 almnl
1092 2541 1186 2590 adelitia
1204 2542 1268 2590 flunt
1284 2542 1313 2602 a,
1332 2542 1424 2603 quibua
1436 2541 1459 2588 al
1469 2540 1634 2604 addanturt,

292 2607 355 2654 flunt
374 2610 397 2658 7.
433 2609 517 2670 loque
535 2611 576 2659 blo
593 2617 631 2660 eat
648 2625 765 2661 numerus
782 2609 826 2659 ille
843 2609 980 2677 mirabilia,
1003 2612 1030 2659 ln
1048 2623 1099 2671 quo
1119 2610 1206 2660 mundi
1222 2611 1313 2660 creatio
1331 2615 1370 2659 avt
1386 2608 1522 2676 completa,
1541 2611 1636 2671 quippe

294 2676 323 2723 ln
347 2689 396 2737 qno
421 2679 571 2739 quadratum
594 2683 725 2730 materiale
751 2695 794 2730 eeu
819 2679 970 2731 elementare
986 2676 1066 2730 radici
1092 2679 1192 2729 formali
1214 2682 1299 2730 unitur
1323 2686 1349 2728 ο1
1371 2681 1497 2742 appetitur
1514 2681 1636 2727 matariae

293 2746 440 2796 mundanae
457 2750 494 2800 ita
512 2749 671 2818 adimpletur,
689 2757 718 2801 nt
734 2753 847 2813 qnlaacat
863 2749 918 2818 illa,
937 2757 1060 2814 quateuna
1077 2753 1143 2798 bono
1155 2749 1260 2814 impleta
1269 2763 1373 2800 anmmo.
1408 2748 1477 2798 Hlno
1492 2762 1537 2798 aen
1548 2750 1576 2797 in
1587 2749 1636 2797 loc

294 2824 409 2878 raapectn
435 2830 551 2870 nnmarne
574 2823 622 2869 iate
640 2822 769 2872 Sabbatbo
793 2835 836 2870 οοη
854 2822 934 2886 quieti
959 2823 1045 2883 datur,
1073 2826 1159 2883 catqne
1181 2819 1318 2882 aliqnando
1340 2834 1457 2869 numerus
1480 2820 1634 2882 pnnltioula3

297 2887 399 2946 qnando
417 2892 557 2952 proprietas
573 2891 673 2940 Elohlm
692 2894 718 2941 in
736 2905 837 2942 numero
855 2893 964 2940 ternario
982 2890 1162 2941 consideratam
1179 2891 1334 2941 iracundiam
1354 2891 1458 2938 vertitur
1480 2896 1506 2937 at
1526 2890 1565 2938 ale
1582 2889 1635 2937 dia·

297 2969 373 3005 aonne
392 2964 430 3006 eat
448 2965 494 3011 oto.
530 2960 580 3010 Sed
597 2962 761 3027 procedamus
779 2975 836 3010 enm
852 2964 981 3023 propoaito
997 2967 1096 3012 noatro:
1116 2964 1139 3026 i,
1158 2962 1183 3025 2,
1201 2963 1217 3008 il
1234 2960 1332 3010 iaciunt
1342 2962 1367 3020 ti,
1384 2961 1476 3020 quibua
1492 2959 1636 3009 aladdatvr

292 3030 320 3090 4,
340 3028 385 3087 qui
402 3033 441 3077 aat
458 3030 551 3095 unitae,
568 3033 598 3079 tlt
617 3034 640 3092 t,
658 3033 698 3080 val
715 3032 843 3081 additione
861 3033 957 3080 numeri
974 3031 1126 3092 quaternarii
1147 3031 1265 3093 lupiano
1282 3034 1336 3092 eiua
1353 3027 1438 3079 valore
1454 3029 1487 3078 ad
1505 3043 1559 3087 aex,
1575 3041 1634 3091 pro-

295 3095 399 3146 ducetur
418 3101 460 3150 10.
497 3098 569 3149 Ultra
585 3100 798 3163 qnem.nnlla=eat
809 3101 956 3165 progressio,
974 3115 1033 3150 nam
1044 3113 1130 3150 omuea
1141 3100 1245 3166 numeri,
1264 3102 1307 3160 qul
1319 3107 1464 3164 aequantur,
1482 3104 1542 3149 aunt
1553 3112 1635 3148 marae

295 3173 325 3213 ea
345 3165 384 3215 bia
402 3170 601 3232 compositiones.
637 3172 667 3221 ln
693 3172 732 3221 bis
749 3172 858 3220 nnmorlv
882 3170 1030 3220 formalibus
1057 3171 1143 3219 omnia
1164 3169 1418 3235 comprehenduntur,
1443 3176 1468 3217 et
1492 3171 1634 3232 qnlounqne
1664 3178 1668 3183 ·

291 3238 389 3285 noverit
412 3251 526 3288 nnmeroa
544 3238 642 3290 vocales
667 3247 693 3291 et
715 3241 842 3291 naturalea
866 3255 923 3290 oum
947 3241 1039 3290 divinia
1055 3241 1206 3302 ⁴conjungere
1229 3243 1254 3288 ot
1273 3241 1301 3289 in
1318 3239 1421 3289 eandem
1445 3240 1635 3288 consonantiam

291 3309 448 3428 ἓοοιίηέηθοῐηοοοθοιὲ
467 3309 508 3358 hio
525 3325 570 3374 per
585 3324 717 3362 numerum
733 3303 874 3361 latinamodl
891 3312 984 3373 poterit
1001 3311 1098 3373 operari
1115 3306 1242 3395 mirabilia
1267 3312 1344 3371 atque
1367 3309 1453 3358 eadem
1469 3310 1556 3403 ‘alam
1574 3322 1634 3370 rog·

379 3462 422 3527 oe)
440 3478 496 3527 pag.
514 3468 572 3514 lbi.
609 3466 648 3515 td
672 3467 736 3516 baec
753 3468 881 3530 rospondit
898 3465 1064 3517 Fluddlne:
1088 3466 1218 3516 semitonii
1241 3464 1311 3515 loona
1329 3464 1361 3513 ad
1379 3463 1450 3513 illum
1471 3464 1559 3513 mundi
1577 3479 1633 3526 gra·

292 3532 351 3581 dum
368 3536 488 3599 pertinet,
511 3536 555 3584 nbi
572 3534 617 3585 lux
635 3539 724 3597 magia
736 3536 863 3601 abundat,
890 3539 984 3601 quippe
1007 3549 1072 3596 quaa
1093 3540 1192 3598 propter
1215 3536 1331 3585 enbtilem
1349 3548 1420 3583 anam
1443 3534 1633 3597 diepoaltionem

291 3610 422 3652 contracta
438 3606 465 3652 in
483 3602 566 3655 locum
584 3608 715 3655 minimum
732 3607 818 3656 reduci
835 3612 924 3669 potcat,
942 3604 1059 3656 videlicet
1076 3608 1223 3654 elementum
1235 3606 1309 3671 ignia,
1328 3596 1435 3667 aphaera
1446 3604 1522 3666 Solia,
1539 3607 1634 3654 coelum

291 3671 428 3740 stallatum,
446 3688 463 3723 a
479 3676 580 3725 vivifica
597 3682 623 3724 et
639 3675 725 3727 lucida
742 3691 789 3726 ana
805 3678 897 3726 virtute
915 3677 992 3737 iana,
1015 3676 1043 3724 ld
1060 3682 1099 3725 eat
1116 3674 1211 3724 animal
1230 3675 1338 3739 dictum,
1361 3680 1386 3723 et
1403 3675 1509 3737 aphaera
1526 3674 1634 3735 danique

291 3742 429 3808 Seraphin,
456 3747 597 3808 praeeuntia
616 3746 677 3806 Del,
702 3745 766 3796 lncla
793 3749 870 3796 iontla
892 3752 918 3795 et
942 3746 1008 3807 ignia
1025 3744 1158 3811 praealdia,
1186 3747 1302 3805 flagrans.
1337 3743 1519 3806 Ooatrapuncti
1535 3745 1634 3794 termini

295 3818 355 3861 aunt
372 3811 453 3876 Aleph
471 3820 496 3864 ο1
513 3816 615 3881 Omega,
634 3830 740 3876 qnorum
757 3818 876 3866 mediatae
894 3814 993 3865 attilia
1010 3821 1122 3864 creatura
1133 3815 1319 3878 perieotiaelma,
1337 3814 1380 3864 Sol
1392 3814 1468 3874 diota,
1486 3827 1552 3876 qnae
1564 3819 1635 3863 tonat

292 3882 414 3945 diapason
435 3882 558 3947 duplicem
575 3886 607 3934 ad
624 3888 746 3936 unitatem
764 3889 804 3936 aul
822 3888 946 3951 creatoria,
964 3885 1023 3934 hino
1039 3885 1100 3934 inde
1113 3885 1241 3943 denotans,
1259 3884 1327 3945 qnod
1343 3886 1401 3946 ipaa
1420 3886 1453 3932 ait
1468 3890 1634 3941 oraturamm

292 3951 357 4001 coeli
374 3953 562 4018 pariaotiaaima,
581 3956 622 4004 cni
638 3958 704 4005 luter
720 3958 859 4020 composita
875 3958 903 4004 in
921 3969 996 4016 regno
1014 3953 1120 4004 animali
1136 3953 1269 4016 reapondat
1285 3955 1367 4021 bomo,
1389 3955 1415 4002 ln
1434 3953 1570 4014 vegetabili
1588 3955 1632 4002 tri·

292 4024 383 4088 ticum,
409 4026 435 4073 in
455 4025 568 4073 minerali
585 4039 681 4075 aurum.
718 4027 865 4076 Dlilarentia
881 4039 999 4087 genarum
1017 4030 1105 4075 oantne
1122 4028 1196 4073 eonat
1212 4025 1239 4073 in
1257 4022 1346 4091 coelia,
1370 4022 1463 4085 atallie,
1486 4025 1562 4086 aquia
1580 4032 1632 4089 ato,

298 4094 363 4142 ineat
381 4092 461 4143 atellia
480 4099 505 4143 ot
522 4094 630 4158 planella
648 4096 793 4158 huiuamodi
811 4101 900 4145 centua
916 4095 1030 4146 iormnla.

379 4178 421 4246 ot)
439 4194 494 4243 pag.
512 4183 572 4232 tot.
608 4180 775 4234 liluddiua:
794 4182 848 4233 lloc
865 4190 890 4233 ta
908 4184 971 4233 ecira
988 4183 1076 4243 velim,
1101 4180 1234 4230 Robertnm
1252 4195 1298 4231 nac
1316 4194 1402 4231 curare
1419 4195 1465 4231 nee
1481 4183 1554 4231 ilooci
1573 4181 1631 4247 qui·

294 4251 350 4300 darn
367 4251 482 4314 pendere,
500 4265 531 4300 an
549 4250 658 4301 Joannee
677 4253 818 4322 oonnlvaat,
835 4260 879 4303 aut
896 4255 975 4303 oculla
994 4251 1093 4314 quidem
1111 4253 1204 4314 epartia
1222 4251 1387 4301 etiraenndla
1399 4252 1535 4300 terribilior
1553 4252 1632 4315 ipsum

294 4321 428 4386 intueatur,
447 4335 532 4372 necne.
567 4322 623 4371 lion
640 4320 707 4371 enlm
724 4323 847 4374 loannem
864 4330 948 4373 metuo
966 4324 1055 4384 magia,
1072 4335 1148 4383 qnam
1166 4322 1252 4370 virtuti
1269 4335 1330 4371 auae
1349 4322 1505 4371 divinitatem
1522 4321 1632 4373 invideo.

294 4392 350 4440 lion
368 4392 450 4445 video.
468 4405 533 4452 qnae
551 4392 640 4459 intuo
658 4404 732 4453 opera
749 4400 807 4443 aunt
823 4395 886 4443 adeo
905 4393 1063 4457 admiranda3
1082 4390 1197 4449 auidolat,
1218 4393 1240 4439 ai
1258 4404 1321 4453 qnae
1338 4392 1461 4453 eerlpaiatl
1476 4392 1632 4456 quorundam

293 4462 371 4510 laude
387 4463 438 4510 aiut
456 4460 531 4522 digna
548 4495 555 4510 .
573 4496 580 4510 .
598 4498 631 4513 ..
657 4463 692 4511 At
710 4463 817 4530 deniqne
834 4466 903 4513 Deua
919 4464 982 4512 milri
999 4462 1100 4523 melina,
1126 4474 1204 4525 quam
1225 4466 1254 4508 nt
1271 4462 1444 4522 aaparuatlona
1464 4468 1489 4509 at
1507 4460 1630 4511 deforma-

294 4534 363 4580 tione
379 4533 417 4579 1η1
436 4533 516 4593 operia
535 4544 608 4593 opera
633 4533 687 4594 ipae
704 4533 753 4582 Dal
771 4535 969 4583 diuturnioribus
987 4532 1142 4594 ignorantiae
1158 4532 1280 4595 tenebria,
1306 4535 1426 4592 quantum
1448 4533 1475 4580 in
1493 4543 1534 4580 me
1551 4533 1631 4589 ritum,

294 4602 351 4650 ideo
369 4602 502 4665 involvam,
521 4603 581 4666 qnia
597 4601 763 4652 Harmoniam
780 4604 886 4654 loannia
904 4602 1046 4665 (ibymaarla
1063 4602 1136 4650 vania
1149 4606 1175 4648 et
1190 4601 1218 4650 in
1235 4602 1290 4648 aire
1304 4602 1495 4662 repraaaantutia
1512 4601 1629 4650 aaalmlla.

296 4671 361 4719 liam
378 4676 407 4720 nt
424 4673 543 4720 interiora
560 4685 603 4720 οοη
622 4670 736 4721 iormalla
753 4680 811 4723 eunt
828 4674 883 4723 Deo
900 4675 1028 4736 proxima,
1053 4677 1154 4720 extema
1170 4684 1229 4719 varo
1250 4676 1276 4718 at
1292 4683 1408 4732 corporea
1429 4684 1446 4719 a
1462 4671 1516 4719 Deo
1534 4675 1631 4727 remota

294 4742 333 4789 ita
355 4743 430 4791 etlam
448 4754 537 4803 corpur
563 4743 666 4790 umbrae
690 4748 717 4790 ο1
742 4745 850 4792 tenebris
876 4740 1030 4791 aaalmilatur
1051 4739 1115 4790 lllnd
1132 4754 1264 4805 apparant,
1290 4739 1358 4802 qnod
1383 4753 1432 4789 nou
1455 4746 1493 4789 eat
1510 4745 1558 4793 etc.
1591 4739 1631 4789 flio

297 4811 371 4858 aiam
389 4818 515 4860 externtm
532 4811 638 4860 loannla
656 4811 791 4862 doctrinam
810 4814 840 4861 da
858 4813 944 4861 mnndi
962 4812 1091 4861 bumonia
1107 4811 1163 4859 dlxi
1179 4812 1216 4858 ita
1231 4825 1259 4860 aa
1274 4810 1379 4876 hubert,
1397 4815 1426 4858 nt
1441 4810 1514 4860 litera
1531 4811 1564 4860 ad
1580 4811 1630 4872 api·

296 4880 372 4933 ritum
389 4885 416 4931 at
432 4882 517 4931 anima
533 4881 675 4945 adeorpoa.
709 4882 762 4933 tiae
778 4890 863 4933 men
879 4894 1092 4948 negarapoarum,
1110 4880 1270 4934 fflmonlam
1286 4879 1630 4934 anamaeaadvmmatlaa
