3567 5625
558 461 735 518 Harmonieis.
771 463 855 520 Liber
865 465 915 521 111.
938 465 1027 537 Caput
1039 466 1085 524 IV.
1433 442 1493 543 153
1602 441 1606 448 ¹

224 630 320 696 Porro
339 641 575 714 ‘comparationis
605 660 659 704 seu
688 644 894 706 abstractionis
922 644 1077 707 methodus
1107 646 1167 708 alia
1200 658 1244 710 est
1269 651 1420 728 generalis
1440 671 1492 715 see

143 717 333 794 arithmetica,
357 723 416 783 alia
437 729 582 804 specialis,
605 731 787 793 harmonicen
808 733 934 812 propria.
981 735 1171 797 Arithmctioe
1200 733 1317 815 quidem
1347 740 1495 817 eliguntur

29 889 34 896 Β
100 834 102 838 ·
143 823 270 868 masona
292 812 406 870 minora
432 813 538 890 duplo,
569 834 692 895 quorum
715 838 804 879 renum
832 838 890 880 uon
914 824 953 881 eit
975 822 1094 882 ulterius
1116 842 1185 901 pers
1214 827 1297 902 talis,
1327 846 1415 905 quem
1439 828 1493 889 de·

143 896 301 970 signauerit
322 898 423 974 aliqua
444 902 587 965 medietas
610 907 777 968 harmonica
799 911 904 986 capitis
926 912 1092 987 superioria.

159 1012 310 1075 intersunt
335 1034 404 1094 ergo
777 1025 808 1080 In
827 1026 911 1095 notis,
931 1041 965 1082 ex
984 1026 1139 1096 anticipato.
1189 1003 1193 1012 ¹

143 1112 201 1154 iuter
215 1124 272 1154 eon·
320 1119 410 1158 cenciu-

603 1109 615 1141 e

148 1176 199 1206 sena
213 1169 271 1207 ists:
299 1180 329 1210 na
341 1172 410 1212 base:
423 1153 1027 1311 ξξἻῖΠ-ῆὲἓέο-ξόᾙ
1117 1206 1122 1219 .

143 1235 307 1372 ξζξζξῗῇἶζ
338 1237 388 1378 ,ΖΞ
424 1233 672 1360 ΔΞΞ
680 1197 966 1334 ΕΙ-ῥῑειῐῑῑ
975 1259 1259 1336 :sterent

146 1374 163 1405 tr
217 1379 225 1404 e

227 1379 252 1442 lii
365 1420 371 1448 p

339 1518 352 1552 9
461 1440 631 1550 gs.
763 1445 1491 1598 -ᾐὲᾟπῑῶᾗῐκί

528 1550 544 1557 ”
598 1553 614 1595 ’-
670 1541 709 1596 ”Ϊ’
725 1543 1284 1623 -ἶῖ-ἔξιο-ῗ-ψι-ψ-Θιοη-
1300 1558 1488 1614 *ιι-’Ξ

363 1701 367 1710 ,
509 1629 686 1693 Harmonice
709 1640 889 1713 comparatio
913 1640 1106 1698 consonarum
1128 1636 1347 1697 intervallorum
1369 1639 1489 1714 respicit

351 1695 387 1729 '¹⁵
428 1723 523 1776 ortum
546 1734 659 1790 eorum,
692 1731 721 1782 et
744 1742 831 1801 quam
854 1725 1008 1802 quodlibet
1034 1743 1069 1785 ex
1092 1732 1157 1784 ortu
1178 1740 1232 1783 suo
1260 1725 1398 1783 sortiatur
1419 1723 1490 1784 alti-

144 1795 280 1857 mdinern.
324 1797 412 1861 Num'
439 1821 490 1882 pcr
517 1821 618 1866 omues
645 1815 863 1887 proportionum
899 1811 1159 1890 comparandarum
1194 1812 1332 1871 terminos
1363 1810 1490 1887 majores

145 1900 213 1943 unns
236 1895 267 1944 et
289 1885 367 1946 idem
390 1889 513 1952 circulus
535 1901 614 1952 totns
636 1905 869 1973 repraesentatur
891 1904 976 1977 eique
992 1900 1119 1976 analoga
1138 1898 1246 1958 chorda
1261 1900 1383 1974 integra,
1407 1915 1490 1958 com·

138 1974 233 2054 'munis
256 1976 393 2035 omnibus
415 1978 594 2038 sectionibus
616 1982 800 2047 harmonicis.
845 1990 941 2064 igitur
962 1989 1096 2049 omnihus
1112 1988 1240 2046 numeris
1263 1987 1406 2061 majorum
1429 1996 1490 2046 ter·

144 2061 282 2119 minonem
306 2067 541 2125 extentionibus
563 2067 747 2144 harmonicis,
770 2074 881 2135 scilicet
904 2078 937 2146 2,
962 2077 995 2149 3,
1020 2078 1056 2149 4,
1082 2076 1117 2149 5,
1142 2078 1177 2148 6,
1203 2076 1237 2146 5,
1263 2074 1281 2131 8
1304 2072 1488 2150 quaerendus

145 2156 184 2204 est
204 2152 369 2226 eommunis
392 2154 526 2214 minimus
550 2153 686 2217 dividuus
712 2163 787 2234 120,
811 2171 840 2222 et
863 2161 972 2222 chorda
987 2169 1050 2222 teta
1071 2169 1116 2222 est
1133 2159 1340 2238 distinguenda
1362 2163 1391 2218 in
1415 2163 1488 2221 toti·

144 2233 202 2292 dem
225 2245 327 2312 partes
350 2239 502 2315 aequales,
537 2249 570 2300 ut
590 2261 679 2305 eouus
702 2250 792 2308 totius
815 2249 940 2310 chordae
963 2250 1156 2310 constituatur
1186 2265 1237 2328 pre
1260 2249 1406 2307 communi
1428 2254 1489 2308 ter·

144 2322 214 2379 mino
238 2324 351 2400 majore
374 2329 501 2387 omnium
524 2323 717 2392 consocerum
747 2353 798 2413 per
826 2340 971 2397 sectiones
997 2338 1157 2409 laetorum,
1188 2344 1217 2398 et
1245 2333 1486 2395 accommedaudi

144 2412 253 2467 termini
277 2414 422 2487 minores,
454 2423 485 2474 ut
507 2419 582 2477 inter
603 2437 636 2480 se
658 2426 817 2498 comparati
841 2427 1019 2485 constituent
1040 2423 1196 2484 intervalla
1223 2423 1379 2495 concinna,
1413 2440 1489 2499 quae

145 2493 196 2554 hee
219 2500 318 2575 capite
340 2502 570 2579 investigantur,
593 2506 737 2582 prodeunt
760 2518 857 2571 autem
881 2510 999 2586 eedem,
1024 2529 1100 2588 qnae
1122 2513 1203 2589 prius
1226 2507 1415 2570 arithmetice.

556 2592 630 2653 Ecce
653 2596 682 2652 in
705 2600 782 2655 uotis
804 2616 839 2657 ex
862 2600 1030 2675 anticipato.

561 2933 590 2972 r

709 2853 1237 2867 ῄ--ι--ιι--ι--ο-

778 2881 821 2930 60.
846 2881 886 2930 72.
911 2881 953 2946 lh.
973 2882 1014 2933 80.
1038 2883 1081 2934 90.
1104 2884 1146 2933 9θὶ
1162 2883 1250 2934 tutti
1271 2884 1296 2934 0.

282 3618 307 3747 Nam
282 3518 307 3580 do
280 3379 309 3479 120
280 3210 314 3345 pars·

614 3919 644 3955 ¹⁰
758 3837 1437 3990 25183456120‘

142 4315 187 4369 sed
205 4315 279 4369 bene
297 4313 325 4368 in
343 4313 461 4368 minores
480 4312 580 4381 speciei
599 4312 717 4368 alterius.
753 4314 777 4367 3.
797 4310 837 4380 Si,
862 4318 893 4367 ut
910 4327 974 4381 pere
998 4312 1177 4382 multiplicata
1198 4323 1281 4384 angat
1304 4315 1490 4386 quantitatem,

143 4395 179 4449 ric
197 4394 281 4448 mam
300 4409 364 4462 pars
383 4391 576 4461 consonantiae
595 4384 714 4446 consona
731 4390 775 4445 rel
791 4389 924 4445 concinna
941 4399 1052 4460 augeret
1069 4394 1272 4450 consonantiam
1295 4395 1338 4449 uel
1355 4395 1490 4451 concinni·

141 4480 222 4528 tatem
242 4472 337 4539 totius,
356 4489 410 4528 uon
429 4470 599 4527 efficerentur
616 4470 723 4526 tandem
742 4486 776 4523 ex
794 4469 1008 4527 accumulatione
1027 4471 1211 4527 dissonantiae
1234 4480 1261 4526 et
1278 4472 1447 4527 inconcinna

211 4550 343 4622 Quaestio
361 4550 394 4604 ll.
429 4551 473 4605 An
490 4552 682 4605 consonantiae
699 4550 819 4604 habeant
836 4566 918 4605 unam
935 4563 1103 4604 communem
1120 4564 1285 4618 mensurum,
1304 4557 1371 4620 puta
1387 4558 1488 4607 tonum*
1564 4560 1568 4561 ’

144 4625 238 4697 diesin,
260 4644 363 4682 comma
382 4629 454 4684 etei
488 4629 628 4700 Naeuium
646 4644 733 4697 neque
752 4630 823 4683 enim
840 4635 871 4684 ut
889 4636 953 4684 eunt
963 4627 1160 4698 proportiones,
1179 4627 1243 4697 quie
1254 4628 1294 4685 sic
1306 4637 1372 4686 eunt
1388 4631 1488 4687 incom-

143 4707 352 4777 mensurabiles,
376 4707 404 4761 id
426 4718 468 4763 est
486 4706 718 4763 commensurabili
737 4721 864 4761 mensura
880 4714 1018 4775 carentes,
1044 4719 1131 4775 neque
1149 4712 1179 4760 ut
1197 4712 1260 4762 sunt
1279 4708 1400 4778 species,
1425 4709 1490 4777 quia

143 4783 246 4850 carreis,
271 4800 303 4839 ex
323 4785 422 4854 quibus
441 4794 514 4840 ortae
533 4785 685 4855 quibusque
704 4785 843 4843 definitae,
871 4783 952 4839 etiam
970 4789 1064 4838 contra
1085 4800 1115 4839 se
1133 4790 1226 4840 mutuo
1249 4785 1392 4844 distinctae
1416 4795 1487 4844 sunt·

141 4860 252 4916 Habent
271 4879 294 4916 n.
314 4862 511 4934 quodammodo
529 4872 654 4918 naturam
672 4862 825 4931 figurarum,
840 4860 899 4931 jam
916 4876 979 4917 uero
997 4860 1120 4930 trigonus
1132 4869 1160 4917 et
1171 4870 1339 4932 pentagonus
1351 4863 1379 4920 in
1392 4865 1489 4920 eodem
1547 4874 1553 4891 ’

143 4941 244 5001 &talo
269 4939 452 5013 longitudines
480 4941 582 4998 habeut
603 4941 718 4999 laterum
746 4939 1040 4998 incommensurabiles.
1081 4942 1204 5013 Denique
1229 4957 1357 4999 mensura
1380 4944 1488 5016 quidem
