3567 5625
1346 342 1514 399 Liber
1534 344 1612 400 ·V.
1651 344 1827 414 Caput
1861 344 1903 398 Ι.
2847 347 2970 406 271

443 519 752 596 Quomodo
799 520 1021 597 figurae
1092 508 1306 599 planae
1375 521 1672 598 regulares
1737 530 2122 599 congruerent
2194 521 2270 580 ad
2339 520 2675 581 formandas
2732 518 2972 594 solidas,

289 606 484 667 dictum
531 618 620 668 est
662 609 810 668 libro
858 608 1149 686 secund03
1213 609 1286 669 de
1335 613 1591 686 quinque
1637 612 1911 668 nimirum
1956 609 2159 669 solidis
2204 607 2378 690 (inter
2424 607 2682 685 ceteras)
2742 617 2977 686 propter

288 695 470 772 planas
516 697 596 755 ibi
641 696 828 755 locuti
872 714 1091 757 eumue.
1185 697 1478 757 Numerus
1524 706 1716 756 tamen
1776 697 2007 757 illarum
2055 700 2354 774 quinarius
2412 697 2492 755 ibi
2540 696 2974 756 demonstratus

284 782 374 841 suit
416 782 831 859 additumque,
897 801 996 842 cur
1045 785 1179 845 illae
1227 785 1559 844 mundanae
1617 803 1654 844 a
1697 784 2021 845 Platonicis
2069 785 2479 845 denominatae
2544 791 2600 843 et
2648 786 2740 843 cui
2788 800 2977 859 quae-

283 868 409 929 libet
453 872 741 931 elemento
805 888 1099 948 quamque
1147 873 1223 932 ob
1272 876 1689 950 proprietatem
1754 882 2092 952 comparata
2138 874 2230 931 sit.
2323 869 2463 930 Jam
2511 873 2570 929 in
2618 870 2794 947 hujus
2841 871 2973 929 libri

282 958 558 1017 vestibulo
605 976 832 1017 rursum
891 957 963 1017 de
1011 959 1101 1018 his
1145 960 1380 1037 figuris,
1444 963 1520 1020 ob
1566 978 1628 1018 se
1676 962 1862 1038 ipsas,
1925 979 2041 1019 non
2089 962 2164 1019 ob
2212 957 2456 1038 planas,
2504 958 2799 1035 agendum
2845 962 2972 1032 erit,

281 1054 546 1119 quantum
606 1046 842 1122 quidem
903 1046 1116 1106 sufficit
1172 1046 1249 1105 ad
1308 1048 1671 1107 harmoniam
1727 1049 2050 1122 coelorum,
2119 1056 2314 1107 cetera
2367 1049 2617 1124 reperiet
2675 1046 2858 1105 lector
2916 1049 2975 1104 in

279 1132 562 1208 Epitomes
610 1136 1017 1193 Astronomiae
1063 1143 1228 1214 parte
1275 1133 1462 1195 altera
1507 1135 1655 1194 libro
1704 1146 1932 1212 quarto.

430 1221 619 1296 Igitur
664 1238 737 1280 ex
781 1221 1066 1299 Mysterio
1115 1223 1614 1300 cosmographico
1673 1223 1769 1283 bic
1816 1225 2071 1283 breviter
2116 1219 2345 1280 inculco
2401 1221 2660 1281 ordinem
2708 1224 2967 1296 quinque

278 1306 572 1382 figurarum
618 1311 677 1365 in
725 1309 972 1381 mundo,
1020 1326 1268 1385 quarum
1313 1321 1431 1370 tres
1477 1313 1816 1389 primariae,
1871 1309 2023 1371 duae
2070 1308 2471 1369 secundariae.
2564 1308 2769 1369 Cubus
2813 1311 2966 1368 enim

279 1390 368 1476 (1)
390 1399 644 1454 extimus
687 1406 745 1455 et
787 1396 1220 1473 amplissimae,
1270 1401 1413 1473 quia
1456 1401 1838 1475 primigenius
1885 1406 1944 1458 et
1991 1400 2276 1456 rationem
2321 1396 2546 1455 babens
2593 1399 2789 1467 totius,
2840 1399 2969 1473 ipsa

276 1485 653 1559 generationis
683 1497 826 1543 suae
859 1487 1061 1544 forma.
1153 1485 1431 1562 Sequitur
1460 1486 1806 1547 tetraenron
1836 1481 1966 1568 (2),
2016 1493 2299 1561 tanquam
2344 1502 2494 1560 pars
2533 1486 2791 1541 sectione
2841 1483 2977 1541 cubi

276 1575 601 1644 constituta,
648 1574 924 1646 primaria
967 1579 1162 1631 tamen
1211 1584 1268 1632 et
1313 1575 1459 1649 ipsa,
1506 1575 1725 1649 angulo
1788 1574 1979 1633 solido
2038 1573 2349 1645 trilineari,
2407 1580 2472 1630 ut
2516 1571 2723 1629 cubus.
2814 1570 2977 1629 Intra

275 1659 584 1719 tetra‘e’dron
621 1667 711 1717 est
738 1659 1151 1720 dodecae'dron
1183 1655 1311 1741 (3),
1403 1662 1607 1720 ultima
1637 1663 2061 1738 primariarum,
2110 1660 2316 1718 similis
2361 1658 2587 1718 scilicet
2616 1660 2976 1733 compositae

273 1765 330 1805 ex
372 1747 507 1805 cubi
555 1749 836 1824 partibus,
886 1746 1158 1807 tetrae'dri
1204 1748 1514 1823 similibus,
1562 1747 1621 1807 id
1668 1758 1756 1809 est
1804 1768 1875 1807 ex
1921 1747 2227 1807 tetraedris
2272 1746 2709 1836 irregularibus,
2759 1745 2974 1821 quibus

273 1837 471 1908 tegitur
518 1838 703 1895 cubus
748 1837 922 1893 intus.
1016 1834 1172 1893 Huic
1219 1837 1479 1895 succedit
1524 1836 1878 1897 icosae'dron
1924 1832 2031 1917 (4)
2098 1836 2173 1892 ob
2219 1832 2688 1912 similitudinem,
2760 1831 2972 1891 ultima

272 1921 748 1995 secundariarnm,
799 1921 1016 1997 angulo
1049 1921 1239 1981 solido
1270 1922 1627 2000 plurilineari
1660 1926 1968 1984 utentium.
2059 1922 2336 1979 Intimum
2378 1929 2468 1980 est
2499 1919 2818 1980 octoe'dron
2850 1916 2975 2002 (5),
3020 1951 3024 1958 ·

272 2010 390 2067 cubi
419 2011 611 2070 simile
673 2017 731 2068 et
767 2013 956 2086 prima
1004 2010 1189 2085 figura
1249 2011 1757 2084 secundariarum,
1828 2014 1921 2070 eni
1969 2008 2103 2069 ideo
2148 2010 2367 2085 primus
2425 2008 2590 2066 locus
2637 2010 2976 2068 interiorum

271 2096 529 2173 debetur,
598 2100 816 2176 quippe
861 2100 1210 2175 inscripti1e‚
1259 2101 1344 2157 uti
1393 2100 1545 2159 cubo
1591 2096 2057 2175 circumscriptili
2105 2099 2321 2174 primus
2367 2098 2738 2155 exteriorum.

1021 2253 1119 2305 1³13.
1150 2251 1216 2293 37.
1288 2256 1294 2263 “

425 3222 476 3262 In
504 3220 641 3272 priori
656 3219 796 3270 figura
811 3218 882 3270 (N.
900 3215 968 3267 3¹1)
990 3216 1174 3266 apparet
1196 3214 1453 3254 tetruedron
1473 3215 1646 3264 AODF,
1676 3217 1827 3257 latens
1851 3219 1896 3258 in
1913 3219 2044 3269 cubo,
2154 3244 2155 3250 κ
2176 3246 2180 3261 2
2204 3264 2206 3272 ,
2224 3251 2228 3258 η,
2276 3256 2280 3271 ,,
2360 3263 2364 3274 ι

287 3273 348 3313 nie
388 3279 433 3315 ut
460 3272 686 3324 quodllbot
714 3271 929 3313 loti-aedri
956 3268 1153 3320 planum,
1183 3271 1233 3307 ut
1261 3267 1398 3316 Aen,
1431 3271 1613 3319 tegatur
1640 3269 1695 3309 ab
1723 3280 1812 3309 uno
1842 3272 1943 3311 oubl
1972 3283 2046 3312 an·
2125 3276 2136 3304 ’-
2164 3266 2188 3294 ·“
2288 3293 2292 3316 ,

2176 3339 2180 3361 Ι
2207 3346 2208 3354 ,
2288 3342 2320 3368 1,.

283 3327 381 3376 3⁸10
405 3327 577 3369 Aona.

2201 3598 2253 3639 ln
2299 3598 2500 3639 secunda
2524 3597 2665 3647 figura
2693 3596 2767 3647 (N.
2798 3594 2864 3646 38)
2905 3608 2982 3647 ap·

2032 3652 2174 3701 paret
2211 3651 2351 3690 cubus
2381 3651 2535 3698 am),
2579 3652 2726 3690 lutens
2771 3650 2894 3689 intus
2937 3651 2983 3690 in

2044 3701 2352 3754 dodonem-o,
2410 3704 2477 3742 sio
2512 3705 2563 3743 nt
2609 3702 2839 3752 quodlibet
2881 3703 2985 3742 cubi

2041 3755 2247 3805 planum,
2292 3759 2341 3796 ut
2370 3755 2492 3795 Am)
2510 3783 2522 3804 ,
2551 3758 2730 3805 tegatur
2756 3765 2783 3794 ι
2810 3754 2984 3797 dnobus

2042 3807 2309 3848 dodeenedri
2362 3807 2540 3856 anguil-
2599 3817 2681 3849 neu
2734 3806 2982 3857 pantaeni-o

2040 3861 2270 3911 Ancon,
2302 3861 2417 3910 quod
2446 3863 2520 3901 est
2537 3862 2700 3902 sectile
2728 3863 2773 3900 in
2801 3861 2890 3900 tria
2916 3864 2981 3900 te-

2039 3915 2222 3954 traedra
2274 3914 2516 3955 dissimilia
2578 3924 2659 3965 per
2712 3912 2798 3953 duo
2850 3913 2986 3964 piant.

2040 3967 2162 4008 Dea
2192 3970 2240 4008 ot
2267 3966 2405 4008 Am).

1729 4044 1829 4096 Fls.
1868 4044 1936 4090 to.
2532 4053 2627 4104 1³13.
2657 4053 2725 4098 ⁴1.

307 4720 384 4761 Hie
407 4724 527 4765 videa
564 4724 805 4765 oetolldron
847 4724 985 4763 inseri
1019 4727 1111 4765 tum
1152 4724 1265 4764 cubo
1303 4723 1397 4774 (fig.

226 4765 282 4811 to.
305 4770 390 4824 41),
413 4775 652 4820 leosilidron
677 4776 956 4817 dodecaedro
1004 4777 1078 4828 fig.
1105 4778 1207 4827 39.).
