3567 5625
242 449 304 510 rar
687 441 911 514 osupum
928 443 1152 501 mmmmm
1201 421 1204 426 ’
1453 453 1459 486 ‹

238 640 357 697 norum,
379 623 513 700 adeoque
528 622 650 685 cuilibet
662 624 773 702 figurae
796 633 907 686 certum
929 628 969 687 sit
989 625 1176 687 intervalium
1198 628 1274 686 inter
1295 643 1367 688 suos
1388 626 1475 688 binos
1497 626 1598 688 orbes:

238 711 310 771 nihil
332 711 519 788 plausibilius
541 711 634 772 rideri
657 716 762 790 potuit,
787 731 876 790 quam
897 731 950 774 sex
971 714 1090 775 illomm
1112 714 1284 775 coelestium
1306 715 1422 778 orbium
1444 714 1601 776 intervalla

239 803 368 876 quinque
396 818 431 858 cx
459 802 586 875 quinque
616 800 717 877 tiguris
745 818 809 861 esse
839 799 975 862 desumto
1007 820 1027 862 a
1056 801 1193 862 creatore
1224 802 1280 862 hoc
1312 800 1421 875 ordine,
1452 809 1486 863 ut
1508 803 1601 863 cubus

192 955 200 962 g
238 897 335 948 mente
365 889 549 962 concipiatur
575 888 650 947 iuter
687 890 772 949 orbes
801 888 919 949 Saturni
950 896 980 950 ct
1007 887 1111 968 lovis,
1150 889 1316 950 tetraddrou
1349 887 1425 950 int‘cr
1454 887 1543 951 Joris
1571 897 1601 950 et

239 975 359 1048 Martis,
385 973 587 1034 dodccae'dron
611 978 685 1035 inter
707 976 811 1036 Martis
834 985 864 1036 et
885 977 1011 1051 Terrae,
1042 978 1215 1038 icosa'c'dron
1239 980 1314 1038 inter
1335 977 1462 1038 Telluris
1484 984 1515 1037 et
1537 977 1600 1037 Ve-

238 1066 324 1136 neris,
349 1062 507 1122 octaedron
529 1065 604 1123 inter
625 1063 748 1124 Veneris
770 1072 801 1124 et
823 1064 970 1124 Mercurii.
1008 1072 1125 1136 (napta
1142 1073 1173 1122 ad
1190 1072 1294 1121 schema
1309 1072 1354 1122 lin.
1373 1074 1404 1123 v.
1424 1087 1478 1135 cap.
1498 1068 1556 1136 nt.)

272 1199 274 1206 ,
325 1148 408 1209 Haec
431 1150 598 1210 distributio
620 1153 748 1211 numeris
772 1151 918 1228 explorari
940 1159 1054 1229 potest,
1085 1155 1292 1213 necessitatem
1315 1153 1417 1227 infert,
1445 1168 1600 1228 corporum

237 1254 390 1296 numerum
410 1255 469 1297 non
494 1241 640 1314 conquirit
661 1240 758 1316 anxie,
782 1238 833 1299 scd
848 1241 1002 1301 inventum
1016 1247 1150 1317 occupat,
1175 1239 1299 1316 denique
1321 1242 1364 1301 sic
1380 1248 1426 1300 eat
1447 1241 1598 1314 instructa,

239 1332 272 1383 ut
294 1324 332 1383 ab
355 1325 400 1382 his
423 1327 508 1385 annis
539 1329 645 1402 viginti
673 1326 788 1385 duobus
818 1344 876 1387 uon
905 1335 1019 1388 tantum
1045 1328 1159 1387 nullum
1188 1329 1335 1388 invenerit
1356 1335 1599 1405 oppugnatorem,

237 1411 290 1472 sed
322 1414 411 1471 etiam
441 1415 521 1488 ipsos
550 1413 634 1473 Remi
663 1413 872 1474 inconsiderati
902 1417 1035 1492 magistri
1071 1422 1101 1475 et
1129 1413 1404 1490 Euclideomastigis
1441 1414 1601 1492 discipulos

237 1502 412 1576 pertraxerit
434 1500 580 1576 hodieque
602 1511 663 1561 tam
684 1497 794 1561 multos
815 1504 976 1579 pertrahat,
999 1512 1033 1563 ut
1051 1504 1115 1579 jam
1138 1502 1247 1564 dudum
1261 1502 1420 1563 secundam
1442 1502 1601 1563 editionem

237 1587 437 1661 flagitaverint
464 1588 672 1649 mathematici.
719 1588 778 1648 Sed
809 1589 845 1650 de
872 1590 929 1651 hac
955 1608 987 1651 re
1017 1590 1151 1667 pluribus
1184 1608 1272 1666 agere
1293 1607 1351 1650 non
1375 1597 1421 1652 eat
1441 1590 1530 1667 hujus
1552 1593 1601 1650 te-

238 1674 326 1735 cnndi
348 1674 433 1750 libri3
456 1679 587 1738 inveniet
608 1676 700 1737 lector
721 1676 795 1737 inira
816 1677 892 1738 libro
915 1681 1017 1756 quinto
1039 1677 1140 1754 plura,
1164 1678 1264 1754 aliqua
1287 1667 1375 1737 etiar'n
1397 1679 1427 1736 in
1450 1679 1601 1755 Epitomes

239 1764 444 1823 astronomiae
465 1763 540 1823 libro
560 1763 614 1836 IV,
637 1764 688 1824 ubi
712 1771 792 1824 onus
806 1765 920 1840 ,harum
943 1768 1073 1843 quinque
1093 1764 1254 1825 solidamm
1275 1764 1433 1842 figurarum
1454 1767 1599 1843 germana

239 1850 402 1927 explicatur
432 1851 649 1929 metaphysica:
679 1869 748 1911 nam
778 1852 829 1914 ille
858 1871 911 1931 per
942 1853 1149 1930 angulatioues
1181 1870 1240 1916 non
1265 1871 1333 1914 rere
1356 1861 1437 1913 ortus
1459 1861 1519 1928 eat,
1547 1852 1599 1915 sed

238 1946 318 1998 ortas
342 1941 539 2016 consequitur,
563 1947 596 1997 ut
617 1947 721 1999 natura
744 1943 891 2015 posterius
914 1941 995 2018 qnid.

325 2023 446 2085 XXVI.
470 2026 707 2102 Propositio.
739 2025 816 2086 Addi
832 2038 958 2105 possunt
972 2013 1171 2104 congrueniiis
1186 2027 1403 2105 perfectissimis
1417 2028 1600 2104 cerularium

238 2112 314 2172 duae
338 2116 427 2173 etiam
449 2113 526 2174 alise
549 2116 774 2192 congruentiae,
796 2115 946 2176 stellarum
970 2117 1126 2176 duodecim
1148 2116 1300 2192 planarum
1330 2119 1599 2194 pentagonioarum,

238 2207 268 2260 et
290 2200 366 2260 duae
389 2202 584 2276 semisolidae,
608 2202 757 2263 stellarum
781 2205 959 2280 oetengnlae
982 2212 1013 2265 et
1035 2203 1225 2278 decaugnlae.

325 2284 460 2340 Claudunt
481 2286 553 2341 enim
576 2285 772 2354 pentagouicae
794 2286 896 2341 solidas
918 2287 1019 2356 figuras
1037 2286 1176 2343 aculeatas
1194 2285 1335 2354 undique,
1363 2302 1478 2357 quarum
1497 2301 1552 2341 una
1570 2286 1602 2342 iit

238 2362 380 2418 duodecim
398 2363 558 2431 angulorum
578 2363 850 2433 quinquelincarium,
868 2365 956 2420 altera
973 2366 1068 2434 uiginti
1092 2363 1252 2434 angulonam
1270 2364 1462 2433 trilinearium;
1489 2363 1537 2419 illa
1554 2366 1600 2420 tri-

237 2444 279 2497 nis
297 2442 402 2511 angulis
420 2442 530 2508 insistit,
549 2443 617 2498 haec
636 2443 724 2512 quinis
743 2443 836 2510 simul;
855 2443 904 2498 illa
920 2443 1060 2514 pulchrius
1079 2458 1161 2512 super
1174 2441 1302 2512 angulum
1316 2443 1435 2510 erigitur,
1454 2442 1522 2496 haec
1541 2457 1600 2496 rcc·.

237 2522 293 2576 tius
311 2522 395 2588 sedet,
413 2522 573 2578 incumbens
599 2525 626 2577 in
645 2521 750 2592 quinos.
770 2524 810 2588 (Se
829 2531 855 2574 et
870 2528 939 2575 iutra
954 2526 1000 2575 lib.
1015 2528 1046 2574 V.
1060 2540 1114 2588 cap.
1127 2528 1147 2576 I.
1160 2528 1193 2575 'rt
1204 2527 1231 2573 in
1243 2528 1311 2588 typis
1333 2527 1418 2574 aeneis
1439 2525 1600 2590 praemissis.)

237 2599 268 2652 lu
286 2598 329 2654 his
348 2602 398 2655 etsi
417 2602 568 2657 forinsecus
587 2619 640 2657 nou
660 2607 775 2669 apparet
792 2601 918 2669 regulare
936 2600 1062 2669 planum,
1076 2599 1135 2656 'sed
1162 2601 1221 2670 ejus
1239 2600 1299 2655 loco
1323 2595 1489 2671 triangulum
1508 2599 1600 2668 aequi·

238 2693 347 2732 crurum
366 2682 585 2751 pentagonum,
605 2680 688 2749 quina
705 2685 797 2734 tamen
816 2678 972 2748 hujusmodi
991 2695 1098 2749 semper
1114 2681 1142 2734 in
1154 2697 1238 2735 unum
1256 2680 1382 2749 idemque
1399 2680 1511 2749 planum
1529 2696 1600 2734 com·

238 2758 366 2828 petentia,
387 2759 523 2814 occultum
543 2761 594 2815 sub
613 2756 751 2813 soliditate
770 2757 1014 2826 quinquangulum,
1032 2757 1115 2814 veluti
1134 2774 1181 2813 cor
1197 2774 1276 2815 suum
1295 2759 1471 2815 circumstant
1488 2751 1601 2814 iaciunt·

239 2854 292 2907 que
317 2856 378 2894 carn
402 2855 435 2909 eo
454 2839 554 2894 dictam
580 2837 687 2894 stellam
710 2838 933 2907 pentagonum,
962 2852 1011 2892 seu
1034 2839 1187 2906 germanico
1205 2839 1334 2895 idiomate
1356 2839 1454 2907 pedem
1477 2839 1599 2906 itunae,

237 2917 428 2987 Theophrasto
446 2917 592 2972 Paracelso
610 2917 717 2984 siguum
735 2914 868 2969 sanitatis.
905 2914 972 2970 ldea
989 2916 1111 2984 corporis
1130 2916 1328 2984 quodammodo
1347 2917 1444 2972 eadem
1460 2924 1511 2986 est,
1530 2918 1601 2985 qua'e

241 2996 283 3051 sui
302 2996 387 3064 plani,
410 3010 470 3048 nam
490 3003 520 3050 ut
538 2996 566 3049 in
584 2996 649 3062 hoc,
674 3010 712 3049 sc.
730 2994 758 3049 in
777 2992 858 3049 stella
882 2994 1098 3063 quinquangula,
1121 2995 1246 3050 binorum
1273 3010 1380 3064 semper
1401 2994 1599 3064 triangulorum

164 3074 168 3081 ’
237 3075 325 3131 latera
342 3076 370 3129 iu
389 3089 470 3127 uuam
487 3082 591 3129 rectam
610 3080 781 3142 competunt,
806 3090 877 3142 quae
894 3082 973 3143 parte
991 3075 1033 3129 sui
1051 3074 1180 3135 interiore
1197 3074 1230 3128 tit
1247 3073 1321 3129 basis
1343 3074 1390 3133 uni
1408 3073 1536 3128 exteriori
1554 3074 1600 3131 tri-

237 3153 345 3221 angulo.
363 3152 436 3207 latus
455 3167 520 3208 vero
539 3153 633 3208 intimo
652 3153 869 3221 quinquangulo,
888 3153 975 3209 sicin
994 3152 1082 3208 solido
1101 3168 1208 3222 semper
1226 3152 1370 3221 quinorum
1386 3151 1536 3207 solidortuu
1553 3170 1600 3208 an·

238 3232 363 3302 gulorum
380 3230 517 3300 triangula
535 3230 642 3299 singula
660 3231 820 3299 aequicrura
839 3239 999 3302 competunt
1022 3232 1050 3286 iu
1068 3247 1149 3287 uuum
1167 3229 1321 3300 planitiem,
1348 3245 1462 3298 quorum
1481 3231 1601 3300 quinque

239 3310 438 3379 triangulorum
456 3326 505 3366 seu
524 3310 620 3366 stellae
638 3309 733 3363 intima
750 3309 870 3365 medulla
888 3319 916 3365 et
929 3326 983 3380 cor,
1002 3309 1245 3381 quinquangulum,
1264 3309 1382 3387 fitbasis
1399 3308 1426 3361 in
1439 3324 1494 3361 uua
1507 3325 1618 3379 super,

238 3391 336 3445 stantis
355 3389 446 3457 auguli
465 3388 553 3457 solidi,
572 3387 615 3442 vel
633 3389 661 3441 in
679 3387 774 3453 altera,
795 3390 1010 3459 superstantium
1031 3390 1147 3458 quinque
1160 3387 1315 3445 solidorum.
1351 3388 1404 3442 Est
1422 3393 1510 3441 autem
1524 3396 1600 3445 tanta

239 3468 363 3538 cognatio
381 3466 531 3537 figurarum
549 3467 754 3529 harumuuius
773 3484 834 3523 cum
853 3467 1038 3540 dodecaedro,
1058 3467 1170 3522 alterius
1190 3482 1251 3520 cum
1269 3465 1425 3529 iconae‘dro,
1443 3470 1474 3518 ut
1491 3464 1600 3519 videan-

209 3610 212 3617 ‚
237 3553 283 3602 tur
301 3547 361 3611 hae,
379 3547 540 3616 praesertim
559 3542 755 3613 dodecaedron,
774 3553 872 3601 trunca
890 3545 1091 3614 quodammodo
1110 3551 1138 3599 ct
1155 3542 1257 3607 mutila,
1276 3543 1300 3597 si
1318 3559 1379 3597 cum
1395 3542 1450 3598 illia
1468 3543 1600 3597 aculeatis
1645 3540 1651 3549 “

239 3631 435 3695 comparentur.
1195 3646 1197 3651 ·

325 3702 494 3771 Octaugulac
512 3718 575 3757 vero
598 3711 627 3759 et
645 3703 810 3772 decangulae
828 3704 926 3760 stellae
943 3704 1074 3761 lateribus
1096 3718 1209 3757 suorum
1226 3699 1378 3770 radiomm,
1406 3715 1476 3770 quae
1493 3716 1602 3771 sammr

236 3787 264 3841 in
283 3785 370 3853 primo
388 3791 416 3837 et
435 3789 539 3851 quarto,
559 3783 665 3838 duobus
677 3783 809 3852 canatis,
828 3783 1027 3854 congruentia
1040 3799 1121 3838 unam
1133 3789 1243 3849 rectam,
1261 3778 1343 3836 binae
1355 3794 1463 3850 semper
1482 3790 1508 3834 et
1520 3780 1601 3835 binae
1700 3810 1709 3823 ι

238 3867 390 3930 congruunt
407 3860 565 3929 iaciuntque
584 3863 683 3916 cubum
700 3860 764 3914 illae
783 3862 926 3929 quendam.
945 3862 997 3916 hae
1017 3860 1205 3917 dodecatheon
1225 3860 1371 3931 quoddam,
1391 3876 1445 3915 non
1458 3860 1601 3928 angulatas

240 3942 289 3998 sed
309 3939 475 3996 auriculataa
493 3940 608 4008 figuras,
628 3941 692 4010 quia
710 3940 816 3995 duobus
834 3940 925 4010 planis
944 3940 1051 4013 angulis
1069 3941 1212 4009 coaptatis,
1229 3939 1333 3994 hiatuui
1351 3936 1532 3995 fierincceasc
1550 3944 1602 3997 est,

187 4086 191 4095 f
239 4018 286 4088 qui
305 4016 396 4073 claudi
414 4034 468 4072 non
486 4026 587 4088 potest.
625 4019 699 4087 Ergo
717 4034 767 4088 pcr
787 4022 826 4075 ll.
846 4020 1003 4076 semisolida
1020 4028 1126 4075 tantum
1146 4026 1188 4074 est
1205 4017 1392 4087 congruentia.

233 4163 235 4167 Α
327 4095 545 4152 Perfectissimac
569 4096 697 4151 dicuntur
721 4100 915 4168 congruentiae
940 4098 1002 4152 illac
1030 4098 1147 4163 solidae,
1170 4098 1223 4151 hac
1241 4095 1424 4165 semisolidae,
1452 4093 1601 4171 quiahipsis

242 4175 375 4245 competit
393 4178 418 4232 6.
439 4175 557 4231 definitio
576 4175 660 4243 hujus
678 4172 740 4229 libri
758 4177 847 4244 quoad
866 4175 1038 4246 soliditatem,
1057 4176 1223 4246 plauitiebus
1241 4191 1304 4229 vero
1323 4175 1391 4244 ipsis
1410 4174 1539 4242 competit
1557 4173 1602 4226 de.

239 4254 325 4309 fluido
344 4253 446 4324 figurae
464 4253 611 4324 perlectae,
629 4268 699 4322 quae
718 4261 761 4309 est
778 4254 847 4308 libro
862 4256 882 4309 l.
903 4257 1031 4326 secunda,
1051 4262 1115 4312 sunt
1133 4271 1170 4309 sc.
1186 4255 1345 4310 secundario
1363 4255 1513 4325 perlectae.
1544 4254 1602 4308 Nec

240 4334 357 4391 absurde
376 4333 499 4402 dicimus,
519 4333 703 4388 semisolidam
721 4333 956 4401 perfectissimam,
974 4335 1038 4402 quia
1055 4334 1191 4388 innuimus
1209 4332 1332 4387 inchoari
1350 4331 1465 4401 aliquid,
1484 4333 1528 4387 cui
1547 4347 1602 4389 nou

239 4416 262 4469 9.
283 4412 326 4467 rel
345 4418 400 4479 to,
420 4411 468 4467 sed
487 4410 531 4468 cui
550 4414 573 4466 6.
594 4411 648 4466 dei.
668 4418 846 4481 competeret,
866 4413 890 4466 si
908 4412 1002 4481 perlici
1021 4420 1125 4480 posset.
1185 4432 1189 4441 ·

326 4486 463 4546 XXVII.
487 4487 731 4564 Propositio.
778 4487 950 4562 congruunt
980 4487 1130 4547 etiamad
1156 4485 1327 4547 solidandas
1349 4485 1458 4563 figuras
1481 4489 1603 4546 sennhe-

240 4575 358 4654 gulares
380 4574 503 4654 figurae,
526 4577 639 4636 scilicet
659 4574 772 4634 rhombi
796 4575 886 4651 plani,
910 4575 1120 4652 perfectissime
1142 4574 1230 4650 idque
1253 4582 1366 4632 tantum
1389 4576 1444 4635 bis.

328 4658 398 4713 Nam
417 4674 453 4712 ex
472 4660 505 4713 12
523 4657 612 4728 planis
630 4656 759 4722 rhombis,
777 4664 868 4713 certae
884 4657 1070 4727 proportionis
1089 4658 1283 4727 diagoniorum,
1302 4658 1334 4712 fit
1345 4656 1477 4712 rhombus
1490 4658 1604 4730 subdus,

243 4736 333 4804 figura
351 4730 467 4790 cellulae
485 4736 621 4806 apiariac,
639 4744 771 4805 quantum
789 4737 824 4793 ad
842 4737 930 4795 latera
947 4753 997 4793 sex
1014 4747 1043 4794 et
1060 4734 1173 4792 laudum
1192 4735 1387 4805 triangularem
1404 4734 1536 4800 solidum
1555 4749 1603 4790 sex

243 4815 314 4869 euim
332 4814 439 4870 rhombi
458 4822 639 4884 congruentes
658 4815 704 4874 sic,
722 4825 754 4871 ut
771 4814 863 4871 obtusi
881 4815 1002 4881 obtusis,
1026 4815 1099 4871 acuti
1117 4815 1205 4870 acutis
1224 4815 1408 4885 applicentur,
1426 4820 1484 4869 tres
1500 4816 1605 4871 habeut

249 4890 446 4962 obtusangulos
463 4893 565 4965 hiatus,
583 4902 638 4949 tres
657 4896 739 4950 ctiam
756 4894 833 4965 paria
844 4901 989 4963 acutorum
1003 4888 1141 4953 exstantis
1153 4910 1236 4968 supra
1247 4894 1414 4969 tou'demque
1426 4894 1505 4952 iutra.
1537 4893 1606 4953 cou-
