3567 5625
298 451 363 522 alo
811 443 960 508 Ptolemaei
972 443 1127 508 Harmonia.

249 613 258 624 ’
298 626 412 695 species,
430 625 502 697 sian:
529 633 596 681 sunt
610 626 680 680 enim
698 626 857 681 affectiones
876 628 992 682 rationis
1007 628 1033 681 in
1053 628 1191 696 operando
1210 629 1386 686 constitutae:
1414 643 1508 683 omnes
1527 643 1591 683 vero
1609 627 1648 683 ai·

297 704 428 760 sectiones
447 704 563 773 alicujus
581 707 621 760 rei
640 714 668 761 et
685 707 845 776 praesertim
858 706 972 763 affectus
991 708 1096 762 animae
1114 723 1164 777 per
1176 715 1262 762 totum
1276 709 1347 762 bunc
1359 707 1457 761 librum
1474 706 1647 776 appellantur

298 784 411 852 species,
430 782 492 853 sidp,
511 785 576 854 quia
593 785 739 840 conciliant
757 785 862 840 animae
881 797 982 841 certam
1002 787 1136 854 speciem,
1167 801 1221 855 qna
1238 786 1298 856 ipsa
1316 805 1332 841 a
1350 800 1380 840 se
1397 789 1458 856 ipsa
1475 787 1650 855 distinguitur

297 862 554 930 internoscitnrque.
591 857 694 917 Deinde
711 866 885 921 harmonicen
904 866 950 921 hic
967 865 1109 921 manifeste
1134 865 1260 934 intelligit
1277 866 1437 921 facultatem
1455 865 1559 920 animae
1577 866 1651 920 circa

297 941 451 995 harmonias
471 948 639 1011 occupatam.
671 943 715 1006 De
742 961 774 999 ea
800 943 918 1000 affirmat
944 960 1028 998 unm
1053 943 1180 1014 generale
1206 951 1235 1001 et
1253 961 1337 1000 unum
1355 944 1481 1014 speciale.
1517 943 1650 998 Generale

297 1018 357 1078 hoc.
376 1019 450 1087 quod
468 1019 544 1084 ratio,
564 1036 620 1074 uon
638 1022 794 1090 specialiter
806 1022 879 1078 dicta
898 1022 1063 1092 harmonica,
1081 1021 1129 1077 scd
1148 1023 1293 1077 universim
1308 1025 1394 1078 omnis
1407 1023 1493 1090 ratio,
1513 1038 1562 1078 sen
1579 1024 1649 1077 ratio

296 1100 539 1172 quomodocunque
557 1098 668 1164 habens,
687 1099 722 1154 sit
748 1109 845 1156 auctor
871 1100 973 1156 ordinis
1000 1108 1029 1155 et
1046 1114 1225 1156 commensus.
1265 1101 1400 1158 affirmati
1418 1118 1515 1157 sensns
1533 1110 1651 1172 possunt
1722 1156 1728 1168 ,

297 1196 357 1236 ease
375 1178 465 1235 multi:
484 1193 568 1232 unum
585 1176 671 1232 habes
689 1194 771 1248 supra
788 1180 858 1234 libro
877 1195 937 1234 meo
947 1180 993 1248 IV,
1012 1180 1075 1249 qnia
1093 1180 1159 1235 ordo
1179 1186 1206 1233 et
1223 1196 1393 1235 commensus
1406 1187 1448 1238 est
1462 1196 1511 1235 ens
1523 1179 1651 1236 intentio·

296 1255 358 1311 nale
375 1265 404 1312 et
422 1256 533 1314 sublata
549 1258 654 1312 ratione
671 1257 738 1312 ordo
757 1268 784 1313 et
803 1274 974 1313 commensus
993 1256 1107 1324 tollitur,
1126 1260 1298 1314 manentibus
1312 1260 1459 1328 ordinatis3
1479 1259 1528 1314 sed
1546 1258 1580 1313 de
1598 1259 1651 1312 hoc

294 1336 350 1405 iam
368 1352 423 1391 non
440 1336 498 1405 agit
515 1335 696 1391 Ptolemaeus.
734 1336 874 1391 Socrrndus
901 1349 997 1390 sensus
1022 1335 1080 1390 iere
1106 1352 1168 1391 cum
1193 1339 1284 1405 priore
1302 1338 1446 1406 coincidit,
1475 1338 1552 1406 qnasi
1579 1338 1662 1408 dicat

296 1415 479 1480 Ptolemaeus,
498 1413 588 1483 detegi
605 1431 654 1484 per
672 1415 819 1483 rationem,
838 1414 936 1483 quibua
953 1413 983 1468 in
1000 1413 1082 1468 rebus
1102 1414 1137 1467 sit
1155 1415 1221 1469 ordo
1240 1424 1473 1474 et‘commcnsus:
1492 1418 1560 1473 haec
1579 1425 1653 1471 esset

297 1510 381 1550 causa
399 1509 452 1548 non
472 1493 621 1561 existendi,
642 1493 689 1548 sed
708 1492 887 1562 agnoscendi,
915 1508 1003 1559 neque
1022 1493 1056 1546 de
1074 1493 1126 1547 hoc
1144 1494 1314 1563 potissimum
1331 1498 1452 1566 loquitur
1469 1496 1652 1551 Ptolemaeus.

297 1573 405 1628 Tertius
424 1579 452 1627 et
469 1575 595 1644 proprius
615 1573 698 1642 hujus
718 1574 770 1627 loci
790 1588 886 1628 sensus
906 1581 963 1626 eet:
993 1572 1066 1641 quod
1093 1575 1248 1644 ubicunque
1267 1584 1309 1630 ost
1334 1577 1430 1645 aliquis
1449 1577 1515 1631 ordo
1535 1585 1562 1631 et
1581 1592 1651 1630 com·

210 1675 214 1688 ¹
297 1671 422 1722 mensus,
448 1653 484 1707 ibi
503 1653 635 1708 rationem
652 1653 680 1708 in
699 1669 780 1722 opere
798 1654 883 1706 tuisse
904 1653 1083 1722 agnoscimus,
1103 1661 1133 1708 ut
1152 1653 1185 1708 de
1204 1655 1302 1723 opifice
1319 1662 1434 1711 testetur
1452 1671 1530 1724 opus.
1566 1655 1652 1725 Igitur

297 1735 365 1790 haec
383 1732 517 1806 generalis
536 1732 657 1787 causatio
684 1732 796 1785 rationis
816 1739 940 1798 vergeret
958 1731 993 1786 ad
1021 1731 1169 1786 secundum
1189 1749 1222 1786 ex
1242 1733 1327 1789 tribus
1346 1733 1510 1788 causationis
1528 1732 1646 1801 modum,

298 1815 525 1883 mmmm

385 1871 522 1962 Sp'eciale,
553 1889 626 1959 quod
649 1888 748 1949 rationi
765 1887 872 1954 tribuit,
900 1897 943 1944 est
961 1887 1074 1943 scientia
1093 1896 1120 1942 et
1138 1904 1183 1943 ars
1199 1888 1370 1958 harmonica;
1397 1888 1449 1945 hoc
1467 1889 1590 1959 appellat
1607 1890 1650 1945 hic

298 1978 394 2028 auctor
407 1970 581 2026 rationem
598 1967 848 2031 harmonicam,
865 1966 894 2021 id
911 1975 954 2022 cst
966 1966 1088 2022 habitum
1100 1968 1206 2029 mentis,
1225 1978 1378 2023 versantem
1396 1970 1468 2024 circa
1485 1970 1648 2024 amonim

297 2052 368 2107 Eam
385 2049 504 2104 affirmat
521 2055 658 2103 auctorem
677 2060 739 2100 esse
757 2060 928 2101 commensus
947 2045 974 2099 in
993 2045 1169 2114 audibilibua;
1188 2046 1311 2115 loquitur
1328 2047 1411 2117 igitur
1428 2047 1599 2118 potissimum
1618 2049 1651 2104 de

297 2137 357 2184 arte
375 2127 495 2196 musica,
521 2133 553 2182 nt
569 2126 654 2196 prins.
690 2124 894 2194 Imaginatiram
912 2125 1043 2180 rationem
1064 2126 1102 2180 ait
1120 2141 1181 2180 esse
1200 2141 1308 2181 cansam
1327 2143 1496 2183 commensus
1514 2128 1542 2181 in
1560 2126 1651 2181 vuini-

297 2207 382 2276 libus;
410 2206 483 2262 verbi
502 2222 605 2274 causa,
625 2221 669 2261 ars
687 2204 804 2275 pictoria
821 2207 1023 2275 proportionem
1042 2205 1170 2261 conciliat
1187 2206 1309 2275 picturis,
1328 2205 1539 2262 architectonica
1555 2205 1651 2261 aedili·

298 2287 346 2344 ciis
364 2294 416 2343 eto.
451 2287 509 2340 Has
527 2294 556 2340 et
573 2284 674 2340 similes
692 2291 765 2340 artes
784 2284 904 2352 generali
921 2300 987 2339 voce
1010 2284 1200 2353 imaginativae
1222 2284 1334 2342 rationis
1353 2283 1566 2354 comprehendit.
1603 2283 1650 2338 Ju-

298 2367 458 2424 dicntoriam
482 2365 615 2421 rationem
640 2362 706 2419 iacit
732 2372 871 2420 auctorem
889 2361 991 2418 ordinis
1010 2369 1038 2417 et
1060 2363 1244 2432 proportionis
1262 2364 1290 2420 in
1308 2363 1518 2433 intelligibilium
1535 2379 1650 2432 genere,

297 2444 373 2501 serbi
391 2460 487 2514 musa,
514 2460 559 2499 ars
576 2442 714 2498 rhetorica
732 2443 802 2497 bene
821 2442 941 2510 disponit
966 2450 1058 2509 partes
1077 2442 1221 2510 orationis,
1248 2450 1276 2499 et
1293 2451 1375 2513 prout
1393 2458 1490 2510 magna
1507 2442 1550 2499 vel
1567 2456 1652 2511 parva

297 2540 342 2580 res
360 2529 420 2589 ost,
445 2523 540 2592 mandi
567 2522 649 2578 etiam
666 2522 708 2576 vel
726 2521 820 2577 humili
838 2520 967 2574 orationis
991 2520 1077 2575 utitur
1095 2536 1219 2590 genere,
1247 2521 1333 2577 multa
1350 2521 1394 2576 vel
1411 2537 1499 2591 pauca
1516 2522 1600 2577 verim
1617 2519 1652 2574 de

298 2618 332 2658 ea
345 2601 419 2656 facit.

367 2681 441 2738 Nota
457 2680 531 2735 XVI.
567 2680 620 2733 Ars
638 2677 795 2733 harmonica
813 2692 861 2731 seu
879 2678 983 2732 musica
1000 2677 1140 2747 proprium
1158 2679 1312 2749 subjectum
1329 2681 1418 2744 habet,
1436 2678 1579 2736 intervalla
1597 2695 1652 2734 non

298 2762 510 2837 qualiacunque,
533 2756 581 2814 scd
599 2756 701 2814 musica
719 2756 861 2827 (concinna
878 2754 1029 2825 dicuutur),
1054 2756 1158 2815 scilicet
1176 2757 1236 2827 illa,
1260 2774 1330 2828 quae
1348 2759 1522 2816 continentur
1539 2758 1652 2816 vocibus

297 2851 344 2912 nt,
361 2857 404 2909 rc,
422 2841 471 2907 noi,
487 2840 534 2908 fa,
553 2839 608 2907 aoi,
627 2839 656 2893 lo
678 2837 865 2892 denominatis.
902 2837 935 2891 ln
953 2837 1002 2892 has
1021 2853 1101 2893 voces
1129 2838 1233 2893 varium
1257 2848 1285 2893 et
1310 2837 1485 2907 multiplicem
1503 2837 1652 2893 introducit

298 2920 431 2988 ordinem,
448 2932 562 2987 quorum
580 2915 694 2985 quilibet
712 2911 854 2973 conbtituit
870 2915 1035 2985 peculiarem
1055 2916 1223 2972 cantilenam.
1252 2918 1388 2986 Loquitur
1405 2920 1476 2973 enim
1494 2917 1529 2972 de
1548 2918 1653 2972 musica

299 3005 421 3053 veteram
438 3012 488 3061 aen
506 2995 541 3052 de
557 2995 698 3063 ιιοιιοᾱίιι,
718 2995 814 3065 quales
832 3002 898 3051 sunt
916 3004 1013 3050 cantus
1031 2997 1117 3050 nostri
1136 2988 1268 3051 chorales

385 3088 458 3143 Nota
474 3085 560 3140 XVII.
597 3084 662 3139 Tria
679 3091 743 3139 sunt
761 3083 789 3138 in
808 3082 946 3145 facultate,
966 3098 1015 3137 seu
1035 3091 1066 3136 ut
1083 3083 1256 3147 Ptolemaeus
1275 3084 1403 3156 loquitur,
1422 3087 1527 3141 ratione
1544 3086 1653 3140 harmo-

299 3166 373 3222 nica:
397 3162 548 3234 speculatio
571 3164 786 3227 harmoniarum,
807 3161 1023 3230 repraesentatio
1047 3161 1155 3216 illarum
1177 3172 1205 3215 st
1231 3163 1398 3218 exmeitatio.
1440 3164 1577 3221 Diderunt
1601 3164 1652 3218 sic:

299 3245 448 3317 speculatio
466 3243 537 3299 intra
554 3260 583 3299 se
601 3244 688 3313 ipsam
706 3242 827 3309 vertitur,
846 3241 970 3310 operatio
990 3240 1145 3295 harmonias
1164 3250 1309 3311 conceptas
1327 3242 1394 3298 ioris
1414 3243 1542 3312 exprimit
1560 3251 1588 3298 ιι
1606 3258 1652 3297 au-

287 3312 368 3380 ¹ditui
386 3323 512 3393 exponit,
531 3321 689 3376 exercitatio
706 3320 778 3375 idem
796 3320 873 3389 iacit,
892 3317 941 3374 sed
959 3335 1021 3374 oum
1039 3319 1091 3373 hac
1108 3319 1294 3389 distinetione,
1313 3322 1387 3390 quod
1405 3321 1527 3391 operatio
1546 3337 1581 3375 ex
1598 3336 1652 3376 me

299 3402 430 3458 ditatione
447 3401 572 3471 procedit
589 3408 617 3455 ιι
635 3416 695 3455 eum
714 3400 863 3454 attentione
880 3405 939 3462 ost,
957 3399 1117 3453 exercitatio
1133 3414 1205 3467 sero,
1224 3416 1306 3470 quam
1325 3399 1372 3454 hic
1389 3400 1561 3455 Ptolomaeus
1579 3399 1652 3462 dicit,

298 3497 391 3538 emere
409 3487 502 3550 potest
519 3479 649 3548 singulari
667 3476 824 3534 attentione.
847 3477 966 3532 Primum
985 3478 1069 3549 ἰςίιιιι
1087 3479 1125 3532 ait
1143 3482 1262 3547 spectari
1281 3495 1298 3534 a
1315 3480 1440 3549 partibus
1457 3479 1564 3535 mentis.
1584 3479 1653 3534 Nam

299 3561 413 3618 scientia
430 3560 599 3617 harmonicen
617 3560 699 3615 etiam
719 3574 748 3613 se
766 3559 827 3627 ipsa
844 3564 887 3612 est
905 3556 1073 3627 expetenda,
1101 3559 1124 3611 si
1141 3559 1258 3612 maxime
1277 3575 1331 3613 non
1349 3560 1475 3615 comitem
1493 3558 1595 3613 habeat
1614 3574 1653 3611 ar·

298 3650 366 3710 ιιιι,
393 3640 498 3697 etiamsi
517 3639 583 3694 nulli
603 3638 725 3707 subiecto
744 3635 870 3692 conciliet
887 3643 1013 3691 ornatum
1032 3636 1230 3705 harmonicum
1258 3638 1365 3706 perlicit
1383 3639 1453 3692 enim
1471 3646 1589 3692 mentem
1608 3638 1654 3692 ho·

298 3723 385 3778 minis,
423 3720 498 3776 Haec
517 3719 613 3789 opinor
631 3733 714 3773 causa
732 3728 786 3785 est,
806 3733 854 3771 cur
872 3716 1057 3771 causationem
1083 3724 1114 3769 nt
1134 3732 1151 3769 a
1175 3723 1265 3769 mente
1284 3730 1396 3785 vergere
1415 3717 1487 3771 dicat
1504 3716 1539 3770 ad
1559 3715 1652 3769 divini·

298 3800 362 3855 tatis
380 3799 498 3868 speciem
516 3797 644 3869 propius:
671 3797 735 3866 quia
752 3795 955 3850 similitudinem
983 3793 1106 3860 agnoscit
1129 3793 1201 3848 inter
1218 3794 1292 3848 Deos
1310 3801 1338 3848 et
1355 3802 1472 3849 mentem
1490 3794 1609 3848 hominia
1626 3794 1652 3848 in

299 3893 340 3947 eo,
359 3876 433 3947 quod
450 3876 573 3945 atrisque
591 3874 686 3930 melior
703 3883 745 3930 est
772 3873 885 3928 scientia
912 3872 1076 3927 harmonica.
1114 3871 1173 3926 Hoc
1200 3873 1271 3927 idem
1289 3872 1445 3927 Macrobius
1463 3872 1491 3926 in
1510 3873 1650 3928 Somnium

299 3956 433 4025 Scipionis
450 3961 635 4010 commentans
652 3954 740 4009 verbis
758 3953 801 4008 his
816 3952 967 4023 expressit:
994 3950 1094 4017 Retio,
1122 3966 1193 4020 qaae
1210 3954 1312 4009 ἀίυίιιιῗι
1328 3954 1414 4021 iacet,
1431 3954 1465 4020 tit
1481 3966 1551 4010 toao
1568 3970 1654 4010 canta

300 4032 502 4092 modolaminis.

387 4112 541 4168 Secundum
558 4129 593 4167 ex
611 4112 712 4181 tribus,
731 4109 1007 4180 repraesentationem
1026 4110 1131 4165 scilicet
1148 4110 1332 4173 mannariarn,
1358 4110 1398 4165 ait
1415 4124 1476 4165 osse
1494 4127 1511 4165 a
1528 4111 1655 4179 partibus

300 4195 380 4261 artis3
407 4192 460 4246 hoc
478 4190 583 4245 videtur
601 4191 691 4247 dicere
709 4190 822 4245 rationis
841 4205 924 4257 opera
941 4188 1089 4258 praecipue
1107 4187 1183 4255 fleri,
1210 4196 1241 4243 nt
1259 4196 1373 4245 exterrm
1391 4188 1474 4258 op'ere
1495 4205 1655 4260 repraesen-

299 4280 392 4329 tentur
408 4270 574 4325 harmonias.
609 4271 703 4329 Λιιιιι
721 4270 804 4338 igitar
830 4269 944 4324 rationis
963 4269 1081 4338 speciem
1107 4268 1189 4336 iacit,
1217 4268 1281 4337 quia
1298 4284 1343 4323 ars
1361 4268 1484 4324 discumn
1502 4278 1612 4327 constat
1629 4278 1657 4325 et

300 4349 461 4405 deductione
478 4363 496 4402 a
512 4347 684 4416 generalibus
702 4348 737 4403 ad
755 4346 875 4412 sensilia,
893 4363 963 4417 quae
980 4347 1092 4401 rationis
1111 4355 1182 4402 sunt.

386 4428 524 4495 Tertium,
552 4427 771 4483 exercitationem
791 4427 967 4487 imitativsm,
994 4426 1111 4481 collocat
1128 4444 1144 4481 a
1162 4428 1285 4497 partibus
1304 4427 1398 4491 moris;
1425 4441 1528 4480 morem
1546 4442 1612 4482 vero
1628 4428 1655 4482 in

300 4507 485 4579 superioribus
503 4506 539 4562 ad
556 4514 669 4561 naturae
686 4514 777 4581 partes
795 4506 924 4561 inclinare
943 4503 1055 4559 dixerat
1073 4506 1177 4562 Eadem
1194 4507 1278 4577 igitur
1295 4506 1453 4561 exundatio
1469 4513 1499 4560 et
1515 4522 1532 4562 a
1550 4507 1656 4562 ratione

299 4586 481 4658 proficiscitur
500 4586 625 4656 'lagimus
644 4584 715 4640 enim
733 4584 767 4640 de
785 4584 872 4640 tribus
890 4583 976 4653 ipsius
995 4584 1108 4641 rationis
1128 4584 1217 4657 edna]
1245 4594 1273 4641 et
1290 4585 1324 4641 td
1342 4592 1466 4640 naturam
1485 4585 1613 4653 inclinat3
1636 4599 1654 4638 a

299 4666 405 4739 mtione
423 4664 532 4736 quidem
551 4664 744 4733 proficiscitur,
763 4662 950 4734 quianullum
969 4678 1065 4720 carens
1083 4666 1189 4721 ratione
1207 4674 1299 4737 aptum
1318 4673 1361 4720 est
1378 4663 1413 4719 ad
1430 4664 1655 4720 exercitationem

299 4743 481 4811 habitualem
509 4742 544 4798 ad
561 4750 684 4799 naturam
702 4758 767 4798 vero
786 4743 914 4811 inclinat,
940 4742 1021 4812 qnia,
1051 4751 1082 4799 ut
1100 4760 1183 4814 snpra
1200 4745 1318 4813 dictum,
1344 4759 1403 4798 mos
1420 4743 1543 4798 imitatur
1559 4750 1653 4814 typum

300 4841 442 4881 ιιιιιιιιιιιι
459 4822 640 4893 naturalium,
658 4826 744 4878 utitur
762 4820 954 4891 facultatibus,
975 4821 1004 4877 iu
1022 4823 1121 4891 quibus
1138 4822 1284 4892 plurimum
1302 4828 1393 4892 potest
1409 4830 1522 4889 natura,
1542 4830 1573 4877 ut
1590 4826 1653 4875 sunt

300 4905 463 4962 locomotiva
480 4911 509 4958 et
524 4903 660 4963 memoria
695 4903 844 4972 Propterea
870 4901 940 4958 haec
967 4901 1124 4958 exmcimtio
1149 4903 1247 4961 dicitu
1263 4901 1309 4957 hic
1325 4900 1465 4957 imitativa
1501 4900 1573 4958 Nam
1590 4913 1651 4969 pro·
