3567 5625
160 354 163 361 ’
248 386 311 446 nee
512 336 525 349 ⁸
661 381 704 435 ne
722 377 987 449 Configurmioninus
1006 378 1185 467 emmonim.

245 561 327 620 tione
348 567 464 636 partum
486 561 659 634 insequitur.
703 557 745 619 Ut
774 562 816 619 ita
846 559 1000 636 impressio
1021 557 1095 618 haec
1117 558 1252 618 coelestis
1273 576 1332 619 non
1355 563 1511 637 quiseocns
1531 567 1599 620 tan-

247 655 311 708 tum
334 647 434 719 duret,
457 645 509 706 sed
532 648 626 709 etiam
644 647 775 707 durando
804 665 870 707 ease
892 654 974 705 motu
998 648 1177 705 extensionis
1207 649 1238 705 in
1260 647 1393 724 longiora
1421 651 1502 708 vitae
1522 656 1599 707 tem·

247 742 494 813 pora'propaget.
539 734 682 794 Nimirum
710 736 784 794 haec
806 734 932 796 facultas
963 750 1022 792 non
1046 742 1160 792 tantum
1189 734 1315 797 circulus
1339 743 1398 808 cst,
1428 734 1480 795 sed
1502 746 1598 795 motus
1685 725 1687 733 ’

243 831 293 883 ἰιι
316 823 464 882 circularis
486 820 601 895 idealis,
626 830 655 882 st
678 825 703 882 is
726 825 877 897 geminus,
909 828 954 880 est
976 820 1118 898 denique,
1140 839 1193 898 per
1215 831 1342 895 motum,
1373 825 1461 882 etiarn
1484 830 1599 901 ternpus

247 909 353 970 ideale.
400 908 477 969 Vide
507 928 597 986 supra
619 910 670 970 fol.
694 912 757 971 220
780 911 877 969 Procli
902 909 1002 969 verha
1049 908 1141 984 Cujus
1171 911 1212 969 rei
1244 911 1409 988 exemplum
1439 928 1555 969 rursum
1582 930 1600 970 a

247 999 396 1070 memoria,
421 1014 498 1072 quac
518 997 609 1073 paulo
632 1000 767 1074 superior
789 1005 835 1058 est
857 995 992 1069 facultas,
1014 1004 1115 1074 petere
1136 1014 1304 1073 possumus.
1348 999 1423 1057 Nam
1446 1002 1474 1056 in
1497 998 1601 1057 tahula

246 1085 364 1164 quidem
387 1087 547 1161 pinguntur
568 1103 615 1145 res
638 1092 751 1144 tanturn
775 1103 840 1145 cum
864 1086 1082 1144 circumstantia
1105 1083 1177 1158 loci,
1210 1087 1239 1141 iu
1263 1089 1403 1145 memoria
1425 1103 1495 1146 vero
1527 1103 1601 1145 con-

246 1179 400 1233 sersantnr
422 1190 468 1233 res
491 1181 593 1249 gestae
616 1175 706 1233 etiam
731 1190 794 1232 cnm
820 1172 987 1232 charactere
1010 1174 1168 1247 temporis;
1197 1169 1323 1248 denique
1346 1175 1375 1232 in
1398 1173 1457 1233 hoc
1477 1175 1598 1248 negotio

247 1260 439 1320 directionum
472 1260 622 1320 character
652 1262 761 1320 situum
791 1267 821 1320 et
848 1267 981 1319 motuum
1009 1268 1139 1335 tempore
1170 1258 1357 1320 decursorum
1389 1260 1602 1337 multiplicatur

217 1376 220 1387 ι
246 1351 276 1406 in
290 1349 493 1424 operationes,
517 1348 675 1407 observata
697 1349 886 1425 proportione
909 1345 1010 1407 sensili
1032 1345 1181 1406 mundana
1202 1348 1396 1408 revolutionis
1419 1348 1540 1408 diurnae
1562 1347 1601 1407 ad

247 1435 469 1495 translationem
499 1436 554 1494 suh
582 1434 704 1496 zodiaco
735 1454 880 1512 annuam3
913 1436 956 1495 sic
984 1442 1016 1493 nt
1045 1436 1230 1511 operationes
1260 1436 1323 1512 jam
1353 1436 1462 1496 distant
1487 1438 1602 1495 ratione

247 1524 386 1600 temporie
410 1541 428 1582 a
450 1523 511 1581 suis
534 1521 668 1582 stimulis.
714 1523 841 1599 Dixeris,
866 1523 1020 1600 cumipse
1044 1539 1163 1641 corpore
1184 1526 1246 1581 uati
1277 1541 1405 1583 crescere
1434 1531 1464 1584 et
1485 1531 1601 1601 ternpus

247 1611 423 1670 characteris
446 1608 625 1685 genethliaci
647 1619 790 1672 motuum.

334 1696 481 1773 Quicquid
512 1699 601 1773 igitur
631 1699 771 1776 astrologi
804 1696 841 1757 dc
873 1699 954 1757 ritae
985 1659 1170 1772 longitndine
1203 1696 1371 1773 praedicere
1405 1716 1440 1759 ex
1469 1698 1602 1758 themate

234 1793 449 1865 praesumunt,
480 1792 573 1844 totum
595 1785 699 1844 illud
692 1804 721 1844 ιιι
744 1787 801 1845 hoc
832 1792 921 1862 caput
944 1785 1136 1845 contrahitur.
1166 1783 1354 1844 directionum
1380 1785 1540 1863 praeludiis
1564 1805 1601 1846 ex

248 1874 386 1933 thematis
408 1871 585 1948 genethliaci
608 1873 700 1932 veluti
723 1873 837 1950 pulpito
862 1872 982 1932 vitalem
1005 1871 1173 1932 facultatem
1196 1872 1434 1948 informantibus,
1459 1891 1518 1950 qno
1543 1891 1601 1951 po·

248 1962 393 2020 tissimum
415 1978 492 2020 anno
516 1961 596 2019 vitae
619 1961 772 2020 humorum
798 1978 873 2019 unus
896 1959 944 2019 vel
968 1959 1041 2019 alter
1063 1959 1230 2018 redundans
1253 1978 1289 2020 er
1306 1978 1426 2037 corpora
1450 1962 1602 2020 exturbari

248 2056 300 2108 ant
331 2046 482 2106 sollicitari
513 2046 635 2121 debeat,
667 2049 803 2108 stimulus
835 2051 859 2107 is
891 2057 936 2106 est
965 2057 1086 2107 naturae
1118 2046 1156 2106 ad
1174 2049 1382 2152 peragendum
1414 2067 1489 2125 opus
1511 2066 1601 2108 snum

248 2130 520 2213 extraordinarium,
543 2134 623 2210 qnod
646 2138 726 2197 vitae
748 2135 951 2214 prorogandae
974 2135 1068 2207 cedat,
1092 2152 1169 2193 mors
1192 2138 1221 2193 in
1236 2140 1330 2209 astris,
1355 2140 1383 2194 in
1408 2137 1602 2223 thepnatein

248 2223 408 2283 directione
430 2223 521 2296 nulla,
545 2222 652 2283 nedum
673 2227 776 2284 variae
799 2225 901 2283 mortis
916 2224 1041 2297 formam
1064 2224 1186 2282 materia
1202 2227 1331 2299 corporis
1346 2232 1399 2295 est,
1423 2242 1499 2300 qnae
1513 2224 1602 2283 flam·

248 2328 326 2369 marn
349 2312 428 2370 vitae
451 2310 500 2369 vel
522 2310 669 2373 inundans
691 2313 836 2388 opprimit,
861 2310 910 2370 vel
933 2309 1069 2369 deficiens
1093 2309 1208 2384 deserit,
1231 2329 1307 2385 qnae
1329 2319 1452 2372 naturae
1475 2320 1600 2371 conatus

248 2388 371 2475 impedit
393 2398 491 2475 adque
512 2401 669 2476 perniciem
693 2399 861 2476 detorquet,
885 2406 1037 2475 peccatum
1061 2405 1114 2471 est,
1137 2397 1217 2474 quod
1235 2416 1327 2473 genus
1343 2398 1503 2457 humanum
1526 2416 1601 2459 con-

249 2503 332 2547 cesso
356 2486 425 2545 olim
448 2486 676 2547 immortalitatis
698 2486 826 2546 remedio
849 2488 985 2564 privavit,
1010 2485 1088 2562 qnod
1112 2488 1270 2545 etiamnum
1294 2486 1431 2561 angelum
1448 2486 1601 2546 custodem

248 2592 267 2634 a
288 2573 382 2633 tutela
411 2576 493 2634 vitae
516 2581 618 2633 contra
641 2574 833 2647 daemonum,
863 2573 1013 2633 hominum
1045 2574 1313 2650 elementorumque
1341 2574 1468 2632 insultus
1494 2574 1601 2647 abigit,

247 2661 378 2738 impedit,
402 2661 527 2738 repellit
572 2660 633 2721 Sed
656 2660 691 2721 de
714 2661 770 2722 hac
791 2679 822 2722 re
845 2661 979 2737 pluribus
999 2661 1235 2733 agendnmcsset
1257 2664 1286 2719 in
1308 2661 1469 2739 astrologia
1492 2663 1602 2737 egique

249 2766 309 2807 non
341 2751 458 2808 concise
489 2750 611 2808 nimium
645 2751 675 2808 in
703 2749 778 2809 libro
807 2748 843 2811 de
866 2747 960 2808 Stella
983 2748 1032 2807 fol.
1057 2751 1108 2808 43.
1139 2755 1169 2808 et
1198 2750 1227 2805 in
1257 2748 1357 2809 Tertio
1381 2750 1601 2809 interveniente

250 2854 330 2896 unm.
357 2837 406 2896 65.
431 2844 461 2896 et
483 2854 561 2914 seq,
592 2844 622 2897 et
643 2837 717 2898 forte
740 2840 808 2909 erit,
839 2846 873 2897 ut
900 2838 991 2896 libros
1012 2835 1082 2896 Joh.
1107 2837 1171 2896 Pici
1194 2836 1390 2898 Mirandulani
1422 2855 1486 2897 cum
1518 2855 1603 2897 conr-

249 2926 392 2985 mentsrio
415 2925 516 2998 edam,
541 2926 566 2984 si
589 2942 635 2985 me
658 2942 717 2984 rem
741 2925 883 2985 studiosis
904 2924 1111 3002 philosophiae
1132 2933 1246 3002 gratam
1268 2926 1411 2985 facturum
1438 2924 1604 3001 intelligam

248 3030 302 3072 nec
325 3011 430 3071 mediis
452 3014 626 3072 necessariis
649 3013 730 3072 fuero
754 3012 919 3073 destitutus.

336 3099 429 3172 Nunc,
454 3101 525 3175 qnia
546 3099 584 3158 ad
606 3099 693 3159 finem
707 3118 840 3178 propero,
864 3101 1111 3178 comparationem
1127 3100 1305 3177 subjungam
1320 3049 1447 3159 vitalis
1439 3118 1468 3157 rn
1482 3098 1603 3160 homine

239 3186 402 3247 facultatis
433 3203 498 3245 cum
529 3190 628 3246 anima
650 3188 791 3262 Telluris,
823 3205 914 3247 cansa
943 3188 1070 3246 influxus
1098 3187 1284 3260 coelestium,
1318 3189 1494 3264 videturque
1525 3187 1604 3247 haec

252 3291 328 3348 esse,
352 3267 431 3349 quod
454 3273 554 3333 anima'
574 3275 681 3335 Terrae
704 3276 829 3335 circulus
851 3275 928 3348 talis,
951 3276 1001 3350 qni
1024 3277 1158 3351 nuspiam
1179 3274 1289 3337 haheat
1308 3278 1421 3335 initium
1445 3274 1492 3334 vel
1514 3274 1604 3334 finem

248 3379 304 3421 nec
329 3362 367 3421 ah
391 3360 491 3437 aliqua
521 3364 565 3420 sui
589 3369 671 3440 parte
699 3365 738 3422 sit
759 3380 867 3436 nexus,
899 3370 931 3422 at
952 3362 1078 3422 hominis
1107 3361 1232 3422 facultas
1259 3363 1358 3423 vitalis
1388 3362 1497 3422 circulo
1518 3379 1605 3421 com-

249 3458 378 3526 paratur,
402 3468 421 3508 a
444 3447 579 3524 pluribus
602 3452 718 3527 punctis
741 3450 833 3512 veluti
857 3467 949 3524 nero,
973 3467 1062 3508 causa
1078 3458 1131 3523 est,
1155 3453 1225 3527 quia
1241 3451 1437 3511 characterem
1460 3467 1605 3524 geneseos

251 3540 352 3596 anima
373 3535 483 3596 'Penas
504 3537 617 3596 nullum
641 3537 746 3610 hahet,
776 3555 841 3597 curn
865 3555 981 3614 semper
1003 3536 1105 3596 eadem
1127 3546 1259 3608 maneat,
1294 3555 1443 3614 nunquam
1466 3545 1607 3597 nascatur

251 3632 305 3684 aut
326 3623 508 3698 incendatur,
532 3623 659 3684 hominis
681 3643 751 3686 vero
774 3628 917 3685 nativitas
938 3642 1039 3684 recens
1062 3626 1204 3701 mortique
1219 3627 1384 3703 propinqua
1405 3626 1606 3685 characterem

251 3719 332 3771 ortas
355 3713 402 3770 sui
424 3715 555 3788 recepit,
586 3715 637 3790 qui
664 3712 817 3773 zodiacum
840 3715 1024 3794 certisinitii
1048 3712 1172 3787 finisque
1194 3716 1312 3790 punctis
1335 3716 1521 3789 interpungit.
1568 3712 1608 3771 Et

251 3799 363 3859 Telluri
386 3798 520 3874 quidem,
554 3802 690 3876 quamvis
720 3800 917 3861 characterem
947 3799 1164 3876 genethliacurn
1194 3818 1230 3860 ex
1254 3803 1349 3879 prima
1372 3800 1418 3861 die
1449 3801 1608 3859 creationis

251 3887 374 3960 tribuas,
397 3892 492 3945 totum
520 3894 619 3946 tamen
644 3886 718 3947 cosli
742 3892 870 3965 spatium
893 3904 1007 3963 semper
1030 3886 1072 3944 illi
1096 3896 1141 3946 cst
1163 3889 1302 3966 obvium,
1334 3888 1405 3946 nihil
1429 3890 1459 3946 in
1480 3885 1531 3945 illo
1555 3905 1608 3946 ra-

250 3976 361 4034 tionem
391 3972 482 4033 habet
512 3976 649 4051 principii
676 3976 796 4056 finisve,
829 3984 909 4036 onus
940 3992 1119 4048 occasusve3
1149 3977 1258 4035 homini
1287 3977 1455 4052 superficias
1476 3972 1608 4034 Telluris

253 4061 406 4121 dimidium
429 4060 504 4120 coeli
527 4062 665 4134 occultat,
690 4071 771 4123 ortus
794 4071 823 4125 et
846 4081 968 4124 occasus
991 4064 1077 4137 signa
1099 4061 1261 4139 distinguit.
1307 4064 1395 4123 Patet
1410 4065 1498 4139 igitur
1520 4079 1607 4121 com·

124 4159 136 4186 ‘
251 4150 413 4227 parationis
435 4150 521 4208 ratio.
567 4148 712 4227 Adeoque
743 4169 814 4211 vera
842 4159 887 4210 est
909 4151 983 4210 haec
1005 4153 1185 4225 comparatio
1208 4150 1308 4211 vitalis
1340 4154 1368 4209 in
1392 4157 1459 4210 actu
1491 4153 1608 4209 consti·

250 4245 333 4296 tntae
355 4234 506 4296 facultatis
529 4254 594 4296 curn
618 4237 726 4298 circulo
748 4256 825 4298 nero
849 4256 885 4299 er
909 4240 994 4298 certis
1017 4240 1147 4313 punctis,
1177 4245 1210 4297 ut
1234 4243 1321 4300 etiam
1337 4239 1405 4297 sub
1427 4238 1607 4315 principium

251 4325 346 4385 morhl
369 4322 431 4402 (qni
455 4341 534 4384 nova
557 4328 642 4401 quasi
664 4327 727 4384 vita
750 4333 808 4401 est,
839 4338 919 4385 nova
940 4343 981 4385 sc.
1006 4327 1124 4401 energia
1146 4324 1245 4385 vitalis
1273 4326 1422 4385 facultatis
1451 4341 1503 4383 scu
1527 4328 1608 4386 actio

250 4414 315 4489 ejus
338 4411 584 4485 exnaordinaria,
616 4413 774 4486 naturalis,
798 4421 914 4487 practer
935 4420 1069 4472 naturam
1098 4419 1195 4474 tantm
1219 4415 1435 4473 constitutionis
1466 4413 1608 4482 usitatae,

250 4499 402 4559 humorem
425 4501 546 4560 noxium
569 4518 585 4559 e
608 4518 728 4577 corpore
752 4502 906 4561 exturbare
928 4497 1037 4578 nitens)
1059 4499 1152 4573 locus,
1175 4519 1262 4575 quem
1285 4501 1370 4560 Luna
1391 4499 1533 4578 possedit,
1558 4502 1608 4559 in-

250 4587 322 4647 fluat
344 4588 374 4645 in
396 4589 525 4647 animam
552 4590 672 4666 vimque
696 4591 842 4665 concipiat
864 4587 956 4649 veluti
988 4605 1077 4648 verae
1108 4588 1233 4666 alicujus
1256 4589 1376 4664 Lunae,
1404 4590 1434 4645 in
1461 4587 1518 4647 hoe
1547 4605 1618 4662 suo,

250 4673 343 4752 made
365 4676 540 4750 immobilis3
569 4677 607 4735 ad
631 4678 715 4753 cujus
738 4676 883 4753 quadratu
906 4683 936 4735 et
958 4676 1096 4753 opposita
1117 4676 1184 4736 loca
1212 4680 1237 4736 si
1260 4676 1346 4736 Luna
1368 4693 1440 4735 vera
1465 4677 1494 4732 in
1518 4676 1607 4736 coelo

198 4809 205 4815 .
251 4764 433 4840 pervenerit,
464 4770 569 4823 natura
591 4765 718 4823 hominis
747 4763 951 4824 exstimulatur
978 4764 1016 4823 ad
1046 4763 1261 4841 agonisandum
1288 4781 1354 4824 cum
1379 4763 1491 4823 morbo.
1537 4762 1607 4825 Hac
