3567 5625
252 439 294 500 on
414 455 419 468 κ
522 409 525 422 ’
635 433 778 506 spanias
795 431 907 506 vepres
924 432 1091 503 namqu
1107 436 1218 489 mnan

252 620 282 676 te
302 613 360 676 hoc
382 613 486 692 agere,
517 618 551 673 ut
572 611 711 675 editionis
742 631 796 675 sen
817 614 893 676 hono
914 611 1077 678 adornatae
1097 609 1215 674 haidem
1243 629 1296 675 sen
1317 613 1395 676 male
1427 610 1543 690 culpam
1566 619 1602 673 bx

252 704 387 779 partein
409 719 456 764 me
477 703 625 779 recipiam,
671 699 737 778 Quo
759 703 922 779 supposito,
943 703 1006 777 jam
1027 700 1101 761 illud
1123 716 1240 780 quoque
1263 704 1403 778 sequitur,
1430 702 1455 760 si
1476 703 1602 761 maxime

251 790 390 852 librorum
412 792 555 850 sarcinam
577 791 693 864 misero,
716 807 764 850 me
785 789 909 851 sortasse
931 790 1013 850 brevi
1037 790 1117 850 illam
1144 794 1336 866 recepturum.
1379 789 1512 849 Peticras
1532 786 1602 848 lite·

251 881 291 939 ris
312 879 459 956 prioribus
480 894 578 937 meum
600 877 637 938 de
659 879 793 938 versione
812 877 966 954 judicium.
1011 876 1109 955 Hujus
1132 876 1273 954 postulati
1289 876 1330 935 M.
1346 876 1441 936 'lnam
1464 884 1602 954 exparte

251 972 417 1043 compotem
437 965 534 1026 iacere
557 966 653 1026 visum
674 973 721 1026 oet
743 964 858 1026 dnabus
879 967 981 1043 primis
1002 967 1119 1042 paginis
1141 966 1328 1037 transmissis,
1351 966 1381 1024 in
1404 963 1510 1040 quibus
1524 963 1602 1024 Por·

251 1054 347 1132 phyrii
369 1070 473 1114 sensus
495 1049 612 1113 videtur
633 1055 706 1114 mele
728 1051 982 1115 emendationibus
1004 1054 1080 1113 hene
1103 1058 1133 1113 et
1154 1052 1232 1113 clare
1254 1069 1426 1129 expressus;
1447 1054 1601 1128 antiquam

253 1158 322 1202 vero
344 1142 518 1213 versionem,
542 1157 631 1217 quam
653 1144 864 1213 transmiseras,
889 1139 976 1201 facile
999 1158 1035 1201 ex
1055 1140 1148 1201 literis
1166 1156 1319 1216 agnosces.
1364 1138 1519 1199 indicabis
1543 1141 1601 1216 igi·

251 1237 305 1302 tur,
328 1247 398 1292 unm
420 1231 585 1301 existimes,
606 1232 786 1290 nmessmiaa
809 1229 870 1291 iore
892 1226 1061 1305 hujusmodi
1084 1226 1301 1289 emendationes
1325 1243 1377 1304 per
1398 1234 1492 1287 totum
1514 1244 1600 1303 opus.

251 1315 381 1380 Graecas
401 1317 527 1394 paginas
547 1316 620 1375 mihi
642 1315 859 1394 quodammodo
881 1317 985 1392 religio
1006 1317 1061 1375 init
1083 1333 1247 1392 excerpere,
1271 1332 1345 1392 quae
1364 1317 1541 1392 pertinerent
1561 1313 1601 1375 ad

250 1404 437 1468 collationem
459 1407 636 1465 versionum.
674 1404 782 1464 Addidi
805 1411 890 1464 notas
915 1421 1001 1463 unam
1023 1411 1113 1481 atque
1136 1402 1267 1476 alteram,
1291 1420 1328 1463 ex
1351 1403 1458 1478 quibus
1480 1403 1537 1463 hoc
1557 1402 1601 1465 'ie

249 1491 319 1553 volo
342 1492 495 1568 colligere,
518 1491 585 1553 illas
607 1493 723 1553 initium
744 1491 892 1569 quoddam
916 1509 980 1553 esse
1002 1490 1361 1552 commentatiunculamm
1389 1490 1427 1550 ad
1451 1507 1600 1550 commen·

251 1582 328 1641 taria
342 1580 499 1658 Porphyrii
520 1598 615 1657 aeque
638 1589 726 1658 atque
748 1579 919 1654 Ptolemaei,
944 1597 1067 1657 quarum
1088 1596 1210 1656 scopum
1232 1578 1311 1639 hunc
1332 1596 1397 1639 esse
1418 1594 1473 1656 par
1494 1585 1547 1648 est,
1568 1585 1601 1639 ut

248 1675 317 1745 post
339 1675 481 1728 mutatam
513 1669 640 1728 musicos
666 1669 772 1729 faciem
802 1666 928 1744 intelligi
957 1672 1105 1728 consuis
1127 1667 1295 1728 hominibus
1325 1669 1456 1743 possint,
1483 1683 1601 1743 quaes

252 1757 411 1830 veteribus,
433 1755 564 1817 nondum
586 1763 657 1816 nata
678 1753 817 1816 moderna
840 1756 966 1829 musica,
989 1755 1038 1816 hic
1059 1756 1169 1832 scripta
1190 1762 1267 1814 sunt

335 1841 403 1920 Qua
424 1845 455 1902 in
469 1861 500 1904 re
523 1845 671 1921 ogregiam
693 1860 812 1921 operam
834 1843 977 1921 praestari
999 1859 1086 1920 posse
1108 1850 1180 1920 puto
1203 1860 1222 1902 a
1244 1839 1335 1902 Setho
1358 1840 1505 1915 Calvisio,
1527 1857 1601 1901 ean·

249 1936 312 1992 tore
325 1926 486 2009 lipsiensi,
510 1934 578 2009 qui,
600 1948 637 1991 ex
659 1930 916 2009 quoepenultimas
938 1931 1018 1990 Tuas
1040 1932 1150 2007 accepi,
1175 1931 1293 2008 scripsit
1313 1927 1351 1989 sd
1372 1946 1419 1989 me
1442 1927 1527 2003 ultro,
1550 1946 1600 1989 se·

199 2069 202 2078 ,
249 2025 333 2078 cutus
356 2019 540 2086 occasionem
569 2020 599 2076 in
627 2018 729 2080 libello
758 2036 824 2079 meo
848 2019 884 2079 ds
907 2017 1000 2080 Stella
1029 2019 1206 2095 praebitam,
1237 2017 1287 2077 ubi
1315 2017 1485 2078 harmonica
1507 2018 1601 2077 obiter

248 2104 341 2165 trado.
385 2106 486 2166 Edidit
515 2105 565 2165 ille
595 2106 904 2170 commentatiunculas
935 2105 1048 2183 aliquot
1076 2105 1222 2182 perbellas
1252 2103 1291 2164 ad
1318 2104 1394 2165 hanc
1423 2122 1484 2164 rem
1512 2121 1601 2181 spec-

172 2185 177 2200 *
249 2199 363 2267 numa,
386 2196 441 2255 etsi
463 2195 571 2255 latetur
592 2195 623 2252 ln
645 2193 746 2268 literis,
769 2212 801 2255 se
822 2201 955 2255 veterum
977 2194 1115 2253 terminos
1133 2208 1193 2276 non
1210 2209 1311 2253 omues
1328 2191 1500 2269 intelligere.
1537 2191 1599 2252 ‘l'a-

247 2280 291 2342 les
313 2288 412 2343 umen
431 2281 532 2358 judico
556 2280 620 2358 ejus
643 2281 772 2353 libellos,
795 2289 829 2342 ut
850 2280 1073 2355 mathematico,
1104 2283 1155 2357 qui
1178 2298 1236 2342 non
1259 2283 1298 2344 ait
1320 2297 1356 2340 ex
1377 2271 1509 2358 professo
1532 2298 1600 2339 mn-

247 2371 342 2444 sicua,
373 2371 438 2429 vice
460 2370 601 2430 scientiae
623 2369 773 2430 musicalis
794 2368 954 2431 hodiernae
981 2386 1046 2428 esse
1066 2371 1199 2446 possint,
1232 2376 1373 2444 quantum
1396 2386 1433 2429 ea
1458 2384 1532 2445 opus
1555 2377 1602 2429 cst

248 2455 287 2518 ad
310 2456 500 2536 explicandos
523 2464 553 2518 et
574 2457 787 2535 comparandos
810 2464 940 2518 veterum
964 2454 1000 2516 de
1021 2457 1175 2517 harmonia
1196 2457 1295 2517 libros.

335 2543 422 2622 Quod
444 2543 574 2606 ordinem
597 2548 701 2605 attinet
723 2543 869 2618 editionis,
891 2544 952 2605 iere
973 2545 1002 2602 in
1026 2546 1172 2604 sententia
1193 2561 1307 2616 maneo,
1333 2541 1496 2603 Ptolemaei
1519 2539 1600 2601 Har·

248 2634 364 2694 monica
391 2651 457 2693 cnm
480 2631 636 2711 Porphyrii
666 2635 888 2693 commentariis¹
908 2632 1123 2708 graeco-latine
1149 2634 1192 2692 sic
1216 2630 1421 2709 exprimenda,
1451 2639 1483 2691 ut
1510 2629 1600 2690 iacies

247 2720 462 2798 respondeant,
490 2723 635 2798 appositis
656 2719 791 2798 pauculis
812 2717 980 2796 huiusmodi
1005 2723 1098 2792 nom,
1128 2718 1166 2780 ad
1190 2722 1438 2797 comparationem
1459 2721 1600 2796 pristinae

247 2817 277 2870 et
298 2807 457 2870 modernae
479 2811 607 2870 musicae
629 2807 813 2883 iacientibus,
836 2807 874 2868 ad
897 2811 1060 2883 marginem
1082 2807 1131 2869 vel
1153 2806 1190 2868 ad
1206 2807 1331 2881 calcem
1354 2825 1508 2885 quousque
1522 2802 1599 2867 Por'·

246 2896 368 2975 phyrins
391 2905 610 2969 commentatur,
632 2896 690 2957 hac
712 2898 857 2965 cautione,
879 2907 913 2956 nt
935 2898 986 2957 ubi
1001 2895 1182 2974 Porphyrius
1204 2897 1359 2957 abbreviat
1374 2902 1484 2957 textum
1499 2896 1598 2956 verbis

248 3009 294 3046 και
315 3004 353 3045 τα
376 2979 452 3060 iens,
481 2984 522 3044 ibi
545 2986 659 3061 integer
686 2992 812 3062 ponatur
833 2984 997 3045 Ptolomaei
1025 2991 1136 3058 textus,
1157 3001 1262 3063 ,usqne
1293 2984 1329 3044 ad
1359 2983 1419 3043 loci
1447 2985 1599 3060 sequentis
1653 2992 1662 3024 i

245 3072 361 3132 initium
390 3071 594 3150 sPorphyrio
622 3072 742 3133 iactum.
787 3070 957 3148 Comparari
982 3079 1080 3149 potest
1108 3073 1205 3133 versio
1228 3070 1377 3149 Gogavini
1404 3087 1470 3131 cum
1492 3073 1600 3147 scripto

246 3161 277 3218 in
304 3158 468 3220 Ptolemaei
496 3166 589 3222 textu.
634 3157 693 3221 Ubi
726 3156 833 3221 desinit
863 3162 1052 3220 commentari
1079 3159 1260 3238 Porphyrius
1290 3157 1357 3238 (nisi
1387 3158 1461 3220 forte
1491 3159 1601 3221 alicubi

245 3247 342 3308 totuin
362 3247 518 3326 Porphyrii
541 3254 736 3309 commntum
758 3247 954 3320 inveniaturl,
977 3247 1114 3323 equidem
1136 3248 1294 3324 expediret,
1324 3252 1410 3308 notas
1431 3248 1540 3309 latinas
1561 3245 1601 3307 ad

246 3333 411 3395 Ptolemaei
431 3341 543 3396 textum
564 3353 629 3397 csse
652 3336 839 3413 copiosiores,
863 3341 894 3394 et
914 3335 1046 3395 iortassis
1070 3338 1114 3409 oi,
1139 3336 1189 3412 qui
1210 3336 1366 3415 Porphyrii
1393 3336 1601 3397 commentaria

249 3424 421 3483 continuata
451 3422 593 3499 honnus
625 3422 779 3500 diligenter
799 3421 971 3501 perpendit,
1002 3439 1061 3483 non
1084 3423 1214 3483 laturum
1235 3432 1281 3484 ast
1310 3422 1427 3483 difficile
1450 3420 1546 3484 dicere
1569 3425 1601 3481 in

227 3512 439 3590 ,sequentibus
461 3527 506 3584 ea,
530 3529 606 3589 quae
628 3520 697 3572 sunt
718 3518 916 3571 consentanca
931 3510 1139 3590 Porphyriauis
1161 3509 1414 3588 praecedentibus.
1455 3510 1600 3573 Absoluta

246 3604 311 3659 toto
334 3598 516 3672 Ptolemaeo,
538 3601 648 3676 poterit
669 3599 809 3675 subjungi
831 3606 1028 3658 commentum
1043 3599 1191 3671 Barlaami
1214 3598 1351 3663 monachi
1372 3601 1403 3657 in
1418 3601 1474 3661 hia
1495 3598 1600 3660 ultima

247 3688 355 3764 capita,
380 3686 465 3762 cujus
487 3690 653 3747 versionem
675 3693 768 3747 totam
790 3686 839 3745 hic
861 3689 1035 3747 transmitto.
1071 3687 1107 3746 In
1130 3686 1244 3748 Graeco
1267 3686 1340 3771 folia
1362 3696 1430 3747 sunt
1454 3690 1503 3747 li.
1540 3686 1599 3747 Ce-

246 3781 317 3847 tera,
340 3781 373 3833 ut
395 3775 539 3851 prioribus
561 3776 673 3852 scripsi,
697 3791 774 3848 qnae
797 3771 890 3835 codex
913 3773 962 3835 ille
984 3774 1082 3847 habet,
1113 3772 1152 3834 ad
1173 3773 1353 3835 Harmonice
1375 3792 1433 3835 non
1455 3780 1598 3851 spectant

244 3861 284 3920 Et
305 3863 377 3938 qnia
398 3861 536 3921 Bariaam
557 3863 600 3922 ibi
623 3861 739 3934 desinit,
763 3862 816 3921 nbi
837 3864 963 3922 maxime
985 3869 1124 3938 coeperat
1142 3861 1254 3924 dicerer
1280 3862 1416 3937 ,videbo
1439 3865 1465 3922 si
1486 3863 1599 3940 possim

243 3942 328 4009 illum
359 3946 504 4008 deiectum
532 3948 706 4026 supplere“:
735 3948 863 4008 inhabili
891 3951 1001 4027 qnippe
1028 3950 1103 4022 fato,
1134 3951 1303 4027 priusquam
1332 3949 1472 4012 vidissem
1493 3948 1599 4011 Ptole·

245 4054 378 4109 macurn,
407 4036 451 4095 uti
474 4038 577 4113 scripsi
605 4047 673 4097 anta
695 4034 804 4096 multos
826 4053 936 4110 annos,
965 4053 1082 4098 omnem
1104 4036 1312 4114 propemodum
1333 4038 1495 4100 Ptolemaei
1517 4036 1600 4099 Har·

245 4125 426 4184 monicorum
448 4141 591 4184 summam
608 4116 783 4201 'complexus
807 4141 871 4206 sum
892 4126 1026 4185 instituta
1046 4125 1202 4202 scriptione
1229 4124 1265 4187 de
1286 4125 1463 4188 Haxmomce
1485 4125 1596 4202 mundi,

246 4211 342 4272 divisa
363 4212 393 4270 in
414 4211 529 4271 libellos
553 4214 588 4285 5,
617 4228 739 4289 quornm
769 4212 863 4288 primo
895 4228 1001 4273 causae
1026 4211 1242 4274 harmoniarum
1267 4216 1298 4272 in
1320 4217 1480 4291 geometria
1502 4231 1597 4291 quae-

244 4306 361 4371 runtur,
385 4298 513 4359 secundo
536 4298 665 4383 definitio
687 4298 811 4361 traditur
832 4301 978 4360 rationum
1000 4298 1233 4361 harmonicamm
1260 4305 1291 4361 in
1312 4304 1476 4376 amanto,
1509 4304 1595 4363 tertio

245 4386 408 4450 ostenditur
428 4388 573 4447 rationum
595 4387 827 4448 harmonicamm
850 4387 971 4448 effectus
993 4389 1022 4445 in
1039 4388 1170 4462 vocibus,
1193 4406 1270 4466 quae
1283 4392 1407 4452 materia
1420 4397 1466 4451 est
1486 4389 1538 4448 lib.
1553 4390 1595 4452 11.

245 4482 276 4536 et
301 4475 326 4533 l.
349 4473 521 4535 Ptolemaei,
571 4474 683 4550 Quarto
713 4474 815 4539 libello
844 4476 1008 4535 ostenditur
1037 4477 1182 4536 rationum
1211 4477 1443 4537 harmonicorum
1474 4476 1595 4559 effectus

244 4564 275 4621 in
298 4563 468 4639 operatione
490 4562 635 4637 sidorum,
664 4580 741 4641 qnae
762 4565 885 4625 materia
914 4579 934 4622 a
954 4561 1125 4624 Ptolemaeo
1150 4564 1274 4624 traditur
1294 4563 1347 4624 lib.
1370 4565 1432 4638 111,
1466 4567 1593 4625 1-13.

246 4648 358 4724 Quinto
372 4648 472 4709 libello
495 4650 617 4712 ostendo
639 4653 785 4712 rationum
807 4650 1041 4710 harmonicorum
1057 4651 1269 4728 applicationes
1284 4651 1323 4712 ad
1344 4659 1442 4711 motus
1456 4651 1593 4714 siderum

245 4736 344 4813 Atque
369 4735 446 4797 hanc
474 4741 625 4800 maurium
647 4736 847 4810 Ptolemaeus,
880 4740 1037 4814 interprete
1059 4738 1230 4813 Barlaamo,
1260 4739 1375 4801 nederc
1406 4739 1502 4800 voluit
1527 4757 1593 4817 cap.

246 4821 298 4899 14,
324 4826 373 4897 15,
397 4827 467 4902 qnia
489 4828 593 4905 capitis
611 4828 660 4885 14.
685 4827 838 4909 inscriptio
856 4827 1002 4902 promittit
1015 4831 1262 4905 comparationem
1278 4827 1451 4888 chordarum
1470 4827 1594 4904 periodi

244 4913 412 4991 systematis
434 4915 583 4976 stabilium
606 4930 672 4976 oum
693 4915 826 4995 sphaeris
846 4913 958 4991 mnndi,
981 4931 1046 4993 cap.
1066 4917 1115 4977 ib.
1138 4932 1208 4977 cero
1228 4918 1373 4996 promittit
1394 4917 1593 4993 capuano-
