3567 5625
633 449 1017 524 'Liberlildapntffl
1121 507 1126 514 ,
1355 475 1359 484 ·
1468 463 1530 523 m

177 623 281 680 armna
300 624 385 696 ipsius
402 626 532 697 diapason
557 627 714 699 descripsit3
741 628 771 696 l)
790 628 863 699 qnod
881 627 1027 685 divisiones
1052 630 1227 686 bumonicae
1247 635 1437 710 monochordi,
1462 656 1532 711 quas

176 700 246 758 libro
272 719 335 758 meo
352 704 401 759 ΠΙ.
425 720 485 774 cap.
504 708 531 763 2.
555 722 589 761 ex
607 710 756 777 monstris
777 705 975 776 demonstrari,
1004 708 1038 763 ad
1063 708 1245 778 septenariam
1272 728 1359 783 usqne
1382 722 1531 779 samonem

176 780 395 850 mumdinutnn
415 782 460 838 ubi
474 786 595 841 nacitur
613 785 974 856 uudupmonepidupente
992 796 1021 842 et
1039 795 1118 843 sexta
1135 786 1233 843 mollis.
1252 806 1333 859 quam
1351 795 1452 855 basma
1467 799 1531 857 Pto.

176 859 299 914 tannem
318 861 347 916 in
364 876 536 926 numerorum
555 864 665 933 politiae
683 866 797 935 padam
816 864 938 921 excludit
957 866 1165 934 auterannus,
1184 884 1244 922 cnm
1262 885 1350 939 eures,
1368 874 1456 945 ipsius
1466 878 1530 935 Ptr-

171 934 270 993 lemaei
295 937 433 1010 suffragiis
456 957 506 1011 pro
532 942 672 1010 judicibus
691 943 855 1000 constitutae
877 954 906 999 et
930 960 992 1000 curn
1011 945 1044 1000 iis
1072 945 1159 999 omnis
1177 945 1309 1002 hodierna
1331 952 1401 1007 ratio
1428 959 1530 1014 musice

175 1016 293 1088 ipsaque
312 1035 401 1075 rerum
419 1031 517 1078 natura
541 1024 592 1080 bac
610 1024 768 1080 exclusione
786 1022 955 1090 indignatum
983 1027 1009 1092 1)
1028 1027 1093 1094 quin
1117 1026 1171 1080 imo
1193 1026 1274 1082 detur
1297 1027 1418 1086 infinitas
1434 1049 1529 1091 conso
1554 1077 1557 1102 ,

172 1096 340 1162 asumma,
368 1098 498 1168 dimaon
514 1101 764 1172 multiplicantium,
791 1102 814 1155 si
832 1105 1010 1173 aureeseqni
1027 1104 1204 1174 percipiendo
1228 1116 1352 1173 possent,
1379 1112 1452 1179 qnod
1469 1113 1530 1184 ipre

174 1175 350 1233 Ptolemaeus
373 1177 482 1252 latetur.
518 1180 572 1235 Sed
598 1196 648 1236 uec
670 1182 698 1234 in
723 1183 835 1237 zodiaco
858 1180 996 1237 suffleiuru
1014 1191 1108 1238 ternae
1127 1183 1274 1252 sermonem
1302 1186 1386 1254 probo
1414 1189 1529 1257 primum

174 1271 208 1310 ex
227 1256 314 1325 ipsius
332 1254 480 1314 Ptolemaei
500 1258 648 1329 principiis.
684 1259 752 1314 Nem
772 1258 879 1316 sexubs
897 1268 1027 1330 aspectus
1044 1261 1202 1316 Ptolemaeo
1221 1261 1264 1317 bic
1283 1266 1416 1325 extribus
1435 1270 1530 1341 primia

174 1336 268 1392 eirardi
288 1336 453 1394 mcdombns
472 1353 525 1393 non
545 1338 598 1393 alio
612 1341 676 1407 jure
689 1339 813 1409 resultat,
831 1355 913 1407 quam
927 1339 1086 1408 duodecilis,
1106 1349 1219 1410 uterum
1232 1341 1337 1400 seilicet
1347 1361 1402 1400 non
1414 1362 1431 1403 a
1441 1350 1530 1418 primo

170 1415 315 1471 εἰείεἰοείι
336 1415 428 1486 uiuo,
454 1417 503 1473 sed
528 1420 556 1473 in
580 1418 641 1474 aliis
663 1417 756 1474 circuli
779 1415 902 1488 pertibus
927 1419 1075 1474 ordinetur.
1113 1418 1150 1474 Et
1173 1427 1262 1478 umen
1288 1423 1413 1480 sextilem
1431 1427 1529 1496 probat
1576 1457 1585 1466 -
1613 1449 1620 1466 ·

177 1494 363 1562 Ptolemaeus,
384 1495 553 1553 duodecilem
569 1500 664 1568 rejicit.
701 1499 797 1566 Itaque
822 1511 873 1567 pro
892 1497 985 1551 sextili
1002 1513 1031 1550 re
1048 1497 1109 1567 ipsa
1128 1498 1275 1554 introducit
1300 1502 1381 1558 etiam
1404 1512 1529 1574 quartam

176 1572 338 1630 trudonem
355 1575 384 1630 in
402 1591 450 1631 sex
468 1578 504 1632 ab
517 1577 611 1632 eodem
624 1575 764 1645 principio.
804 1574 891 1634 Probo
905 1575 1025 1631 εεεεεεε
1044 1574 1078 1629 ab
1091 1575 1260 1645 experientia
1276 1589 1448 1650 aspectuum:
1467 1600 1529 1642 nam

174 1659 202 1708 et
220 1650 370 1708 duodeeilis
388 1663 432 1709 est
449 1652 560 1709 evidens
578 1668 627 1708 seu
646 1653 820 1723 semisextna
838 1660 868 1706 et
884 1651 1007 1724 qnbrdlis
1026 1663 1054 1708 et
1072 1654 1231 1724 biquintilis.
1250 1659 1277 1713 in
1291 1661 1448 1729 suspicione
1465 1680 1529 1722 rero

174 1736 239 1785 sunt
257 1730 365 1799 daulis,
384 1731 527 1802 trideeilis,
546 1735 695 1802 quincunx,
719 1741 747 1787 et
763 1734 902 1788 remotiori
921 1733 948 1787 in
967 1734 1055 1804 gradu
1074 1733 1178 1803 oculis,
1204 1737 1329 1794 trioctilis
1349 1754 1398 1795 seu
1410 1756 1528 1814 ,εεεεεε-

173 1808 247 1865 drus.
283 1810 352 1866 Vide
370 1815 421 1868 mei
439 1814 501 1868 libri
520 1812 565 1867 tv.
585 1830 645 1882 esp.
664 1816 689 1868 b.
727 1812 766 1866 lie
784 1819 885 1881 cetero,
905 1811 979 1880 quod
997 1812 1100 1867 circuio
1118 1827 1168 1881 per
1180 1815 1365 1876 triseetioaenr
1377 1825 1406 1876 et
1420 1822 1528 1889 quadri·

175 1888 322 1945 sectionem
340 1891 368 1945 in
387 1890 529 1947 duodecim
546 1890 633 1946 diviso
651 1891 724 1946 rane
741 1889 848 1958 ouaeru
864 1889 1056 1962 proportiones
1074 1890 1146 1945 inter
1163 1900 1269 1961 partes,
1286 1895 1315 1950 id
1334 1896 1400 1953 iacit
1418 1899 1528 1968 quidem

175 1968 209 2024 sd
227 1970 358 2039 maiorem
377 1967 598 2037 probabilitatem
615 1967 824 2039 comparationis
842 1969 928 2039 ipsius
947 1984 996 2038 per
1009 1985 1038 2025 se
1056 1969 1158 2040 nudae,
1176 1971 1210 2026 ad
1224 1975 1362 2031 muralem
1374 1993 1438 2033 vero
1456 1995 1528 2035 com·

174 2047 351 2116 menonem,
370 2047 478 2118 qudem
497 2064 548 2117 ego
566 2048 657 2114 uado,
675 2046 752 2102 nulla
769 2047 809 2103 ria
827 2057 870 2104 est
887 2051 915 2104 in
933 2048 1076 2117 multipllci
1095 2050 1231 2108 munuum
1247 2041 1445 2124 expressione.=
1466 2059 1529 2115 Nou

174 2127 247 2181 enim
265 2126 383 2181 ebordne
401 2125 584 2195 proportionis
602 2123 700 2193 triplae
717 2133 870 2183 consonant
890 2125 926 2180 ob
943 2125 1015 2182 bunc
1031 2126 1187 2196 genmmem
1206 2144 1330 2200 εειεεεε,
1355 2135 1419 2204 quia
1438 2137 1467 2193 in
1484 2154 1528 2195 ao-

176 2202 255 2260 disro
272 2203 449 2260 inveniuntur
466 2213 558 2274 partes
575 2206 627 2259 bec
644 2219 712 2260 usae
728 2204 905 2275 proportione
923 2205 1092 2275 signorumt¹
1110 2204 1146 2261 ad
1157 2208 1263 2277 signat
1276 2209 1326 2278 (sic
1337 2229 1434 2284 nempe
1447 2216 1528 2272 etiem

174 2283 294 2340 merdae
317 2284 500 2355 proportionis
524 2283 668 2354 septuplae
689 2291 884 2350 consumerent,
911 2283 976 2351 qnia
993 2291 1057 2339 sunt
1074 2285 1101 2338 in
1119 2285 1222 2344 drcnlo
1240 2294 1348 2357 partes,
1374 2307 1428 2348 nnn
1446 2294 1528 2352 antu.

175 2361 254 2432 signi,
272 2361 357 2418 altera
377 2364 392 2417 i
412 2364 571 2432 signoruni,
595 2363 643 2417 sed
663 2369 768 2418 tantum
787 2360 863 2431 ideo,
890 2360 955 2427 qiua
973 2361 999 2413 iu
1020 2360 1121 2417 circulo
1140 2371 1198 2418 toto
1217 2367 1356 2434 signorum
1377 2369 1410 2424 12
1427 2370 1529 2431 invent.

174 2453 219 2496 tnr
237 2444 401 2512 geometrice
419 2441 566 2498 ‹eonstituta
585 2456 648 2509 pers
667 2439 762 2507 tertia,
782 2440 922 2507 signorum
940 2441 964 2491 1.
1000 2439 1072 2506 Quin
1092 2442 1174 2497 etiam
1198 2441 1345 2514 pleraeque
1363 2448 1527 2517 barmoniae,

175 2537 244 2591 quas
263 2523 364 2591 primas
383 2521 573 2578 consonantias
592 2517 722 2589 appellet,
741 2527 807 2586 pute
826 2516 996 2572 ᾱὶεεεεεεεοε
1010 2525 1038 2572 et
1050 2516 1186 2588 tlinpente,
1203 2519 1285 2589 plane
1298 2540 1353 2580 nou
1365 2537 1429 2582 sunt
1440 2529 1526 2598 primo

175 2600 209 2655 ab
226 2599 280 2657 bac
298 2600 378 2656 uniet
400 2608 428 2656 et
446 2598 569 2655 suttune
587 2597 666 2653 nnius
685 2595 778 2652 cuculi
797 2594 942 2666 divisione,
966 2595 1024 2651 aire
1041 2596 1096 2651 dno
1121 2598 1181 2666 ejus
1200 2602 1267 2656 secti
1291 2613 1444 2674 manente,
1469 2608 1527 2665 sire

174 2678 255 2734 mam
278 2686 354 2734 totus
377 2696 437 2734 enm
462 2690 538 2750 parte
561 2677 693 2733 rationem
718 2674 903 2732 harmonicam
922 2675 1098 2732 constituunt.
1136 2677 1198 2734 Non
1222 2678 1293 2734 euim
1315 2682 1377 2738 ideo
1399 2684 1526 2761 chordae,

176 2773 246 2827 quae
265 2766 329 2815 snut
347 2759 374 2813 in
393 2758 568 2828 proportione
586 2758 774 2828 sesquitertia,
800 2762 964 2819 consonant,
990 2756 1053 2825 qnia
1072 2757 1097 2811 in
1117 2757 1219 2815 cuculo
1236 2759 1276 2816 sic
1294 2757 1379 2817 diruo
1402 2771 1526 2836 estpars

175 2851 269 2894 norem
288 2837 439 2907 manorum,
464 2854 612 2906 quaecum
630 2844 688 2893 toto
708 2836 741 2892 12
760 2837 898 2905 signorum
918 2836 1109 2906 complectitur
1125 2839 1327 2909 sesquitertiam
1344 2842 1394 2909 (sic
1412 2844 1482 2900 onim
1499 2855 1528 2904 at

174 2932 237 2987 pers
254 2919 286 2971 11
313 2916 449 2984 εἰςεεεειε
474 2933 535 2971 cum
559 2925 617 2971 toto
641 2915 675 2970 tt
693 2916 832 2984 signorum
857 2915 1001 2971 constituit
1023 2915 1140 2985 aliquam
1164 2919 1367 2988 proportionem
1391 2930 1419 2977 et
1435 2929 1527 2982 tamen

172 2995 299 3067 chordae,
318 3010 388 3064 quse
407 2994 519 3051 eandem
538 2996 715 3051 constituunt
735 2993 806 3048 inter
826 3010 856 3048 se
875 3010 930 3049 non
952 2995 1121 3065 consonant),
1140 2995 1189 3051 sed
1207 2994 1242 3050 ob
1261 2995 1289 3052 id
1307 2997 1424 3056 cbordae
1443 3004 1525 3061 ratio

173 3074 214 3130 nis
232 3073 423 3144 smquitertiac
435 3080 593 3139 consonant,
612 3073 677 3142 qnia
689 3072 808 3129 cbordae
820 3073 1004 3143 proportionis
1018 3073 1188 3144 quadruplae
1201 3075 1394 3145 identisonaut,
1413 3097 1527 3150 quamn

173 3168 234 3208 cunr
252 3152 371 3208 minori
392 3168 452 3208 cum
471 3153 513 3208 sni
530 3152 614 3222 triplo
632 3154 648 3207 3
666 3162 805 3220 consonat
823 3162 854 3209 ut
871 3154 948 3224 prins
966 3169 1000 3208 ex
1014 3151 1109 3209 circuli
1120 3155 1285 3222 geometrica
1296 3156 1417 3213 εεε1ἰεεε
1430 3175 1526 3233 seque·

174 3234 262 3303 betur,
281 3231 342 3288 ideo
361 3241 388 3287 et
404 3232 616 3288 identisonernm
635 3231 720 3288 alteru
738 3232 825 3302 major
842 3234 858 3303 4
878 3249 940 3289 cnm
959 3232 1033 3289 illius
1057 3232 1138 3302 triplo
1158 3238 1173 3289 3
1192 3244 1324 3292 consonet
1346 3252 1458 3296 normae
1476 3250 1526 3298 est

175 3312 250 3368 ilaec
268 3328 285 3366 a
303 3326 346 3365 me
363 3309 506 3380 diligenter
523 3319 587 3365 sunt
605 3315 722 3368 ueruto
740 3311 810 3368 turo
827 3310 874 3366 tv.
895 3326 954 3381 cap.
974 3315 997 3369 b.
1018 3318 1046 3366 et
1064 3314 1087 3366 6.

261 3389 304 3445 Ex
322 3388 374 3443 hac
392 3394 486 3444 contra
502 3387 683 3445 Ptolemaicas
701 3390 834 3445 εεείεεεει
854 3389 1063 3446 constitutiones
1082 3392 1242 3461 exceptione
1260 3392 1341 3450 facile
1359 3404 1443 3465 patet,
1462 3397 1528 3467 quid

169 3469 225 3537 jam
248 3468 276 3523 in
299 3467 479 3541 applicatione
503 3467 740 3524 consonantiarum
766 3467 799 3521 ad
827 3473 955 3537 aspectus
983 3465 1142 3523 desiderem.
1179 3470 1247 3525 Nero
1275 3470 1404 3543 diapente
1430 3491 1526 3535 εεεεε·

173 3548 265 3603 unda
282 3564 336 3602 nou
355 3554 397 3602 eet
414 3547 567 3601 immediate
585 3544 748 3616 applicanda
765 3544 897 3613 trigonico
917 3545 1041 3616 aspectui
1047 3589 1055 3615 ‚
1073 3547 1202 3617 competit
1223 3549 1293 3603 enim
1311 3551 1375 3607 brrie
1392 3554 1480 3622 primo
1498 3562 1527 3611 et

173 3627 325 3683 immediate
345 3625 673 3696 diapason-epidiepcntes
692 3629 723 3679 ut
740 3638 802 3678 vero
821 3623 908 3679 eidem
928 3632 955 3679 et
974 3623 1103 3694 diapente
1120 3634 1269 3696 competat,
1293 3645 1405 3685 neeesse
1424 3640 1468 3688 est
1485 3632 1524 3697 in.

173 3705 315 3761 tercedere
333 3714 360 3760 et
377 3704 484 3759 amoma
501 3704 562 3771 boc,
581 3705 652 3773 quod
672 3701 802 3772 diapason
822 3702 858 3757 sit
876 3700 994 3758 identica
1012 3709 1041 3757 et
1058 3702 1130 3772 quod
1148 3702 1327 3762 identieornm
1343 3709 1447 3766 minore
1462 3728 1525 3771 con.

139 3801 142 3804 ·
172 3790 287 3841 sonante
304 3800 363 3840 cum
383 3782 424 3839 sui
441 3783 532 3853 triplo,
551 3783 631 3838 etiam
650 3782 763 3838 alterum
782 3781 877 3851 majus,
897 3780 1010 3851 duplum
1026 3781 1108 3852 illins,
1128 3796 1190 3836 eum
1207 3780 1267 3849 ejus
1280 3784 1363 3855 triplo
1381 3796 1521 3845 consonet.

175 3863 248 3918 idem
269 3862 302 3917 de
319 3862 488 3918 diatesseron
502 3863 560 3930 jam
579 3876 662 3932 supra
679 3860 731 3916 dici
755 3868 881 3930 coeptum
906 3860 951 3917 bic
970 3869 1131 3920 renuatur
1168 3862 1228 3917 utri
1251 3862 1323 3919 enim
1347 3872 1375 3919 et
1393 3865 1524 3924 εἰεωεεε-

172 3957 220 3996 ron
239 3939 360 3998 oritura
378 3940 614 4012 dguraqnadrnta
632 3939 732 3997 circulo
751 3939 890 4010 inscripta,
909 3956 979 4010 quae
997 3942 1078 3998 etiam
1098 3944 1238 4011 aspectum
1250 3941 1337 4012 gignit
1353 3944 1523 4016 quadratum,
1564 3962 1569 3973 ¹

171 4030 263 4077 tamen
286 4022 339 4093 ipsi
363 4020 484 4091 aspectui
507 4018 640 4090 quadrato
662 4021 749 4091 primo
776 4019 917 4089 respondit
943 4021 1117 4092 disdiapason
1142 4021 1327 4091 proportionis
1346 4023 1524 4095 quadruplae,

172 4116 242 4171 qnae
261 4110 303 4156 est
320 4101 405 4156 totius
422 4097 514 4153 circuli
532 4098 566 4154 ed
586 4106 710 4166 numum
729 4106 848 4168 partem,
870 4105 967 4167 postes
990 4107 1081 4156 umen
1105 4106 1133 4154 st
1151 4098 1313 4154 secundario
1335 4101 1479 4156 comiutnr
1496 4109 1525 4158 et

171 4179 303 4235 adhaeret
319 4178 358 4233 iiii
377 4179 559 4247 diatessaron²
583 4178 767 4247 proportionis
785 4177 923 4249 epitritae,
951 4194 1000 4250 per
1016 4178 1238 4236 intercessionem
1257 4177 1361 4234 scillcet
1378 4182 1522 4237 axiomatis

172 4259 254 4314 etiam
271 4271 356 4327 snpra
373 4254 504 4326 usurpati
524 4261 551 4310 et
570 4271 624 4310 non
641 4262 753 4326 propter
770 4255 908 4315 murinum
927 4258 1035 4329 curui,
1054 4266 1110 4314 tres
1129 4264 1256 4326 quorum
1274 4257 1342 4313 alies
1362 4274 1520 4329 cogeremur

173 4336 296 4393 omnibns
314 4335 430 4392 residuis
452 4334 546 4389 drenli
570 4350 634 4390 snas
658 4336 686 4390 in
704 4336 866 4393 harmonicis
889 4335 1038 4392 uouemere
1061 4335 1254 4391 consonantias
1277 4343 1373 4393 contra
1389 4335 1523 4403 judicium

173 4431 287 4473 amram.

261 4512 286 4568 E
305 4513 440 4569 conuamo
459 4528 523 4568 vero
541 4516 671 4580 aspertus
688 4512 740 4583 ipsi
759 4512 793 4567 ab
812 4510 854 4566 bis
872 4511 986 4568 residuis
1005 4508 1100 4566 circuli
1118 4525 1172 4565 non
1190 4510 1323 4580 pendent,
1341 4526 1395 4567 nea
1409 4520 1524 4582 potsunt

176 4591 309 4663 applicari
326 4591 400 4647 dicta
416 4592 554 4647 axiomata
571 4590 681 4647 εἰτεεΙο.
712 4592 773 4647 Non
792 4591 913 4661 pendent
930 4605 947 4645 a
963 4588 1089 4659 residuis,
1106 4588 1179 4659 quia,
1198 4588 1300 4645 circulo
1317 4587 1345 4644 in
1363 4589 1398 4646 20
1415 4604 1521 4660 geone

173 4672 238 4726 trice
263 4668 351 4726 diviso
376 4678 404 4726 et
423 4670 521 4725 mmtit
544 4685 578 4724 ex
601 4686 657 4725 una
679 4676 758 4739 parte
775 4670 791 4726 9
809 4667 990 4740 portionibus,
1014 4675 1046 4722 ut
1068 4683 1101 4723 ex
1125 4666 1213 4724 altera
1235 4668 1345 4725 residua
1365 4674 1440 4725 stetu
1461 4685 1522 4741 por·
1623 4680 1626 4699 ¹

175 4751 260 4806 dones
279 4751 326 4820 ll,
353 4749 400 4804 bic
417 4750 554 4805 residuum
572 4748 625 4803 boc
642 4747 804 4819 geomemce
823 4747 1000 4804 constitutum
1019 4747 1114 4817 aequb
1131 4748 1243 4818 munere
1260 4757 1412 4821 aspectum,
1430 4749 1523 4809 nullm

176 4830 245 4886 enim
263 4830 377 4886 affectus
395 4831 528 4899 seqnitnr;
551 4844 588 4884 sc.
607 4827 672 4896 quia
689 4827 724 4883 ad
742 4842 834 4882 meum
852 4826 1035 4897 apertionem
1054 4825 1199 4882 mustum
1217 4825 1307 4883 nullus
1325 4828 1455 4897 uquitnr.
1484 4829 1523 4885 At

175 4908 264 4966 turca
286 4907 384 4966 samua
407 4907 426 4963 8
448 4906 619 4983 pardonum
643 4904 670 4961 iu
690 4921 772 4961 unum
800 4920 892 4963 utum
917 4914 945 4962 et
965 4905 1002 4961 tt
1024 4905 1053 4963 iu
1074 4904 1226 4978 residuum,
1254 4903 1367 4965 metus
1390 4905 1521 4981 aarum,
