3567 5625
770 413 911 484 Apologia.
954 353 962 378 *
1449 418 1512 478 429

168 610 272 654 norum
304 593 524 653 fundamentum
553 610 618 653 esse
645 598 795 667 naturam,
826 594 957 671 inprimis
989 592 1018 650 in
1047 590 1262 660 consonantiis,
1294 587 1401 664 quibus
1424 591 1515 648 utitur

167 680 291 753 artilex,
314 698 372 740 non
396 680 476 741 aliud
499 682 602 757 hujus,
626 679 705 739 aliud
729 680 808 738 illins
830 683 949 739 auribus
972 678 1102 755 placere,
1126 676 1179 737 scd
1201 675 1325 736 eundern
1348 692 1514 735 consonan-

167 773 274 828 tiarum
303 787 455 828 nnmerum
482 770 521 829 ah
550 770 678 827 omnium
701 768 850 827 hominum
880 769 999 826 auribus
1022 767 1193 844 approbari,
1224 763 1436 841 quodindicio
1459 775 1514 840 est,

123 913 128 924 ,
165 864 290 916 naturae
313 857 370 915 hoc
393 875 467 935 opns
489 874 564 916 esse.
609 856 654 913 Ex
669 855 751 914 libris
775 863 927 914 auctorum
950 855 1086 931 decerpta
1108 855 1167 912 sint
1189 855 1286 930 capita
1307 850 1392 924 libri,
1416 869 1454 910 an
1478 869 1515 912 ex

165 945 293 1021 proprio,
317 962 375 1003 non
399 953 444 1004 est
465 948 579 1004 animus
602 959 656 1003 nec
677 941 760 1001 locus
783 952 877 1003 tecum
894 942 1023 1020 litigare,
1047 940 1163 1014 scilicit,
1187 939 1266 1017 quod
1281 956 1383 1000 verum
1405 939 1435 997 id
1458 947 1511 1014 est,

166 1031 247 1108 quod
270 1034 299 1090 in
322 1034 537 1109 comparatione
560 1031 635 1102 dixi,
663 1046 715 1104 ea,
747 1048 864 1105 quasa
888 1031 1034 1090 veteribus
1065 1037 1187 1107 possunt
1209 1028 1378 1098 transeunti,
1409 1044 1455 1086 me
1478 1044 1514 1087 ex

167 1137 265 1178 rernm
287 1128 392 1178 natura
416 1137 524 1180 eruere.
570 1107 777 1177 Definitionem
801 1136 855 1195 ego
879 1127 987 1178 certam
1016 1134 1095 1193 pono
1118 1116 1382 1175 consonantiarum.
1428 1113 1514 1174 Hane

167 1206 367 1282 definitionem
389 1209 505 1284 recipit,
534 1205 676 1282 quidquid
699 1207 819 1265 auribus
842 1208 981 1284 probatur
1003 1216 1035 1264 ut
1058 1221 1234 1278 1111111111,
1269 1206 1395 1278 respuit,
1426 1200 1514 1278 qnid·

168 1294 239 1370 qnid
263 1312 347 1353 aures
370 1302 511 1373 respuunt
540 1302 574 1353 nt
597 1294 755 1353 dissonam.
801 1294 913 1352 Horum
940 1294 1040 1369 aliqua
1069 1295 1156 1352 etiam
1179 1291 1363 1368 Pythagoras
1386 1306 1516 1350 consona

167 1383 258 1454 dixit,
287 1381 387 1457 aliqua
410 1400 538 1442 consona
567 1384 630 1460 ipse
652 1384 787 1456 negavit,
818 1380 1006 1441 Ptolemaeus
1034 1379 1198 1440 affirmavit.
1244 1378 1310 1437 Non
1325 1386 1436 1438 ‘tamen
1460 1394 1515 1452 ego

167 1485 264 1545 neque
286 1469 338 1528 illa
360 1488 455 1546 neque
480 1472 536 1530 ista
558 1471 666 1547 recipio
690 1471 764 1527 inter
787 1486 925 1542 consona,
949 1471 1019 1545 quia
1040 1468 1225 1545 Pythagoras
1248 1475 1299 1526 aut
1322 1465 1515 1539 111111111-

168 1575 270 1630 macne
293 1556 323 1615 id
346 1557 434 1632 dixit,
465 1557 516 1616 sed
546 1560 616 1633 qnia
644 1557 768 1633 primum
790 1574 891 1630 aures,
924 1555 1028 1616 deinde
1055 1555 1184 1615 definitio
1207 1572 1273 1614 mea
1299 1555 1442 1630 rccipiunt
1464 1553 1516 1612 illa

168 1647 243 1704 inter
266 1661 405 1703 consona.
450 1645 547 1704 Nolim
570 1644 705 1720 equidem
728 1662 834 1703 novam
858 1646 978 1705 auribus
1000 1645 1221 1702 consonantiam
1244 1641 1344 1700 inritis
1360 1640 1514 1701 obtrudere

169 1732 203 1792 de
226 1734 360 1810 proprio,
393 1750 541 1807 nunquam
564 1741 646 1791 tanta
668 1748 714 1789 me
737 1731 847 1808 gloriae
870 1732 1014 1810 cupiditas
1037 1733 1170 1804 incessit,
1197 1738 1230 1788 nt
1251 1739 1373 1808 naturae
1398 1730 1515 1789 obtrec-

168 1820 290 1879 tandum
313 1823 489 1892 censuerim,
518 1819 625 1878 suflicit
647 1819 733 1890 mihi,
765 1822 789 1877 si
814 1837 917 1878 causas
940 1836 1054 1890 corum,
1078 1836 1154 1895 quae
1177 1827 1281 1888 natqra
1303 1825 1460 1890 monstrat,
1486 1818 1514 1873 in

169 1907 234 1965 lnce
264 1923 371 1983 ponere
401 1924 527 1985 possum.
572 1908 693 1965 Frustra
723 1924 792 1982 ergo
822 1916 853 1965 tu
875 1908 946 1965 mihi
972 1906 1093 1979 adimis,
1128 1904 1207 1982 quod
1237 1905 1416 1982 comparatio
1450 1921 1516 1964 mea

170 1996 306 2070 nuspiam
329 1998 486 2071 arrogavit.
531 1994 644 2071 Negas,
667 2012 713 2053 me
737 1995 904 2055 harmoniae
927 2012 1009 2054 meac
1032 1997 1182 2054 materiam
1207 1993 1366 2072 secundum
1390 1995 1516 2068 promis-

170 2100 233 2140 sum
258 2099 274 2142 e
298 2100 391 2140 rerum
415 2095 518 2141 natura
540 2086 663 2152 eruisse,
687 2092 739 2140 aut
760 2101 778 2140 a
802 2082 996 2142 tundamentis
1019 2084 1204 2141 constituere.
1248 2079 1403 2139 Materiam
1426 2098 1515 2155 quam

170 2159 204 2228 tn
221 2169 303 2228 dicas
325 2170 494 2229 harmoniae
517 2187 571 2246 ego
596 2187 653 2234 non
677 2171 816 2244 conjicio,
840 2187 934 2246 neque
958 2170 993 2230 de
1016 2170 1185 2228 harmoniae
1208 2170 1331 2227 11111111
1354 2166 1515 2243 quidquam

175 2257 263 2332 hujus
286 2274 341 2333 ego
364 2260 493 2333 promisi,
527 2257 579 2317 sed
602 2257 658 2316 hoc
680 2275 725 2316 me
750 2259 876 2317 voluisse
900 2258 972 2318 liber
995 2259 1057 2336 ipse
1080 2258 1182 2316 tertius
1206 2263 1345 2326 testatur,
1374 2272 1419 2314 me
1442 2272 1514 2314 cau·

173 2361 240 2415 aas,
270 2361 321 2403 cur
343 2353 485 2404 certarum
508 2348 704 2420 quantitatum
722 2347 850 2418 termini,
873 2348 902 2402 iu
926 2360 1013 2404 voees
1035 2345 1183 2404 naturales
1206 2342 1377 2413 introducti,
1409 2343 1518 2403 faciant

128 2495 134 2502 ‚
172 2449 222 2490 eas
244 2448 421 2511 consonare,
452 2432 577 2492 aliarum
605 2435 800 2509 quantitatum
834 2434 946 2491 termini
976 2433 1032 2491 hoc
1054 2449 1111 2492 non
1134 2433 1258 2503 iaciant,
1289 2429 1376 2503 hujus
1400 2432 1517 2506 inquam
1607 2435 1613 2439 ’

173 2522 211 2578 111
236 2537 341 2579 causas
373 2539 420 2579 me
449 2537 582 2579 ererum
612 2529 717 2580 natura
744 2523 862 2581 eruisse.
906 2519 974 2579 Vin’
996 2523 1084 2595 igitur
1113 2526 1143 2577 tn
1173 2520 1263 2591 scire,
1297 2533 1373 2592 quae
1399 2519 1438 2576 sit
1468 2518 1519 2578 illa

172 2623 268 2666 rerum
290 2609 415 2667 naturai
461 2609 567 2666 Anima
598 2607 727 2667 hnmana
753 2625 820 2682 pars
848 2617 892 2667 est
915 2616 1049 2679 naturae,
1081 2609 1110 2664 in
1134 2608 1231 2665 anima
1260 2603 1372 2664 relucet
1392 2604 1517 2664 circulus

173 2711 235 2752 cum
259 2697 322 2756 suis
344 2693 536 2754 divisionibus
559 2713 610 2771 per
633 2696 777 2770 regularia
798 2695 905 2771 plana,
939 2705 1092 2773 propterca
1123 2695 1193 2770 quia
1214 2694 1329 2751 animus
1355 2699 1399 2751 est
1421 2693 1518 2768 imago

173 2782 246 2858 Dei;
271 2801 306 2843 cx
330 2782 473 2842 divisione
497 2782 611 2855 circuli,
643 2801 720 2860 quae
742 2783 775 2841 ht
796 2786 825 2841 in
849 2786 940 2862 ipsius
963 2785 1077 2842 animae
1107 2782 1234 2841 essentia
1261 2779 1421 2841 secundum
1445 2779 1519 2839 Pro·

172 2869 262 2941 111111,
295 2874 338 2929 111
360 2870 519 2931 Jambliehi
545 2872 735 2948 discipulum,
765 2868 981 2931 constituuntur
1002 2873 1116 2930 termini
1139 2870 1354 2928 harmoniarum
1386 2868 1519 2928 intellec·

173 2957 295 3016 tualium
319 2961 347 3016 in
370 2960 489 3031 mundo,
514 2968 545 3019 nt
567 2970 635 3018 tuus
658 2958 852 3032 lamblichus,
878 2959 1067 3036 intelligibili,
1091 2966 1124 3017 ut
1146 2974 1211 3034 ego,
1237 2959 1266 3014 in
1289 2964 1385 3017 mente
1409 2955 1518 3030 divina,

173 3046 257 3120 cujus
287 3048 435 3125 exemplar
464 3047 511 3106 hic
535 3056 579 3105 cst
600 3048 743 3120 humana,
775 3046 969 3107 characterem
997 3065 1091 3106 rernm
1121 3047 1361 3122 geometricerunr
1392 3043 1459 3103 inde
1482 3044 1520 3103 ah

174 3141 237 3191 ortu
260 3132 386 3193 hominis
408 3153 442 3193 ex
466 3136 626 3212 archetypo
660 3152 713 3193 suo
736 3137 872 3193 retinens.
919 3133 1066 3211 Amplius:
1097 3132 1214 3191 auditus
1242 3149 1310 3209 pars
1338 3140 1382 3190 est
1404 3134 1520 3191 animae

174 3230 354 3297 testaturque
377 3226 401 3279 is
425 3221 460 3281 de
483 3225 563 3282 sonis
585 3239 743 3297 eorumque
765 3224 986 3297 quantitatibus,
1012 3221 1520 3297 1111111111111111111111111111ὸ

176 3316 273 3366 sentat
295 3308 464 3368 intellectui.
510 3310 544 3368 ln
567 3310 660 3369 bissi
684 3312 829 3369 invenitur
849 3314 1017 3388 proportio,
1042 3312 1070 3365 in
1093 3306 1243 3367 intellectu
1263 3309 1325 3383 jam
1347 3307 1385 3366 ab
1409 3308 1521 3380 origine

176 3395 321 3471 relucens,
352 3400 415 3455 soni
439 3397 468 3455 hi
492 3406 646 3457 censentur
675 3397 851 3471 harmonici,
882 3397 950 3458 hinc
982 3400 1072 3456 oritur
1093 3395 1248 3454 delectatio
1277 3396 1314 3453 ab
1346 3397 1390 3453 iis.
1437 3392 1521 3453 Haec

176 3485 217 3541 sie
239 3484 269 3540 in
292 3501 406 3559 genere.
453 3483 521 3544 Jam
546 3488 575 3542 in
598 3488 703 3561 speeie,
727 3502 795 3561 pars
817 3492 940 3545 naturae
962 3502 1055 3543 rerum
1072 3481 1298 3557 intelligibilium
1322 3482 1521 3557 1111111131-

177 3571 245 3643 lum,
268 3588 335 3646 pars
358 3572 593 3649 quadrangulum
615 3581 645 3632 et
666 3574 708 3631 sic
731 3571 766 3631 de
789 3575 906 3643 ceteris,
931 3581 959 3631 et
982 3570 1132 3647 quodlibet
1156 3570 1307 3644 distinguit
1330 3567 1469 3627 circulum
1492 3570 1520 3625 in

178 3666 284 3735 partes,
309 3676 383 3734 quae
408 3659 480 3718 fiunt
502 3662 665 3736 quantitate
688 3677 739 3719 sen
761 3659 944 3735 longitudine
967 3677 1020 3718 sua
1043 3658 1155 3716 termini
1179 3658 1373 3734 proportionis
1396 3655 1521 3730 alicujus
1563 3661 1567 3669 '

177 3745 371 3804 harmonicae.
419 3747 463 3805 Ad
486 3765 636 3807 numerum
660 3749 915 3806 consonantiarum
937 3749 980 3805 sio
1002 3747 1192 3805 constitutum
1217 3750 1376 3819 sequnntur
1398 3742 1520 3820 reliqna,

177 3849 252 3908 quse
275 3835 373 3892 insunt
402 3834 431 3893 in
455 3843 541 3894 cantu
565 3835 709 3893 artificiali
731 3831 933 3917 naturaliafl)
977 3832 1046 3893 Jam
1075 3833 1116 3892 ito
1141 3840 1185 3903 tu,
1218 3831 1360 3903 Roberte,
1391 3839 1420 3888 ct
1442 3833 1522 3909 prins

178 3920 630 3999 1111111111111111111111,
662 3924 769 3982 subrue
798 3923 871 3981 haec
899 3922 1103 3993 fundamenta,
1134 3929 1194 3978 tum
1218 3918 1333 3978 demum
1356 3935 1445 3992 nega,
1475 3935 1521 3997 me
1554 3992 1557 4000 Α

175 4008 348 4082 promissum
369 4010 522 4086 implesse,
545 4009 716 4069 naturaliter
738 4012 924 4085 processisse.
970 4009 1076 4085 Negas,
1100 4025 1146 4067 me
1170 4006 1329 4083 quidquam
1345 4004 1384 4063 ad
1400 4010 1521 4063 naturae

177 4093 257 4170 leges
288 4096 472 4171 emendasse,
503 4099 704 4157 confusionem
731 4099 873 4157 evitasse:
904 4114 961 4155 non
992 4105 1069 4156 recte
1099 4113 1199 4171 negas.
1254 4092 1311 4168 Qui
1343 4094 1521 4168 quantitates

175 4185 429 4243 consonantiarum
453 4188 718 4261 concinnerumque
742 4185 879 4244 exscribit
902 4202 938 4244 cx
962 4186 1119 4256 veteribus,
1146 4185 1171 4239 is
1194 4180 1339 4240 interdum
1363 4180 1452 4238 aliem
1475 4181 1522 4236 in·
1581 4176 1584 4182 ’

160 4272 258 4337 ,venit
288 4274 499 4346 quantitatem,
531 4274 612 4361 verhj
643 4289 733 4332 causa
763 4274 909 4331 semitonii
937 4274 965 4329 in
997 4271 1135 4341 Platone,
1165 4268 1253 4328 111111
1284 4270 1312 4357 jn
1341 4266 1522 4326 Ptolemaeo.

178 4357 253 4432 lingo
277 4357 333 4417 1111
365 4358 524 4419 observans
554 4361 712 4436 exscriptor
742 4357 850 4435 duplex
873 4360 916 4417 ait
947 4376 1010 4418 esse
1033 4358 1230 4431 semitonium,
1254 4354 1377 4415 alterum
1399 4348 1521 4437 wlff„

177 4444 299 4505 alterurn
327 4440 412 4529 ¹⁵s„.
456 4448 504 4506 Ita
534 4452 660 4507 nascitur
693 4449 791 4525 opinio
824 4446 914 4520 salsa,
948 4448 1033 4522 quasi
1055 4452 1159 4504 natura
1185 4443 1291 4503 doceat
1323 4451 1352 4501 11
1383 4449 1524 4500 monstret

177 4540 339 4607 utrumque,
362 4537 520 4610 autquasi
543 4544 621 4595 recte
642 4538 808 4613 promiscuo
832 4552 887 4593 usu
913 4534 959 4593 111
982 4533 1038 4592 hoc
1060 4532 1108 4591 111
1122 4530 1195 4589 illud
1211 4530 1392 4590 adhibeatur.
1438 4528 1548 4599 Haec,
1583 4552 1593 4567 ’

178 4621 276 4695 itaque
299 4620 430 4680 conlusio
454 4623 598 4698 quaedam
622 4630 666 4680 est
687 4622 832 4681 Platonici
856 4623 1001 4681 sentitonii
1025 4637 1090 4680 cum
1106 4617 1240 4690 naturali,
1265 4634 1340 4693 quae
1364 4618 1457 4692 major
1479 4616 1521 4689 fit,

178 4707 312 4766 sietiam
334 4707 363 4766 id
386 4709 571 4787 adjungatur,
595 4709 673 4788 quod
695 4708 868 4785 relinquitur
890 4710 1020 4768 abscisso
1043 4704 1168 4766 naturali
1193 4700 1258 4785 rssffl
1281 4722 1300 4763 a
1322 4711 1393 4763 tono
1416 4705 1522 4779 majori

178 4787 232 4875 ⁸l„
256 4795 429 4871 relinquitur
451 4802 529 4859 enirn
554 4793 669 4881 1931135,
693 4800 878 4858 semitonium
894 4799 1064 4856 1111111111
1088 4794 1175 4853 diesis
1197 4791 1298 4867 major,
1322 4790 1402 4867 quod
1424 4801 1521 4851 tamen

179 4897 232 4960 ego
254 4881 449 4944 distinctionis
472 4902 564 4946 cansa
586 4892 615 4945 11
637 4892 669 4944 11
691 4885 823 4944 contusio
845 4887 953 4945 vitetur
982 4888 1089 4944 lemma
1111 4880 1202 4941 malui
1224 4878 1381 4960 appellare.
1421 4878 1522 4956 Quae·
