3567 5625
486 416 616 479 124
1375 397 1461 486 be
1495 429 1820 502 Figuratum
1855 436 2298 494 Harmonicarum

2279 617 2484 681 Tertio.
2519 636 2662 677 unus
2681 622 2980 692 trigonicus
3003 629 3062 678 et
3081 630 3197 680 tres

2099 699 2424 768 tetragonici
2471 701 2647 756 minus
2692 702 2899 757 habent
2941 704 2978 759 4
3011 705 3194 759 rectis.

2094 777 2199 831 Hic
2244 792 2373 845 ergo
2412 786 2721 849 congruunt
2768 782 2804 836 8
2836 781 3100 850 trianguli
3138 790 3194 837 et

2093 856 2165 911 18
2198 856 2271 919 (id
2307 862 2393 912 est
2432 858 2496 913 12
2534 868 2590 913 ct
2625 862 2676 921 6)
2709 860 3086 931 quadrangula
3119 862 3189 916 ad

1888 1001 1906 1023 s
2094 953 2261 992 unum
2284 935 2753 1008 icosihexaedrom
2791 939 2938 1009 quod
2970 941 3194 1010 appello

1816 1071 1852 1092 f
1912 1058 1992 1087 ,,
2096 1023 2362 1072 sectum
2432 1015 2788 1071 rhombum
2867 1019 3193 1075 cubocta-

1908 1087 1960 1160 ''¹'·'.'‘
1972 1094 1980 1144 ι’
1996 1091 2012 1173 ’,Ρ
2095 1096 2295 1154 endi-ic
2312 1111 2410 1150 um
2441 1093 2527 1149 vel
2552 1095 3191 1153 rhombicuboctaedron.

2095 1175 2282 1229 Pictus
2317 1181 2404 1228 est
2437 1173 2526 1226 hic
2562 1191 2787 1230 numero
2823 1177 2932 1232 23⁸.

2268 1253 2333 1307 In
2357 1252 2442 1307 his
2467 1251 2638 1323 igitur
2668 1254 2846 1310 tribus
2872 1261 3002 1311 sunt
3022 1262 3193 1311 tetra-

2095 1335 2223 1400 goni
2250 1335 2415 1401 juxta
2449 1336 2724 1402 trigenos:
2764 1334 3010 1403 sequitur
3039 1339 3104 1389 ut
3138 1345 3196 1391 et

2096 1413 2490 1481 pentagonicos
2509 1412 2577 1467 iis
2598 1414 2828 1470 seorsim
2844 1415 3191 1472 associemus.

1991 1551 2018 1578 ·
2269 1491 2525 1560 Quinque
2558 1491 2711 1561 plani
2744 1492 2997 1560 trigonici
3026 1494 3194 1562 juxta

476 1603 642 1642 nuum
678 1584 1097 1655 pentagonicum
1150 1595 1260 1635 non
1308 1583 1474 1645 stant,
1540 1576 1666 1643 quia
1701 1590 1880 1645 neque
1924 1575 2087 1643 juxta
2120 1573 2382 1627 minorem
2417 1585 2505 1638 eo,
2561 1571 2988 1641 tetragonicum,
3045 1581 3192 1627 stare

471 1671 742 1735 poterant.
816 1664 1068 1732 Quatuor
1121 1672 1249 1726 ergo
1302 1656 1555 1727 trigonici
1604 1673 1726 1712 cum
1773 1672 1880 1711 uno
1930 1652 2293 1725 pentagonico
2342 1650 2521 1704 minus
2574 1650 2825 1704 efficiunt
2868 1651 2904 1704 4
2938 1650 3099 1705 rectis
3137 1658 3194 1706 et

472 1748 778 1812 congruunt
813 1742 884 1797 80
920 1740 995 1808 (id
1033 1746 1119 1794 cst
1142 1739 1211 1792 20
1247 1744 1304 1792 et
1338 1737 1426 1803 60)
1462 1736 1661 1804 trigoni
1700 1751 1823 1789 cum
1870 1734 1934 1790 12
1959 1731 2302 1804 pentagonis,
2328 1728 2398 1783 ad
2424 1727 2770 1783 formandum
2794 1738 3191 1802 enneneconta·

469 1822 836 1892 kaedycdron,
874 1818 1022 1889 quod
1059 1817 1276 1888 appello
1313 1814 1804 1870 dodecaedron
1841 1813 2090 1868 simum.
2161 1809 2411 1879 Pingitur
2445 1806 2536 1861 hic
2587 1822 2813 1861 numero
2851 1809 2960 1863 23⁴.
3024 1809 3100 1864 Et
3133 1809 3188 1862 in

455 1903 574 1957 hoc
610 1899 799 1954 ordine
836 1900 1095 1953 simorum
1133 1894 1451 1952 icosaedron
1489 1901 1680 1963 posset
1716 1907 1839 1946 esse
1875 1891 2112 1958 tertium,
2149 1887 2295 1957 quod
2320 1894 2405 1941 est
2441 1889 2599 1956 qnasi
2633 1886 2949 1941 tetraedron
2977 1887 3189 1943 simum.

643 1978 781 2034 Tres
816 1979 1010 2047 planos
1047 1978 1344 2047 trigonicos
1393 1973 1440 2026 si
1475 1973 1570 2025 uni
1606 1969 1969 2040 pentagonico
2019 1965 2398 2031 associaveris,
2452 1965 2518 2020 fit
2550 1966 2696 2033 quod
2737 1981 2929 2033 supra,
2982 1973 3047 2021 ut
3083 1968 3189 2023 duo

468 2058 644 2113 solum
679 2057 1022 2127 pentagonici
1075 2055 1295 2110 veniant
1330 2054 1385 2106 in
1423 2050 1682 2118 solidum;
1737 2055 1792 2102 et
1832 2047 1878 2102 si
1933 2046 2072 2101 duos
2117 2046 2415 2115 trigonicos
2465 2045 2557 2098 uni
2598 2046 2992 2114 pentagonico‚
3043 2047 3191 2101 venit

470 2152 608 2192 unus
645 2135 795 2189 solus
832 2142 1175 2203 pentagonus
1211 2135 1267 2187 in
1305 2130 1562 2194 solidum,
1610 2127 1784 2195 fitque
1821 2126 1934 2180 illic
1969 2139 2108 2178 zona
2144 2123 2230 2177 vel
2268 2122 2522 2179 columna
2556 2123 2760 2193 media,
2809 2124 2900 2179 hic
2933 2126 3187 2210 pyramis,

465 2221 650 2284 partes
687 2212 951 2268 icosaedri
990 2213 1154 2284 (Pp),
1191 2227 1289 2265 nec
1326 2208 1512 2278 anguli
1545 2205 1704 2262 solidi
1742 2212 1871 2259 sunt
1908 2204 1998 2257 hic
2031 2201 2276 2270 ejusdem
2315 2203 2545 2273 speciei,
2592 2203 2720 2272 quia
2755 2217 2895 2259 unus
2932 2203 3184 2266 ambitur,

464 2302 525 2348 ut
560 2294 618 2348 in
651 2289 960 2360 icosaedro,
1017 2292 1258 2359 quinque
1306 2286 1602 2357 trigonicis.
1676 2285 1752 2339 Et
1796 2289 2129 2339 transactum
2166 2288 2253 2337 est
2298 2298 2423 2337 cum
2457 2282 2622 2337 unico
2665 2281 3046 2351 pentagonico.
3115 2284 3190 2339 At

725 2407 824 2455 Βία,
852 2403 940 2446 230.
1195 2376 1309 2422 tres
1346 2365 1596 2434 trigonici
1634 2382 1757 2420 cum
1796 2363 2006 2419 duobus
2042 2360 2418 2431 pentagonicis
2468 2362 2593 2430 pius
2639 2361 2886 2416 efficiunt
2920 2365 2956 2418 4
2989 2363 3170 2419 rectiS.

1131 2492 1136 2496 .
1202 2448 1559 2503 Transactum
1592 2445 1761 2517 igitur
1796 2449 1881 2499 est
1914 2459 2034 2498 cum
2071 2440 2245 2496 tribus
2269 2440 2547 2509 trigonicis
2575 2442 2632 2495 in
2656 2440 2972 2496 societatem
2995 2449 3183 2510 penta-

856 2507 1040 2611 ι
1202 2528 1515 2595 gonicorum
1566 2523 1948 2578 adsciscendis.
2019 2522 2143 2574 Duo
2193 2519 2444 2590 trigonici
2501 2536 2626 2574 cum
2667 2520 2880 2594 duobus
2925 2527 3185 2589 pentago-

1205 2607 1340 2661 nicis
1388 2605 1565 2659 minus
1605 2603 1848 2658 efficiunt
1894 2603 1926 2656 4
1967 2600 2146 2655 rectis.
2219 2600 2541 2669 congruunt
2575 2600 2741 2668 igitur
2787 2600 2857 2656 20
2890 2600 3092 2667 trigoni
3128 2607 3188 2655 et

1210 2684 1272 2740 12
1299 2682 1596 2752 pentagoni
1622 2681 1678 2735 in
1704 2696 1873 2735 unum
1891 2678 2530 2748 triacontakaedyedrom
2568 2680 2715 2747 quod
2741 2679 2959 2750 appello
2992 2679 3190 2736 icosi-

1203 2763 1237 2818 d
1253 2763 1332 2819 od
1348 2761 1702 2818 ecaedron.
1739 2761 1990 2828 Pingitur
2013 2759 2101 2814 hic
2122 2774 2353 2814 numero
2379 2758 2489 2814 2³³.
2531 2760 2665 2815 Cum
2687 2775 2798 2815 uno
2822 2761 3188 2830 pentagonico

1204 2842 1341 2897 duos
1376 2842 1674 2910 trigonicos
1704 2842 1818 2908 jam
1856 2840 2159 2908 rejecimus,
2197 2846 2531 2894 transactum
2567 2839 2734 2907 igitur
2774 2847 2860 2894 est
2898 2855 3020 2894 cum
3056 2838 3187 2894 duo·

1200 2920 1301 2976 bus
1338 2920 1585 2987 trigonis.

1374 3001 1529 3056 Unus
1563 2998 1863 3066 trigonicus
1901 3013 2026 3052 cum
2060 2996 2235 3052 tribus
2257 2998 2636 3067 pentagonicis
2670 2999 2799 3067 plus
2831 3016 2997 3068 quam
3023 3001 3057 3055 4
3075 3015 3189 3054 rec·

1196 3088 1284 3157 tos
1321 3079 1506 3145 efficit,
1545 3094 1669 3133 cum
1706 3077 1922 3132 duobus
1957 3091 2086 3130 vero
2121 3091 2222 3145 per
2255 3078 2342 3133 23.
2377 3077 2515 3132 nihil
2545 3079 2811 3147 regulare,
2850 3078 2978 3149 quia
2998 3087 3190 3149 penta·

1196 3174 1370 3230 gonus
1409 3162 1492 3213 est
1526 3155 1702 3223 figura
1735 3153 2119 3224 imparilatera.
2194 3155 2392 3224 Sicque
2415 3164 2754 3213 transactum
2790 3167 2876 3213 est
2900 3175 3023 3214 cum
3058 3175 3200 3228 pen-

461 3230 675 3294 tagonis
706 3233 767 3290 in
805 3239 1074 3296 societate
1114 3241 1470 3311 trigonorum.

638 3311 911 3384 Trigonici
950 3327 1195 3387 quatuor
1230 3337 1352 3374 cum
1389 3332 1497 3372 uno
1537 3312 1878 3382 hexagonico
1918 3319 1975 3367 et
2011 3311 2121 3367 duo
2157 3313 2533 3371 cum-duobus
2571 3314 2922 3385 hexagonicis
2966 3317 3195 3386 implent

462 3386 771 3463 planitiem3
814 3402 871 3450 at
906 3404 1019 3453 tres
1060 3416 1179 3454 cum
1220 3398 1434 3453 duobus
1470 3399 1600 3450 sunt
1635 3393 1874 3460 majores
1908 3393 1943 3445 4
1978 3392 2160 3461 rectis,
2195 3409 2317 3448 cum
2355 3409 2463 3448 uno
2491 3393 2832 3465 hexagonico
2869 3394 3006 3450 duos
3043 3396 3191 3453 solos

721 3502 818 3552 rig.
849 3502 936 3545 2³⁸.
1114 3510 1120 3521 ‹
1197 3479 1518 3546 hexagonos
1553 3473 1610 3526 in
1645 3470 1873 3538 figuram
1908 3471 2202 3539 recipiunt3
2242 3471 2458 3539 rejectis
2494 3473 2660 3540 igitur
2692 3473 2866 3528 tribus
2892 3474 3189 3549 trigonicis,

1202 3558 1311 3612 duo
1348 3562 1477 3610 sunt
1512 3551 1768 3621 aequales
1806 3549 1899 3604 uni
1932 3549 2296 3619 hexagonico,
2345 3565 2517 3619 quare
2557 3551 2751 3618 rejecti
2794 3567 2893 3621 per
2927 3552 3012 3607 22.
3078 3555 3189 3609 Re-

1201 3643 1310 3691 stat
1347 3642 1409 3688 ut
1443 3648 1585 3688 unus
1610 3631 1910 3702 trigonicus
1947 3646 2068 3685 cum
2096 3630 2317 3685 duobus
2332 3629 2688 3697 hexagonicis
2718 3631 3019 3700 copuletur.
3080 3634 3187 3688 Ita-

1199 3729 1304 3783 que
1342 3716 1649 3780 congruunt
1684 3717 1718 3762 4
1755 3708 1955 3777 trigoni
1991 3724 2114 3763 cum
2149 3709 2182 3762 4
2218 3708 2520 3777 hexagonis
2568 3710 2627 3763 in
2661 3725 2830 3764 unum
2867 3711 3189 3781 octaedron,

795 3836 864 3863 ὲ,-
892 3835 897 3843 .
928 3843 932 3863 Σ
960 3827 1048 3863 43:235„
1072 3851 1080 3863 ,„
1200 3791 1345 3861 quod
1371 3790 1588 3859 appello
1611 3795 1927 3843 truncum
1951 3788 2368 3843 tetraedron.
2405 3788 2655 3856 Pingitur
2677 3805 2902 3844 numero
2917 3789 3031 3847 23⁶.
3070 3792 3192 3846 Tri·

876 3867 888 3872 “
1199 3871 1376 3940 goniei
1413 3877 1649 3938 quatuor
1682 3885 1806 3923 cum
1845 3884 1952 3922 uno
1988 3864 2351 3935 heptagonico
2408 3873 2464 3921 et
2505 3866 2800 3934 maioribus
2848 3877 3113 3939 superant
3146 3872 3182 3924 4

1020 4012 1024 4016 ,
1052 4012 1055 4016 ,
1202 3956 1400 4018 rectos,
1439 3947 1590 4002 nulla
1625 3947 1790 4015 igitur
1819 3962 1982 4015 porro
2018 3946 2220 4000 mentio
2272 3945 2523 4000 facienda
2567 3951 2653 4000 est
2697 3953 2932 4014 quatuor
2967 3947 3190 4016 trigoni-

1028 4020 1046 4024 '⁴
1092 4028 1096 4032 ’
1201 4042 1418 4096 corum;
1455 4024 1605 4080 nulla
1641 4025 1805 4080 etiam
1844 4025 2022 4095 trium,
2060 4027 2131 4081 ob
2173 4041 2368 4083 causas
2395 4040 2560 4094 saepe
2595 4025 2887 4094 allegatas3
2925 4025 3031 4081 duo
3059 4042 3188 4082 yearo

1198 4121 1320 4160 cum
1355 4106 1653 4174 figurarum
1688 4103 1976 4173 hexagono
2014 4104 2278 4173 majorum
2317 4106 2459 4162 binis
2496 4105 2672 4175 planis
2709 4113 2970 4174 superant
3002 4105 3036 4159 4
3074 4121 3191 4162 rec·

1195 4194 1307 4253 tos,
1344 4184 1495 4240 nulla
1529 4180 1697 4248 igitur
1731 4197 1906 4251 neque
1941 4182 2171 4239 duorum
2206 4199 2371 4253 porro
2403 4192 2491 4240 est
2525 4184 2773 4240 facienda
2821 4184 3026 4240 mentio
3063 4201 3189 4240 cum

1201 4262 1551 4331 binis,planis
1587 4261 1794 4328 figurae
1832 4263 2067 4332 majoris,
2105 4278 2206 4318 nec
2232 4262 2471 4319 duorum‘
2498 4280 2620 4320 cum
2657 4278 2763 4317 uuo
2788 4262 2957 4330 plano
2975 4262 3189 4333 ,figurae

1205 4340 1442 4410 madoris,
1480 4341 1609 4408 quia
1642 4340 1720 4394 illi
1742 4348 2086 4410 superantur
2121 4346 2192 4400 ab
2229 4342 2351 4407 hoc,
2388 4343 2533 4412 quod
2572 4343 2832 4411 rejectum
2867 4350 2954 4397 est
2990 4361 3076 4398 ax.
3102 4345 3187 4400 22.

1088 4491 1090 4495 Α
1202 4422 1397 4476 Restat
1444 4419 1835 4476 examinandus
1888 4421 1978 4476 hic
2028 4436 2215 4490 casus,
2262 4438 2385 4476 cum
2431 4437 2571 4476 unus
2622 4419 2920 4488 trigonicus
2975 4419 3190 4477 duobus

712 4567 714 4570 ι
900 4535 1136 4571 ..
1200 4500 1376 4569 planis
1411 4500 1620 4570 figurae
1655 4500 1876 4569 majoris
1925 4500 2213 4569 hexagona
2250 4501 2565 4569 copulatur3
2611 4499 2765 4567 atqui
2813 4515 2935 4553 cum
2972 4499 3188 4557 duobus

567 4583 615 4619 ‘'-
684 4575 739 4599 ζ’
789 4571 1128 4652 ‘2:²³3*1ss³³fjjff³³152³
1199 4579 1576 4649 heptagonicis
1611 4579 1861 4647 rejicitur
1891 4595 1993 4649 per
2026 4579 2111 4648 23,
2164 4587 2226 4634 ut
2261 4585 2318 4635 et
2363 4595 2487 4633 cum
2523 4578 2760 4633 omnium
2797 4577 3190 4646 imparilatera·

865 4665 883 4688 ’-
960 4655 1117 4716 ..
1196 4673 1312 4711 rum
1350 4656 1581 4722 duobus,
1619 4671 1742 4711 cum
1763 4656 1976 4713 duobus
1994 4674 2121 4714 vero
2149 4659 2482 4728 octogonicis
2501 4658 2565 4712 fit
2586 4672 2801 4726 corpus,
2836 4657 2895 4711 in
2926 4671 3034 4726 quo
3060 4673 3186 4715 con·

1100 4732 1101 4735 ’
1199 4742 1401 4803 gruunt
1444 4736 1481 4791 8
1516 4735 1715 4802 trigoni
1758 4739 1816 4790 et
1860 4737 1894 4792 6
1929 4739 2178 4805 octogoni
2232 4740 2290 4795 in
2327 4755 2491 4794 unum
2540 4734 3186 4803 tessarakaedeensdron,

1206 4813 1354 4882 quod
1390 4813 1605 4883 appello
1645 4815 1890 4870 cubum
1938 4823 2273 4873 truncum.
2347 4817 2484 4884 Ejus
2521 4815 2748 4884 figuram
2798 4814 2971 4869 habes
3008 4814 3186 4884 signa-

1209 4900 1323 4949 tam
1357 4909 1502 4950 num.
1539 4893 1650 4950 23⁷.
1719 4896 1854 4952 Cum
1889 4894 2102 4954 duobus
2138 4895 2483 4965 decagonicis
2505 4895 2570 4951 fit
2593 4911 2808 4965 corpus,
2845 4896 2902 4951 in
2926 4910 3033 4965 quo
3058 4909 3187 4951 con·
