<?xml version="1.0" encoding="UTF-8"?>
<!DOCTYPE html PUBLIC "-//W3C//DTD XHTML 1.0 Transitional//EN"
    "http://www.w3.org/TR/xhtml1/DTD/xhtml1-transitional.dtd">
<html xmlns="http://www.w3.org/1999/xhtml" xml:lang="en" lang="en">
 <head>
  <title>
</title>
<meta http-equiv="Content-Type" content="text/html;charset=utf-8" />
  <meta name='ocr-system' content='tesseract 3.04.00' />
  <meta name='ocr-capabilities' content='ocr_page ocr_carea ocr_par ocr_line ocrx_word'/>
</head>
<body>
  <div class='ocr_page' id='page_1' title='image "./joanniskepleria24frisgoog_0160.png"; bbox 0 0 3567 5625; ppageno 0'>
   <div class='ocr_carea' id='block_1_1' title="bbox 251 427 1067 501">
    <p class='ocr_par' dir='ltr' id='par_1_1' title="bbox 251 427 1067 501">
     <span class='ocr_line' id='line_1_1' title="bbox 251 427 1067 501; baseline -0.012 -5"><span class='ocrx_word' id='word_1_1' title='bbox 251 430 313 496; x_wconf 85' lang='lat' dir='ltr'>rte</span> <span class='ocrx_word' id='word_1_2' title='bbox 784 429 827 485; x_wconf 85' lang='lat' dir='ltr'>De</span> <span class='ocrx_word' id='word_1_3' title='bbox 843 427 1067 501; x_wconf 80' lang='lat' dir='ltr'>Pmpertieuibss</span> 
     </span>
    </p>
   </div>
   <div class='ocr_carea' id='block_1_2' title="bbox 246 599 1601 1734">
    <p class='ocr_par' dir='ltr' id='par_1_2' title="bbox 246 599 1601 1734">
     <span class='ocr_line' id='line_1_2' title="bbox 248 599 1601 686; baseline -0.004 -21"><span class='ocrx_word' id='word_1_4' title='bbox 248 605 344 666; x_wconf 87' lang='lat' dir='ltr'>iecere</span> <span class='ocrx_word' id='word_1_5' title='bbox 365 609 507 683; x_wconf 87' lang='lat' dir='ltr'>petuisse,</span> <span class='ocrx_word' id='word_1_6' title='bbox 529 623 595 668; x_wconf 83' lang='lat' dir='ltr'>cum</span> <span class='ocrx_word' id='word_1_7' title='bbox 617 607 862 685; x_wconf 77' lang='lat' dir='ltr'>profundissimae</span> <span class='ocrx_word' id='word_1_8' title='bbox 884 607 1030 686; x_wconf 74' lang='lat' dir='ltr'>indaginis</span> <span class='ocrx_word' id='word_1_9' title='bbox 1050 606 1245 685; x_wconf 88' lang='lat' dir='ltr'>philosophus</span> <span class='ocrx_word' id='word_1_10' title='bbox 1265 607 1320 677; x_wconf 90' lang='lat' dir='ltr'>eit,</span> <span class='ocrx_word' id='word_1_11' title='bbox 1341 602 1398 662; x_wconf 88' lang='lat' dir='ltr'>ulei</span> <span class='ocrx_word' id='word_1_12' title='bbox 1420 599 1501 679; x_wconf 81' lang='lat' dir='ltr'>quod</span> <span class='ocrx_word' id='word_1_13' title='bbox 1522 601 1601 661; x_wconf 85' lang='lat' dir='ltr'>reri·</span> 
     </span>
     <span class='ocr_line' id='line_1_3' title="bbox 247 692 1601 773; baseline -0.004 -21"><span class='ocrx_word' id='word_1_14' title='bbox 247 693 352 768; x_wconf 89' lang='lat' dir='ltr'>simile,</span> <span class='ocrx_word' id='word_1_15' title='bbox 375 693 546 756; x_wconf 81' lang='lat' dir='ltr'>difficultate</span> <span class='ocrx_word' id='word_1_16' title='bbox 568 696 780 773; x_wconf 77' lang='lat' dir='ltr'>perquirendae</span> <span class='ocrx_word' id='word_1_17' title='bbox 803 715 910 758; x_wconf 82' lang='lat' dir='ltr'>causae</span> <span class='ocrx_word' id='word_1_18' title='bbox 941 697 1102 758; x_wconf 86' lang='lat' dir='ltr'>cohibitum</span> <span class='ocrx_word' id='word_1_19' title='bbox 1123 696 1229 767; x_wconf 80' lang='lat' dir='ltr'>luisse,</span> <span class='ocrx_word' id='word_1_20' title='bbox 1259 709 1319 772; x_wconf 86' lang='lat' dir='ltr'>quo</span> <span class='ocrx_word' id='word_1_21' title='bbox 1341 692 1437 750; x_wconf 91' lang='lat' dir='ltr'>minus</span> <span class='ocrx_word' id='word_1_22' title='bbox 1460 696 1601 767; x_wconf 82' lang='lat' dir='ltr'>quactum</span> 
     </span>
     <span class='ocr_line' id='line_1_4' title="bbox 250 778 1601 865; baseline -0.004 -26"><span class='ocrx_word' id='word_1_23' title='bbox 250 781 340 841; x_wconf 81' lang='lat' dir='ltr'>vellet</span> <span class='ocrx_word' id='word_1_24' title='bbox 361 789 543 859; x_wconf 82' lang='lat' dir='ltr'>penetraret,</span> <span class='ocrx_word' id='word_1_25' title='bbox 574 785 725 862; x_wconf 87' lang='lat' dir='ltr'>satiusque</span> <span class='ocrx_word' id='word_1_26' title='bbox 746 787 917 865; x_wconf 74' lang='lat' dir='ltr'>peruriess,</span> <span class='ocrx_word' id='word_1_27' title='bbox 942 783 1056 861; x_wconf 83' lang='lat' dir='ltr'>aliquid</span> <span class='ocrx_word' id='word_1_28' title='bbox 1076 784 1216 861; x_wconf 85' lang='lat' dir='ltr'>prodere,</span> <span class='ocrx_word' id='word_1_29' title='bbox 1247 797 1335 858; x_wconf 87' lang='lat' dir='ltr'>quarn</span> <span class='ocrx_word' id='word_1_30' title='bbox 1356 778 1473 856; x_wconf 89' lang='lat' dir='ltr'>penitus</span> <span class='ocrx_word' id='word_1_31' title='bbox 1495 784 1601 851; x_wconf 84' lang='lat' dir='ltr'>iacere,</span> 
     </span>
     <span class='ocr_line' id='line_1_5' title="bbox 248 864 1601 950; baseline -0.005 -20"><span class='ocrx_word' id='word_1_32' title='bbox 248 868 329 944; x_wconf 87' lang='lat' dir='ltr'>quod</span> <span class='ocrx_word' id='word_1_33' title='bbox 350 877 434 947; x_wconf 80' lang='lat' dir='ltr'>turpe</span> <span class='ocrx_word' id='word_1_34' title='bbox 456 870 632 948; x_wconf 90' lang='lat' dir='ltr'>philosophe</span> <span class='ocrx_word' id='word_1_35' title='bbox 655 889 720 932; x_wconf 88' lang='lat' dir='ltr'>esee</span> <span class='ocrx_word' id='word_1_36' title='bbox 749 870 894 935; x_wconf 85' lang='lat' dir='ltr'>dictitant.</span> <span class='ocrx_word' id='word_1_37' title='bbox 939 872 1015 931; x_wconf 88' lang='lat' dir='ltr'>Nam</span> <span class='ocrx_word' id='word_1_38' title='bbox 1037 889 1113 950; x_wconf 87' lang='lat' dir='ltr'>quae</span> <span class='ocrx_word' id='word_1_39' title='bbox 1141 887 1252 949; x_wconf 82' lang='lat' dir='ltr'>quaeso</span> <span class='ocrx_word' id='word_1_40' title='bbox 1280 867 1431 946; x_wconf 84' lang='lat' dir='ltr'>proportio</span> <span class='ocrx_word' id='word_1_41' title='bbox 1453 864 1601 924; x_wconf 77' lang='lat' dir='ltr'>titiletio·</span> 
     </span>
     <span class='ocr_line' id='line_1_6' title="bbox 247 952 1600 1035; baseline -0.003 -21"><span class='ocrx_word' id='word_1_42' title='bbox 247 959 292 1016; x_wconf 92' lang='lat' dir='ltr'>uis</span> <span class='ocrx_word' id='word_1_43' title='bbox 315 956 451 1031; x_wconf 82' lang='lat' dir='ltr'>auditus,</span> <span class='ocrx_word' id='word_1_44' title='bbox 464 960 508 1019; x_wconf 86' lang='lat' dir='ltr'>rei</span> <span class='ocrx_word' id='word_1_45' title='bbox 535 975 709 1035; x_wconf 86' lang='lat' dir='ltr'>corporeae,</span> <span class='ocrx_word' id='word_1_46' title='bbox 741 959 780 1019; x_wconf 87' lang='lat' dir='ltr'>sd</span> <span class='ocrx_word' id='word_1_47' title='bbox 803 958 1003 1022; x_wconf 77' lang='lat' dir='ltr'>incredibilem</span> <span class='ocrx_word' id='word_1_48' title='bbox 1032 959 1114 1018; x_wconf 90' lang='lat' dir='ltr'>illem</span> <span class='ocrx_word' id='word_1_49' title='bbox 1136 957 1332 1035; x_wconf 84' lang='lat' dir='ltr'>voluptatem,</span> <span class='ocrx_word' id='word_1_50' title='bbox 1362 970 1451 1029; x_wconf 85' lang='lat' dir='ltr'>quem</span> <span class='ocrx_word' id='word_1_51' title='bbox 1472 969 1509 1012; x_wconf 82' lang='lat' dir='ltr'>ex</span> <span class='ocrx_word' id='word_1_52' title='bbox 1531 952 1600 1010; x_wconf 90' lang='lat' dir='ltr'>har·</span> 
     </span>
     <span class='ocr_line' id='line_1_7' title="bbox 248 1041 1601 1125; baseline -0.004 -22"><span class='ocrx_word' id='word_1_53' title='bbox 248 1046 369 1104; x_wconf 85' lang='lat' dir='ltr'>muniris</span> <span class='ocrx_word' id='word_1_54' title='bbox 391 1049 697 1107; x_wconf 71' lang='lat' dir='ltr'>consonantiis‘intus</span> <span class='ocrx_word' id='word_1_55' title='bbox 719 1048 747 1106; x_wconf 86' lang='lat' dir='ltr'>ia</span> <span class='ocrx_word' id='word_1_56' title='bbox 770 1050 869 1108; x_wconf 89' lang='lat' dir='ltr'>auimo</span> <span class='ocrx_word' id='word_1_57' title='bbox 897 1047 1078 1125; x_wconf 74' lang='lat' dir='ltr'>penitissime</span> <span class='ocrx_word' id='word_1_58' title='bbox 1105 1043 1303 1123; x_wconf 78' lang='lat' dir='ltr'>percipimur?</span> <span class='ocrx_word' id='word_1_59' title='bbox 1345 1041 1464 1114; x_wconf 82' lang='lat' dir='ltr'>Nonne,</span> <span class='ocrx_word' id='word_1_60' title='bbox 1493 1041 1601 1116; x_wconf 82' lang='lat' dir='ltr'>siqua</span> 
     </span>
     <span class='ocr_line' id='line_1_8' title="bbox 249 1125 1601 1215; baseline -0.002 -27"><span class='ocrx_word' id='word_1_61' title='bbox 249 1132 390 1210; x_wconf 77' lang='lat' dir='ltr'>voluptas</span> <span class='ocrx_word' id='word_1_62' title='bbox 419 1142 463 1194; x_wconf 90' lang='lat' dir='ltr'>est</span> <span class='ocrx_word' id='word_1_63' title='bbox 486 1151 521 1194; x_wconf 85' lang='lat' dir='ltr'>ex</span> <span class='ocrx_word' id='word_1_64' title='bbox 544 1132 729 1215; x_wconf 77' lang='lat' dir='ltr'>titillatione,</span> <span class='ocrx_word' id='word_1_65' title='bbox 761 1135 797 1196; x_wconf 91' lang='lat' dir='ltr'>de</span> <span class='ocrx_word' id='word_1_66' title='bbox 826 1154 863 1197; x_wconf 85' lang='lat' dir='ltr'>ea</span> <span class='ocrx_word' id='word_1_67' title='bbox 892 1134 1046 1212; x_wconf 81' lang='lat' dir='ltr'>voluptate</span> <span class='ocrx_word' id='word_1_68' title='bbox 1073 1135 1182 1211; x_wconf 86' lang='lat' dir='ltr'>primas</span> <span class='ocrx_word' id='word_1_69' title='bbox 1210 1139 1291 1193; x_wconf 89' lang='lat' dir='ltr'>tenet</span> <span class='ocrx_word' id='word_1_70' title='bbox 1316 1128 1491 1200; x_wconf 80' lang='lat' dir='ltr'>membrum,</span> <span class='ocrx_word' id='word_1_71' title='bbox 1521 1125 1601 1204; x_wconf 85' lang='lat' dir='ltr'>quod</span> 
     </span>
     <span class='ocr_line' id='line_1_9' title="bbox 247 1217 1601 1284; baseline -0.005 -5"><span class='ocrx_word' id='word_1_72' title='bbox 247 1220 444 1280; x_wconf 86' lang='lat' dir='ltr'>titillationem</span> <span class='ocrx_word' id='word_1_73' title='bbox 466 1220 614 1282; x_wconf 75' lang='lat' dir='ltr'>ruminet?</span> <span class='ocrx_word' id='word_1_74' title='bbox 658 1220 709 1282; x_wconf 88' lang='lat' dir='ltr'>Sic</span> <span class='ocrx_word' id='word_1_75' title='bbox 736 1226 814 1283; x_wconf 89' lang='lat' dir='ltr'>euim</span> <span class='ocrx_word' id='word_1_76' title='bbox 835 1223 1018 1284; x_wconf 87' lang='lat' dir='ltr'>deliniendos</span> <span class='ocrx_word' id='word_1_77' title='bbox 1047 1222 1119 1282; x_wconf 89' lang='lat' dir='ltr'>mihi</span> <span class='ocrx_word' id='word_1_78' title='bbox 1148 1222 1230 1282; x_wconf 85' lang='lat' dir='ltr'>risus</span> <span class='ocrx_word' id='word_1_79' title='bbox 1252 1225 1298 1280; x_wconf 92' lang='lat' dir='ltr'>est</span> <span class='ocrx_word' id='word_1_80' title='bbox 1327 1233 1431 1279; x_wconf 90' lang='lat' dir='ltr'>seusus</span> <span class='ocrx_word' id='word_1_81' title='bbox 1452 1218 1547 1275; x_wconf 84' lang='lat' dir='ltr'>omnis</span> <span class='ocrx_word' id='word_1_82' title='bbox 1570 1217 1601 1272; x_wconf 88' lang='lat' dir='ltr'>iu</span> 
     </span>
     <span class='ocr_line' id='line_1_10' title="bbox 246 1303 1601 1387; baseline -0.003 -21"><span class='ocrx_word' id='word_1_83' title='bbox 246 1307 621 1383; x_wconf 60' lang='lat' dir='ltr'>Dispensatorem),</span> <span class='ocrx_word' id='word_1_84' title='bbox 649 1310 729 1387; x_wconf 89' lang='lat' dir='ltr'>qued</span> <span class='ocrx_word' id='word_1_85' title='bbox 752 1327 788 1370; x_wconf 88' lang='lat' dir='ltr'>ea</span> <span class='ocrx_word' id='word_1_86' title='bbox 810 1310 927 1372; x_wconf 88' lang='lat' dir='ltr'>demum</span> <span class='ocrx_word' id='word_1_87' title='bbox 959 1311 999 1369; x_wconf 89' lang='lat' dir='ltr'>sit</span> <span class='ocrx_word' id='word_1_88' title='bbox 1027 1309 1165 1372; x_wconf 87' lang='lat' dir='ltr'>absoluta</span> <span class='ocrx_word' id='word_1_89' title='bbox 1197 1308 1309 1378; x_wconf 86' lang='lat' dir='ltr'>sensio,</span> <span class='ocrx_word' id='word_1_90' title='bbox 1341 1303 1521 1380; x_wconf 85' lang='lat' dir='ltr'>voluptatem</span> <span class='ocrx_word' id='word_1_91' title='bbox 1548 1310 1601 1362; x_wconf 87' lang='lat' dir='ltr'>aut</span> 
     </span>
     <span class='ocr_line' id='line_1_11' title="bbox 247 1389 1600 1474; baseline -0.001 -22"><span class='ocrx_word' id='word_1_92' title='bbox 247 1393 378 1456; x_wconf 87' lang='lat' dir='ltr'>dolorem</span> <span class='ocrx_word' id='word_1_93' title='bbox 401 1397 527 1473; x_wconf 88' lang='lat' dir='ltr'>parisus,</span> <span class='ocrx_word' id='word_1_94' title='bbox 551 1413 617 1456; x_wconf 83' lang='lat' dir='ltr'>eum</span> <span class='ocrx_word' id='word_1_95' title='bbox 639 1399 752 1474; x_wconf 86' lang='lat' dir='ltr'>species</span> <span class='ocrx_word' id='word_1_96' title='bbox 775 1400 896 1459; x_wconf 85' lang='lat' dir='ltr'>membri</span> <span class='ocrx_word' id='word_1_97' title='bbox 918 1399 1048 1457; x_wconf 90' lang='lat' dir='ltr'>seusioui</span> <span class='ocrx_word' id='word_1_98' title='bbox 1071 1397 1218 1468; x_wconf 86' lang='lat' dir='ltr'>destinati,</span> <span class='ocrx_word' id='word_1_99' title='bbox 1241 1402 1275 1453; x_wconf 90' lang='lat' dir='ltr'>ut</span> <span class='ocrx_word' id='word_1_100' title='bbox 1291 1393 1321 1451; x_wconf 92' lang='lat' dir='ltr'>id</span> <span class='ocrx_word' id='word_1_101' title='bbox 1337 1400 1382 1452; x_wconf 92' lang='lat' dir='ltr'>est</span> <span class='ocrx_word' id='word_1_102' title='bbox 1403 1391 1538 1451; x_wconf 74' lang='lat' dir='ltr'>affectam</span> <span class='ocrx_word' id='word_1_103' title='bbox 1561 1389 1600 1450; x_wconf 85' lang='lat' dir='ltr'>ab</span> 
     </span>
     <span class='ocr_line' id='line_1_12' title="bbox 247 1479 1598 1557; baseline -0.003 -16"><span class='ocrx_word' id='word_1_104' title='bbox 247 1489 367 1542; x_wconf 84' lang='lat' dir='ltr'>externa</span> <span class='ocrx_word' id='word_1_105' title='bbox 387 1500 428 1557; x_wconf 91' lang='lat' dir='ltr'>re,</span> <span class='ocrx_word' id='word_1_106' title='bbox 452 1485 533 1544; x_wconf 87' lang='lat' dir='ltr'>veuit</span> <span class='ocrx_word' id='word_1_107' title='bbox 554 1485 710 1544; x_wconf 87' lang='lat' dir='ltr'>introrsum</span> <span class='ocrx_word' id='word_1_108' title='bbox 732 1485 770 1544; x_wconf 89' lang='lat' dir='ltr'>ad</span> <span class='ocrx_word' id='word_1_109' title='bbox 794 1504 898 1547; x_wconf 88' lang='lat' dir='ltr'>sensus</span> <span class='ocrx_word' id='word_1_110' title='bbox 921 1486 1084 1545; x_wconf 91' lang='lat' dir='ltr'>eommunis</span> <span class='ocrx_word' id='word_1_111' title='bbox 1104 1483 1232 1544; x_wconf 84' lang='lat' dir='ltr'>tribunal</span> <span class='ocrx_word' id='word_1_112' title='bbox 1256 1486 1420 1544; x_wconf 72' lang='lat' dir='ltr'>commeatu</span> <span class='ocrx_word' id='word_1_113' title='bbox 1434 1479 1598 1556; x_wconf 88' lang='lat' dir='ltr'>spirituum.</span> 
     </span>
     <span class='ocr_line' id='line_1_13' title="bbox 247 1567 1599 1645; baseline -0.003 -16"><span class='ocrx_word' id='word_1_114' title='bbox 247 1567 317 1629; x_wconf 86' lang='lat' dir='ltr'>Jam</span> <span class='ocrx_word' id='word_1_115' title='bbox 341 1586 411 1630; x_wconf 85' lang='lat' dir='ltr'>vero</span> <span class='ocrx_word' id='word_1_116' title='bbox 432 1573 462 1628; x_wconf 90' lang='lat' dir='ltr'>in</span> <span class='ocrx_word' id='word_1_117' title='bbox 485 1568 637 1633; x_wconf 87' lang='lat' dir='ltr'>auditione</span> <span class='ocrx_word' id='word_1_118' title='bbox 660 1576 883 1633; x_wconf 84' lang='lat' dir='ltr'>consonantium</span> <span class='ocrx_word' id='word_1_119' title='bbox 907 1589 1013 1634; x_wconf 89' lang='lat' dir='ltr'>recum</span> <span class='ocrx_word' id='word_1_120' title='bbox 1035 1572 1083 1633; x_wconf 89' lang='lat' dir='ltr'>rel</span> <span class='ocrx_word' id='word_1_121' title='bbox 1105 1588 1243 1632; x_wconf 86' lang='lat' dir='ltr'>sonorum</span> <span class='ocrx_word' id='word_1_122' title='bbox 1271 1585 1347 1645; x_wconf 86' lang='lat' dir='ltr'>quse</span> <span class='ocrx_word' id='word_1_123' title='bbox 1370 1583 1480 1644; x_wconf 88' lang='lat' dir='ltr'>quaeso</span> <span class='ocrx_word' id='word_1_124' title='bbox 1501 1573 1599 1643; x_wconf 90' lang='lat' dir='ltr'>partes</span> 
     </span>
     <span class='ocr_line' id='line_1_14' title="bbox 247 1652 1599 1734; baseline -0.001 -21"><span class='ocrx_word' id='word_1_125' title='bbox 247 1655 418 1734; x_wconf 78' lang='lat' dir='ltr'>voluptatis,</span> <span class='ocrx_word' id='word_1_126' title='bbox 440 1660 468 1715; x_wconf 90' lang='lat' dir='ltr'>in</span> <span class='ocrx_word' id='word_1_127' title='bbox 496 1659 617 1719; x_wconf 84' lang='lat' dir='ltr'>auribus</span> <span class='ocrx_word' id='word_1_128' title='bbox 645 1658 794 1721; x_wconf 79' lang='lat' dir='ltr'>haerent?</span> <span class='ocrx_word' id='word_1_129' title='bbox 837 1661 942 1722; x_wconf 81' lang='lat' dir='ltr'>Nouus</span> <span class='ocrx_word' id='word_1_130' title='bbox 969 1659 1102 1721; x_wconf 89' lang='lat' dir='ltr'>dolemus</span> <span class='ocrx_word' id='word_1_131' title='bbox 1127 1658 1274 1720; x_wconf 89' lang='lat' dir='ltr'>interdum</span> <span class='ocrx_word' id='word_1_132' title='bbox 1301 1657 1340 1716; x_wconf 89' lang='lat' dir='ltr'>ab</span> <span class='ocrx_word' id='word_1_133' title='bbox 1362 1654 1499 1726; x_wconf 89' lang='lat' dir='ltr'>auribus,</span> <span class='ocrx_word' id='word_1_134' title='bbox 1530 1652 1599 1712; x_wconf 89' lang='lat' dir='ltr'>dum</span> 
     </span>
    </p>
   </div>
   <div class='ocr_carea' id='block_1_3' title="bbox 246 1740 1705 1828">
    <p class='ocr_par' dir='ltr' id='par_1_3' title="bbox 246 1740 1705 1828">
     <span class='ocr_line' id='line_1_15' title="bbox 246 1740 1705 1828; baseline 0.001 -27"><span class='ocrx_word' id='word_1_135' title='bbox 246 1742 392 1828; x_wconf 86' lang='lat' dir='ltr'>inhiamus</span> <span class='ocrx_word' id='word_1_136' title='bbox 414 1744 483 1805; x_wconf 91' lang='lat' dir='ltr'>huic</span> <span class='ocrx_word' id='word_1_137' title='bbox 505 1745 658 1822; x_wconf 74' lang='lat' dir='ltr'>auersere,</span> <span class='ocrx_word' id='word_1_138' title='bbox 681 1754 711 1808; x_wconf 88' lang='lat' dir='ltr'>et</span> <span class='ocrx_word' id='word_1_139' title='bbox 732 1766 852 1808; x_wconf 81' lang='lat' dir='ltr'>manem</span> <span class='ocrx_word' id='word_1_140' title='bbox 868 1750 1044 1826; x_wconf 86' lang='lat' dir='ltr'>opponimus</span> <span class='ocrx_word' id='word_1_141' title='bbox 1058 1747 1245 1825; x_wconf 68' lang='lat' dir='ltr'>clangoribus</span> <span class='ocrx_word' id='word_1_142' title='bbox 1258 1745 1365 1816; x_wconf 88' lang='lat' dir='ltr'>nimiis,</span> <span class='ocrx_word' id='word_1_143' title='bbox 1387 1740 1480 1801; x_wconf 86' lang='lat' dir='ltr'>nihilo</span> <span class='ocrx_word' id='word_1_144' title='bbox 1501 1748 1599 1801; x_wconf 80' lang='lat' dir='ltr'>tanam</span> <span class='ocrx_word' id='word_1_145' title='bbox 1702 1807 1705 1814; x_wconf 68' lang='grc'>,</span> 
     </span>
    </p>
   </div>
   <div class='ocr_carea' id='block_1_4' title="bbox 245 1827 1599 2001">
    <p class='ocr_par' dir='ltr' id='par_1_4' title="bbox 245 1827 1599 2001">
     <span class='ocr_line' id='line_1_16' title="bbox 245 1827 1599 1912; baseline -0.002 -20"><span class='ocrx_word' id='word_1_146' title='bbox 245 1833 342 1891; x_wconf 88' lang='lat' dir='ltr'>miuus</span> <span class='ocrx_word' id='word_1_147' title='bbox 363 1835 513 1908; x_wconf 78' lang='lat' dir='ltr'>pergimus</span> <span class='ocrx_word' id='word_1_148' title='bbox 535 1832 573 1893; x_wconf 90' lang='lat' dir='ltr'>ad</span> <span class='ocrx_word' id='word_1_149' title='bbox 594 1835 797 1912; x_wconf 77' lang='lat' dir='ltr'>percipiendae</span> <span class='ocrx_word' id='word_1_150' title='bbox 820 1839 1028 1897; x_wconf 87' lang='lat' dir='ltr'>consonantias</span> <span class='ocrx_word' id='word_1_151' title='bbox 1056 1842 1086 1897; x_wconf 90' lang='lat' dir='ltr'>et</span> <span class='ocrx_word' id='word_1_152' title='bbox 1113 1851 1163 1896; x_wconf 86' lang='lat' dir='ltr'>eor</span> <span class='ocrx_word' id='word_1_153' title='bbox 1184 1834 1271 1893; x_wconf 80' lang='lat' dir='ltr'>nobie</span> <span class='ocrx_word' id='word_1_154' title='bbox 1299 1828 1470 1890; x_wconf 73' lang='lat' dir='ltr'>subsultet?</span> <span class='ocrx_word' id='word_1_155' title='bbox 1515 1827 1599 1890; x_wconf 77' lang='lat' dir='ltr'>Adde</span> 
     </span>
     <span class='ocr_line' id='line_1_17' title="bbox 247 1918 1599 2001; baseline 0 -25"><span class='ocrx_word' id='word_1_156' title='bbox 247 1918 328 1995; x_wconf 90' lang='lat' dir='ltr'>quod</span> <span class='ocrx_word' id='word_1_157' title='bbox 350 1918 424 1980; x_wconf 84' lang='lat' dir='ltr'>haee</span> <span class='ocrx_word' id='word_1_158' title='bbox 446 1921 520 1980; x_wconf 90' lang='lat' dir='ltr'>ratio</span> <span class='ocrx_word' id='word_1_159' title='bbox 542 1939 562 1979; x_wconf 90' lang='lat' dir='ltr'>a</span> <span class='ocrx_word' id='word_1_160' title='bbox 583 1929 665 1981; x_wconf 91' lang='lat' dir='ltr'>motu</span> <span class='ocrx_word' id='word_1_161' title='bbox 688 1923 815 1984; x_wconf 89' lang='lat' dir='ltr'>deducta</span> <span class='ocrx_word' id='word_1_162' title='bbox 837 1925 992 2001; x_wconf 88' lang='lat' dir='ltr'>potissima</span> <span class='ocrx_word' id='word_1_163' title='bbox 1014 1930 1059 1984; x_wconf 92' lang='lat' dir='ltr'>est</span> <span class='ocrx_word' id='word_1_164' title='bbox 1081 1925 1110 1980; x_wconf 90' lang='lat' dir='ltr'>in</span> <span class='ocrx_word' id='word_1_165' title='bbox 1127 1924 1271 1992; x_wconf 89' lang='lat' dir='ltr'>unisono,</span> <span class='ocrx_word' id='word_1_166' title='bbox 1294 1919 1427 1978; x_wconf 80' lang='lat' dir='ltr'>suavitas</span> <span class='ocrx_word' id='word_1_167' title='bbox 1446 1933 1517 1976; x_wconf 82' lang='lat' dir='ltr'>rere</span> <span class='ocrx_word' id='word_1_168' title='bbox 1540 1934 1599 1976; x_wconf 90' lang='lat' dir='ltr'>nou</span> 
     </span>
    </p>
   </div>
   <div class='ocr_carea' id='block_1_5' title="bbox 136 2004 1599 2086">
    <p class='ocr_par' dir='ltr' id='par_1_5' title="bbox 136 2004 1599 2086">
     <span class='ocr_line' id='line_1_18' title="bbox 136 2004 1599 2086; baseline -0.005 -14"><span class='ocrx_word' id='word_1_169' title='bbox 136 2065 139 2072; x_wconf 29' lang='grc' dir='ltr'>ι</span> <span class='ocrx_word' id='word_1_170' title='bbox 245 2009 404 2085; x_wconf 88' lang='lat' dir='ltr'>praecipua</span> <span class='ocrx_word' id='word_1_171' title='bbox 426 2010 454 2065; x_wconf 87' lang='lat' dir='ltr'>iu</span> <span class='ocrx_word' id='word_1_172' title='bbox 479 2010 613 2080; x_wconf 85' lang='lat' dir='ltr'>unisono,</span> <span class='ocrx_word' id='word_1_173' title='bbox 636 2009 740 2069; x_wconf 88' lang='lat' dir='ltr'>sedin</span> <span class='ocrx_word' id='word_1_174' title='bbox 764 2011 832 2071; x_wconf 87' lang='lat' dir='ltr'>eliis</span> <span class='ocrx_word' id='word_1_175' title='bbox 846 2012 1046 2071; x_wconf 72' lang='lat' dir='ltr'>consonantiis</span> <span class='ocrx_word' id='word_1_176' title='bbox 1068 2026 1228 2086; x_wconf 83' lang='lat' dir='ltr'>earumque</span> <span class='ocrx_word' id='word_1_177' title='bbox 1247 2007 1467 2080; x_wconf 79' lang='lat' dir='ltr'>compositione</span> <span class='ocrx_word' id='word_1_178' title='bbox 1503 2004 1599 2064; x_wconf 85' lang='lat' dir='ltr'>Multa</span> 
     </span>
    </p>
   </div>
   <div class='ocr_carea' id='block_1_6' title="bbox 197 2095 1598 3226">
    <p class='ocr_par' dir='ltr' id='par_1_6' title="bbox 197 2095 1598 2881">
     <span class='ocr_line' id='line_1_19' title="bbox 244 2095 1597 2170; baseline -0.005 -15"><span class='ocrx_word' id='word_1_179' title='bbox 244 2103 366 2170; x_wconf 89' lang='lat' dir='ltr'>possent</span> <span class='ocrx_word' id='word_1_180' title='bbox 386 2095 481 2155; x_wconf 80' lang='lat' dir='ltr'>afferri</span> <span class='ocrx_word' id='word_1_181' title='bbox 504 2095 542 2155; x_wconf 89' lang='lat' dir='ltr'>sd</span> <span class='ocrx_word' id='word_1_182' title='bbox 564 2096 771 2158; x_wconf 89' lang='lat' dir='ltr'>destruendam</span> <span class='ocrx_word' id='word_1_183' title='bbox 793 2098 870 2159; x_wconf 91' lang='lat' dir='ltr'>banc</span> <span class='ocrx_word' id='word_1_184' title='bbox 891 2098 1012 2158; x_wconf 88' lang='lat' dir='ltr'>allatam</span> <span class='ocrx_word' id='word_1_185' title='bbox 1034 2101 1177 2158; x_wconf 88' lang='lat' dir='ltr'>rationem</span> <span class='ocrx_word' id='word_1_186' title='bbox 1200 2095 1356 2156; x_wconf 82' lang='lat' dir='ltr'>maritatis</span> <span class='ocrx_word' id='word_1_187' title='bbox 1379 2109 1415 2151; x_wconf 85' lang='lat' dir='ltr'>ex</span> <span class='ocrx_word' id='word_1_188' title='bbox 1431 2108 1597 2152; x_wconf 86' lang='lat' dir='ltr'>consenan-</span> 
     </span>
     <span class='ocr_line' id='line_1_20' title="bbox 244 2179 1595 2262; baseline -0.001 -23"><span class='ocrx_word' id='word_1_189' title='bbox 244 2182 303 2255; x_wconf 89' lang='lat' dir='ltr'>tiis,</span> <span class='ocrx_word' id='word_1_190' title='bbox 325 2199 401 2258; x_wconf 80' lang='lat' dir='ltr'>quae</span> <span class='ocrx_word' id='word_1_191' title='bbox 425 2184 507 2243; x_wconf 91' lang='lat' dir='ltr'>mitto</span> <span class='ocrx_word' id='word_1_192' title='bbox 530 2186 561 2242; x_wconf 92' lang='lat' dir='ltr'>in</span> <span class='ocrx_word' id='word_1_193' title='bbox 583 2202 721 2262; x_wconf 90' lang='lat' dir='ltr'>praeseus</span> <span class='ocrx_word' id='word_1_194' title='bbox 745 2189 887 2246; x_wconf 88' lang='lat' dir='ltr'>curiosius</span> <span class='ocrx_word' id='word_1_195' title='bbox 910 2186 1106 2261; x_wconf 72' lang='lat' dir='ltr'>conscribere,</span> <span class='ocrx_word' id='word_1_196' title='bbox 1129 2182 1203 2243; x_wconf 90' lang='lat' dir='ltr'>iilud</span> <span class='ocrx_word' id='word_1_197' title='bbox 1225 2186 1343 2243; x_wconf 88' lang='lat' dir='ltr'>uuieum</span> <span class='ocrx_word' id='word_1_198' title='bbox 1358 2179 1482 2252; x_wconf 89' lang='lat' dir='ltr'>inculco,</span> <span class='ocrx_word' id='word_1_199' title='bbox 1507 2179 1595 2255; x_wconf 92' lang='lat' dir='ltr'>qnod,</span> 
     </span>
     <span class='ocr_line' id='line_1_21' title="bbox 242 2268 1597 2350; baseline -0.003 -21"><span class='ocrx_word' id='word_1_200' title='bbox 242 2269 306 2345; x_wconf 87' lang='lat' dir='ltr'>jam</span> <span class='ocrx_word' id='word_1_201' title='bbox 327 2286 417 2347; x_wconf 91' lang='lat' dir='ltr'>supra</span> <span class='ocrx_word' id='word_1_202' title='bbox 438 2277 550 2330; x_wconf 87' lang='lat' dir='ltr'>iactum</span> <span class='ocrx_word' id='word_1_203' title='bbox 572 2291 591 2331; x_wconf 91' lang='lat' dir='ltr'>a</span> <span class='ocrx_word' id='word_1_204' title='bbox 613 2291 670 2346; x_wconf 89' lang='lat' dir='ltr'>me,</span> <span class='ocrx_word' id='word_1_205' title='bbox 691 2276 788 2350; x_wconf 87' lang='lat' dir='ltr'>possit</span> <span class='ocrx_word' id='word_1_206' title='bbox 809 2292 875 2334; x_wconf 90' lang='lat' dir='ltr'>esse</span> <span class='ocrx_word' id='word_1_207' title='bbox 898 2274 964 2333; x_wconf 92' lang='lat' dir='ltr'>loco</span> <span class='ocrx_word' id='word_1_208' title='bbox 988 2275 1127 2346; x_wconf 89' lang='lat' dir='ltr'>omnium,</span> <span class='ocrx_word' id='word_1_209' title='bbox 1151 2268 1231 2349; x_wconf 85' lang='lat' dir='ltr'>quod</span> <span class='ocrx_word' id='word_1_210' title='bbox 1246 2287 1337 2348; x_wconf 87' lang='lat' dir='ltr'>opera</span> <span class='ocrx_word' id='word_1_211' title='bbox 1351 2275 1507 2344; x_wconf 88' lang='lat' dir='ltr'>motusque</span> <span class='ocrx_word' id='word_1_212' title='bbox 1530 2284 1597 2327; x_wconf 90' lang='lat' dir='ltr'>cor-</span> 
     </span>
     <span class='ocr_line' id='line_1_22' title="bbox 244 2355 1597 2436; baseline -0.014 -4"><span class='ocrx_word' id='word_1_213' title='bbox 244 2374 364 2434; x_wconf 63' lang='lat' dir='ltr'>titum,</span> <span class='ocrx_word' id='word_1_214' title='bbox 396 2358 502 2418; x_wconf 63' lang='lat' dir='ltr'>ermuli</span> <span class='ocrx_word' id='word_1_215' title='bbox 529 2362 751 2436; x_wconf 86' lang='lat' dir='ltr'>proportionum</span> <span class='ocrx_word' id='word_1_216' title='bbox 780 2361 1029 2435; x_wconf 73' lang='lat' dir='ltr'>harmonicam,</span> <span class='ocrx_word' id='word_1_217' title='bbox 1056 2363 1095 2421; x_wconf 88' lang='lat' dir='ltr'>ab</span> <span class='ocrx_word' id='word_1_218' title='bbox 1125 2361 1241 2420; x_wconf 89' lang='lat' dir='ltr'>animae</span> <span class='ocrx_word' id='word_1_219' title='bbox 1269 2357 1434 2431; x_wconf 85' lang='lat' dir='ltr'>mentisque</span> <span class='ocrx_word' id='word_1_220' title='bbox 1464 2355 1597 2431; x_wconf 85' lang='lat' dir='ltr'>pertibus</span> 
     </span>
     <span class='ocr_line' id='line_1_23' title="bbox 244 2442 1598 2526; baseline -0.001 -23"><span class='ocrx_word' id='word_1_221' title='bbox 244 2452 330 2518; x_wconf 90' lang='lat' dir='ltr'>stent,</span> <span class='ocrx_word' id='word_1_222' title='bbox 354 2446 390 2503; x_wconf 92' lang='lat' dir='ltr'>iis</span> <span class='ocrx_word' id='word_1_223' title='bbox 413 2463 533 2505; x_wconf 63' lang='lat' dir='ltr'>cusam</span> <span class='ocrx_word' id='word_1_224' title='bbox 556 2449 748 2526; x_wconf 82' lang='lat' dir='ltr'>assignantes,</span> <span class='ocrx_word' id='word_1_225' title='bbox 772 2466 824 2509; x_wconf 89' lang='lat' dir='ltr'>our</span> <span class='ocrx_word' id='word_1_226' title='bbox 845 2451 1055 2510; x_wconf 81' lang='lat' dir='ltr'>consonantiae</span> <span class='ocrx_word' id='word_1_227' title='bbox 1082 2448 1237 2509; x_wconf 82' lang='lat' dir='ltr'>delectent</span> <span class='ocrx_word' id='word_1_228' title='bbox 1280 2443 1343 2504; x_wconf 86' lang='lat' dir='ltr'>Nec</span> <span class='ocrx_word' id='word_1_229' title='bbox 1365 2442 1501 2502; x_wconf 89' lang='lat' dir='ltr'>abhorret</span> <span class='ocrx_word' id='word_1_230' title='bbox 1523 2460 1598 2502; x_wconf 87' lang='lat' dir='ltr'>auc·</span> 
     </span>
     <span class='ocr_line' id='line_1_24' title="bbox 244 2530 1596 2612; baseline -0.003 -20"><span class='ocrx_word' id='word_1_231' title='bbox 244 2534 348 2592; x_wconf 88' lang='lat' dir='ltr'>toritas</span> <span class='ocrx_word' id='word_1_232' title='bbox 369 2541 519 2606; x_wconf 87' lang='lat' dir='ltr'>veterum,</span> <span class='ocrx_word' id='word_1_233' title='bbox 543 2537 593 2609; x_wconf 90' lang='lat' dir='ltr'>qui</span> <span class='ocrx_word' id='word_1_234' title='bbox 617 2538 745 2597; x_wconf 89' lang='lat' dir='ltr'>animem</span> <span class='ocrx_word' id='word_1_235' title='bbox 768 2553 845 2597; x_wconf 89' lang='lat' dir='ltr'>nune</span> <span class='ocrx_word' id='word_1_236' title='bbox 866 2542 994 2612; x_wconf 88' lang='lat' dir='ltr'>motum,</span> <span class='ocrx_word' id='word_1_237' title='bbox 1012 2553 1101 2598; x_wconf 72' lang='lat' dir='ltr'>‘uuue</span> <span class='ocrx_word' id='word_1_238' title='bbox 1122 2534 1304 2595; x_wconf 82' lang='lat' dir='ltr'>harmoniam</span> <span class='ocrx_word' id='word_1_239' title='bbox 1327 2530 1514 2603; x_wconf 80' lang='lat' dir='ltr'>definientes,</span> <span class='ocrx_word' id='word_1_240' title='bbox 1537 2547 1596 2590; x_wconf 89' lang='lat' dir='ltr'>nou</span> 
     </span>
     <span class='ocr_line' id='line_1_25' title="bbox 244 2616 1597 2703; baseline -0.002 -24"><span class='ocrx_word' id='word_1_241' title='bbox 244 2628 305 2680; x_wconf 86' lang='lat' dir='ltr'>tam</span> <span class='ocrx_word' id='word_1_242' title='bbox 327 2619 455 2682; x_wconf 83' lang='lat' dir='ltr'>absurde</span> <span class='ocrx_word' id='word_1_243' title='bbox 477 2620 568 2682; x_wconf 90' lang='lat' dir='ltr'>locuti</span> <span class='ocrx_word' id='word_1_244' title='bbox 590 2632 668 2696; x_wconf 89' lang='lat' dir='ltr'>sunt,</span> <span class='ocrx_word' id='word_1_245' title='bbox 692 2641 781 2701; x_wconf 86' lang='lat' dir='ltr'>quam</span> <span class='ocrx_word' id='word_1_246' title='bbox 804 2628 902 2703; x_wconf 89' lang='lat' dir='ltr'>inepte</span> <span class='ocrx_word' id='word_1_247' title='bbox 925 2628 1053 2703; x_wconf 85' lang='lat' dir='ltr'>excepti,</span> <span class='ocrx_word' id='word_1_248' title='bbox 1083 2641 1150 2685; x_wconf 90' lang='lat' dir='ltr'>cum</span> <span class='ocrx_word' id='word_1_249' title='bbox 1171 2621 1313 2681; x_wconf 87' lang='lat' dir='ltr'>iurabas</span> <span class='ocrx_word' id='word_1_250' title='bbox 1335 2616 1500 2678; x_wconf 85' lang='lat' dir='ltr'>difficilibus</span> <span class='ocrx_word' id='word_1_251' title='bbox 1530 2636 1597 2696; x_wconf 78' lang='lat' dir='ltr'>my-</span> 
     </span>
     <span class='ocr_line' id='line_1_26' title="bbox 244 2705 1597 2785; baseline -0.001 -19"><span class='ocrx_word' id='word_1_252' title='bbox 244 2709 310 2767; x_wconf 90' lang='lat' dir='ltr'>stici</span> <span class='ocrx_word' id='word_1_253' title='bbox 332 2708 505 2784; x_wconf 82' lang='lat' dir='ltr'>pierumque</span> <span class='ocrx_word' id='word_1_254' title='bbox 527 2726 630 2770; x_wconf 89' lang='lat' dir='ltr'>aeneus</span> <span class='ocrx_word' id='word_1_255' title='bbox 651 2710 773 2785; x_wconf 82' lang='lat' dir='ltr'>lateam,</span> <span class='ocrx_word' id='word_1_256' title='bbox 796 2714 851 2772; x_wconf 93' lang='lat' dir='ltr'>sub</span> <span class='ocrx_word' id='word_1_257' title='bbox 874 2713 1031 2774; x_wconf 85' lang='lat' dir='ltr'>verbomm</span> <span class='ocrx_word' id='word_1_258' title='bbox 1054 2713 1176 2772; x_wconf 87' lang='lat' dir='ltr'>corticea</span> <span class='ocrx_word' id='word_1_259' title='bbox 1197 2706 1348 2769; x_wconf 87' lang='lat' dir='ltr'>reconditi.</span> <span class='ocrx_word' id='word_1_260' title='bbox 1393 2705 1504 2764; x_wconf 79' lang='lat' dir='ltr'>&#39;limaci</span> <span class='ocrx_word' id='word_1_261' title='bbox 1528 2708 1597 2781; x_wconf 81' lang='lat' dir='ltr'>qui·</span> 
     </span>
     <span class='ocr_line' id='line_1_27' title="bbox 197 2792 1596 2881; baseline 0.001 -28"><span class='ocrx_word' id='word_1_262' title='bbox 197 2877 199 2881; x_wconf 9' lang='lat'><strong>¹</strong></span> <span class='ocrx_word' id='word_1_263' title='bbox 244 2792 311 2854; x_wconf 90' lang='lat' dir='ltr'>dem</span> <span class='ocrx_word' id='word_1_264' title='bbox 333 2794 495 2856; x_wconf 78' lang='lat' dir='ltr'>Locrensis·</span> <span class='ocrx_word' id='word_1_265' title='bbox 510 2795 714 2877; x_wconf 88' lang='lat' dir='ltr'>philosophia,</span> <span class='ocrx_word' id='word_1_266' title='bbox 744 2799 892 2876; x_wconf 87' lang='lat' dir='ltr'>quemodo</span> <span class='ocrx_word' id='word_1_267' title='bbox 916 2801 1079 2878; x_wconf 89' lang='lat' dir='ltr'>composita</span> <span class='ocrx_word' id='word_1_268' title='bbox 1105 2801 1145 2860; x_wconf 91' lang='lat' dir='ltr'>sit</span> <span class='ocrx_word' id='word_1_269' title='bbox 1173 2799 1272 2858; x_wconf 89' lang='lat' dir='ltr'>anima</span> <span class='ocrx_word' id='word_1_270' title='bbox 1300 2813 1335 2857; x_wconf 84' lang='lat' dir='ltr'>ex</span> <span class='ocrx_word' id='word_1_271' title='bbox 1358 2794 1596 2872; x_wconf 88' lang='lat' dir='ltr'>proportionibus</span> 
     </span>
    </p>

    <p class='ocr_par' dir='ltr' id='par_1_7' title="bbox 244 2881 1597 3226">
     <span class='ocr_line' id='line_1_28' title="bbox 245 2881 1597 2964; baseline -0.001 -21"><span class='ocrx_word' id='word_1_272' title='bbox 245 2881 430 2956; x_wconf 84' lang='lat' dir='ltr'>harmonicis,</span> <span class='ocrx_word' id='word_1_273' title='bbox 454 2884 490 2943; x_wconf 90' lang='lat' dir='ltr'>de</span> <span class='ocrx_word' id='word_1_274' title='bbox 513 2902 572 2962; x_wconf 88' lang='lat' dir='ltr'>qua</span> <span class='ocrx_word' id='word_1_275' title='bbox 594 2888 623 2945; x_wconf 93' lang='lat' dir='ltr'>in</span> <span class='ocrx_word' id='word_1_276' title='bbox 646 2888 848 2964; x_wconf 88' lang='lat' dir='ltr'>praeambulo,</span> <span class='ocrx_word' id='word_1_277' title='bbox 871 2888 997 2948; x_wconf 76' lang='lat' dir='ltr'>refutata</span> <span class='ocrx_word' id='word_1_278' title='bbox 1019 2896 1064 2949; x_wconf 92' lang='lat' dir='ltr'>est</span> <span class='ocrx_word' id='word_1_279' title='bbox 1085 2888 1124 2947; x_wconf 90' lang='lat' dir='ltr'>ab</span> <span class='ocrx_word' id='word_1_280' title='bbox 1148 2883 1306 2946; x_wconf 77' lang='lat' dir='ltr'>Aristotele</span> <span class='ocrx_word' id='word_1_281' title='bbox 1327 2884 1357 2940; x_wconf 93' lang='lat' dir='ltr'>in</span> <span class='ocrx_word' id='word_1_282' title='bbox 1379 2898 1415 2942; x_wconf 93' lang='lat' dir='ltr'>eo</span> <span class='ocrx_word' id='word_1_283' title='bbox 1438 2898 1540 2956; x_wconf 90' lang='lat' dir='ltr'>seusu,</span> <span class='ocrx_word' id='word_1_284' title='bbox 1564 2890 1597 2942; x_wconf 91' lang='lat' dir='ltr'>ut</span> 
     </span>
     <span class='ocr_line' id='line_1_29' title="bbox 245 2968 1597 3050; baseline -0.002 -20"><span class='ocrx_word' id='word_1_285' title='bbox 245 2977 353 3030; x_wconf 88' lang='lat' dir='ltr'>sonant</span> <span class='ocrx_word' id='word_1_286' title='bbox 376 2972 484 3047; x_wconf 72' lang='lat' dir='ltr'>rerba,</span> <span class='ocrx_word' id='word_1_287' title='bbox 511 2989 570 3032; x_wconf 91' lang='lat' dir='ltr'>nen</span> <span class='ocrx_word' id='word_1_288' title='bbox 592 2976 687 3034; x_wconf 90' lang='lat' dir='ltr'>susim</span> <span class='ocrx_word' id='word_1_289' title='bbox 717 2981 816 3036; x_wconf 85' lang='lat' dir='ltr'>tamen</span> <span class='ocrx_word' id='word_1_290' title='bbox 839 2975 1001 3048; x_wconf 82' lang='lat' dir='ltr'>affirmare,</span> <span class='ocrx_word' id='word_1_291' title='bbox 1034 2974 1107 3035; x_wconf 90' lang='lat' dir='ltr'>nihil</span> <span class='ocrx_word' id='word_1_292' title='bbox 1135 2976 1223 3034; x_wconf 88' lang='lat' dir='ltr'>iniis</span> <span class='ocrx_word' id='word_1_293' title='bbox 1245 2969 1371 3050; x_wconf 75' lang='lat' dir='ltr'>pagellis</span> <span class='ocrx_word' id='word_1_294' title='bbox 1398 2968 1507 3041; x_wconf 87' lang='lat' dir='ltr'>latere,</span> <span class='ocrx_word' id='word_1_295' title='bbox 1539 2971 1597 3029; x_wconf 91' lang='lat' dir='ltr'>uisi</span> 
     </span>
     <span class='ocr_line' id='line_1_30' title="bbox 244 3056 1597 3140; baseline -0.014 -5"><span class='ocrx_word' id='word_1_296' title='bbox 244 3057 323 3134; x_wconf 81' lang='lat' dir='ltr'>(lund</span> <span class='ocrx_word' id='word_1_297' title='bbox 346 3065 453 3119; x_wconf 87' lang='lat' dir='ltr'>sonant</span> <span class='ocrx_word' id='word_1_298' title='bbox 473 3060 573 3133; x_wconf 79' lang='lat' dir='ltr'>verbe,</span> <span class='ocrx_word' id='word_1_299' title='bbox 596 3064 655 3122; x_wconf 92' lang='lat' dir='ltr'>iuro</span> <span class='ocrx_word' id='word_1_300' title='bbox 677 3071 851 3139; x_wconf 82' lang='lat' dir='ltr'>negaturum</span> <span class='ocrx_word' id='word_1_301' title='bbox 872 3070 946 3140; x_wconf 90' lang='lat' dir='ltr'>pute</span> <span class='ocrx_word' id='word_1_302' title='bbox 969 3066 1122 3135; x_wconf 86' lang='lat' dir='ltr'>neminem,</span> <span class='ocrx_word' id='word_1_303' title='bbox 1145 3064 1216 3139; x_wconf 87' lang='lat' dir='ltr'>quin</span> <span class='ocrx_word' id='word_1_304' title='bbox 1236 3062 1262 3119; x_wconf 93' lang='lat' dir='ltr'>is</span> <span class='ocrx_word' id='word_1_305' title='bbox 1277 3066 1380 3119; x_wconf 89' lang='lat' dir='ltr'>auctor</span> <span class='ocrx_word' id='word_1_306' title='bbox 1400 3056 1457 3117; x_wconf 91' lang='lat' dir='ltr'>hoc</span> <span class='ocrx_word' id='word_1_307' title='bbox 1478 3056 1517 3115; x_wconf 86' lang='lat' dir='ltr'>ad</span> <span class='ocrx_word' id='word_1_308' title='bbox 1538 3060 1597 3117; x_wconf 87' lang='lat' dir='ltr'>mi·</span> 
     </span>
     <span class='ocr_line' id='line_1_31' title="bbox 244 3143 1597 3226; baseline 0.002 -24"><span class='ocrx_word' id='word_1_309' title='bbox 244 3146 356 3204; x_wconf 87' lang='lat' dir='ltr'>nimam</span> <span class='ocrx_word' id='word_1_310' title='bbox 378 3153 486 3219; x_wconf 78' lang='lat' dir='ltr'>terreat,</span> <span class='ocrx_word' id='word_1_311' title='bbox 510 3148 588 3224; x_wconf 88' lang='lat' dir='ltr'>quod</span> <span class='ocrx_word' id='word_1_312' title='bbox 611 3149 659 3210; x_wconf 91' lang='lat' dir='ltr'>hic</span> <span class='ocrx_word' id='word_1_313' title='bbox 681 3158 791 3222; x_wconf 81' lang='lat' dir='ltr'>aeuuo,</span> <span class='ocrx_word' id='word_1_314' title='bbox 815 3158 942 3211; x_wconf 85' lang='lat' dir='ltr'>mentem</span> <span class='ocrx_word' id='word_1_315' title='bbox 958 3168 1023 3213; x_wconf 89' lang='lat' dir='ltr'>esee</span> <span class='ocrx_word' id='word_1_316' title='bbox 1046 3148 1415 3226; x_wconf 86' lang='lat' dir='ltr'>animumqueburuanum,</span> <span class='ocrx_word' id='word_1_317' title='bbox 1437 3143 1521 3220; x_wconf 81' lang='lat' dir='ltr'>cujrrs</span> <span class='ocrx_word' id='word_1_318' title='bbox 1542 3162 1597 3205; x_wconf 91' lang='lat' dir='ltr'>eeu</span> 
     </span>
    </p>
   </div>
   <div class='ocr_carea' id='block_1_7' title="bbox 146 3232 1597 3316">
    <p class='ocr_par' dir='ltr' id='par_1_8' title="bbox 146 3232 1597 3316">
     <span class='ocr_line' id='line_1_32' title="bbox 146 3232 1597 3316; baseline 0 -23"><span class='ocrx_word' id='word_1_319' title='bbox 146 3298 151 3305; x_wconf 60' lang='grc'>,</span> <span class='ocrx_word' id='word_1_320' title='bbox 241 3232 353 3307; x_wconf 89' lang='lat' dir='ltr'>judicio</span> <span class='ocrx_word' id='word_1_321' title='bbox 376 3251 429 3293; x_wconf 92' lang='lat' dir='ltr'>seu</span> <span class='ocrx_word' id='word_1_322' title='bbox 450 3236 590 3296; x_wconf 87' lang='lat' dir='ltr'>instinctu</span> <span class='ocrx_word' id='word_1_323' title='bbox 612 3254 716 3297; x_wconf 88' lang='lat' dir='ltr'>sensus</span> <span class='ocrx_word' id='word_1_324' title='bbox 739 3237 857 3298; x_wconf 89' lang='lat' dir='ltr'>auditus</span> <span class='ocrx_word' id='word_1_325' title='bbox 879 3242 1082 3316; x_wconf 86' lang='lat' dir='ltr'>proportiones</span> <span class='ocrx_word' id='word_1_326' title='bbox 1104 3254 1222 3309; x_wconf 78' lang='lat' dir='ltr'>suares,</span> <span class='ocrx_word' id='word_1_327' title='bbox 1244 3235 1302 3295; x_wconf 89' lang='lat' dir='ltr'>hcc</span> <span class='ocrx_word' id='word_1_328' title='bbox 1316 3240 1360 3294; x_wconf 88' lang='lat' dir='ltr'>est</span> <span class='ocrx_word' id='word_1_329' title='bbox 1380 3248 1534 3307; x_wconf 85' lang='lat' dir='ltr'>consonas,</span> <span class='ocrx_word' id='word_1_330' title='bbox 1556 3233 1597 3293; x_wconf 83' lang='lat' dir='ltr'>ab</span> 
     </span>
    </p>
   </div>
   <div class='ocr_carea' id='block_1_8' title="bbox 241 3314 1598 4889">
    <p class='ocr_par' dir='ltr' id='par_1_9' title="bbox 243 3314 1597 3578">
     <span class='ocr_line' id='line_1_33' title="bbox 243 3314 1597 3404; baseline 0.004 -29"><span class='ocrx_word' id='word_1_331' title='bbox 243 3320 416 3380; x_wconf 89' lang='lat' dir='ltr'>iueuaribus</span> <span class='ocrx_word' id='word_1_332' title='bbox 438 3331 468 3382; x_wconf 89' lang='lat' dir='ltr'>et</span> <span class='ocrx_word' id='word_1_333' title='bbox 490 3314 615 3384; x_wconf 87' lang='lat' dir='ltr'>dissonis</span> <span class='ocrx_word' id='word_1_334' title='bbox 638 3324 797 3399; x_wconf 87' lang='lat' dir='ltr'>discernat,</span> <span class='ocrx_word' id='word_1_335' title='bbox 826 3328 935 3404; x_wconf 84' lang='lat' dir='ltr'>qnippe</span> <span class='ocrx_word' id='word_1_336' title='bbox 958 3330 1010 3402; x_wconf 87' lang='lat' dir='ltr'>qui</span> <span class='ocrx_word' id='word_1_337' title='bbox 1031 3326 1089 3385; x_wconf 92' lang='lat' dir='ltr'>hoc</span> <span class='ocrx_word' id='word_1_338' title='bbox 1111 3323 1265 3402; x_wconf 77' lang='lat' dir='ltr'>diligenter</span> <span class='ocrx_word' id='word_1_339' title='bbox 1287 3319 1440 3399; x_wconf 83' lang='lat' dir='ltr'>expendit,</span> <span class='ocrx_word' id='word_1_340' title='bbox 1470 3335 1597 3397; x_wconf 86' lang='lat' dir='ltr'>propor-</span> 
     </span>
     <span class='ocr_line' id='line_1_34' title="bbox 244 3409 1597 3490; baseline 0.004 -26"><span class='ocrx_word' id='word_1_341' title='bbox 244 3410 339 3468; x_wconf 86' lang='lat' dir='ltr'>tiones</span> <span class='ocrx_word' id='word_1_342' title='bbox 362 3425 426 3481; x_wconf 85' lang='lat' dir='ltr'>esee</span> <span class='ocrx_word' id='word_1_343' title='bbox 448 3412 569 3471; x_wconf 87' lang='lat' dir='ltr'>rationis</span> <span class='ocrx_word' id='word_1_344' title='bbox 592 3415 680 3486; x_wconf 86' lang='lat' dir='ltr'>entia,</span> <span class='ocrx_word' id='word_1_345' title='bbox 704 3416 817 3476; x_wconf 79' lang='lat' dir='ltr'>retium</span> <span class='ocrx_word' id='word_1_346' title='bbox 839 3414 905 3474; x_wconf 88' lang='lat' dir='ltr'>sola</span> <span class='ocrx_word' id='word_1_347' title='bbox 925 3431 985 3474; x_wconf 89' lang='lat' dir='ltr'>uon</span> <span class='ocrx_word' id='word_1_348' title='bbox 1006 3431 1096 3475; x_wconf 89' lang='lat' dir='ltr'>seusu</span> <span class='ocrx_word' id='word_1_349' title='bbox 1109 3409 1320 3490; x_wconf 82' lang='lat' dir='ltr'>pereeptibilia,</span> <span class='ocrx_word' id='word_1_350' title='bbox 1343 3416 1372 3469; x_wconf 89' lang='lat' dir='ltr'>et</span> <span class='ocrx_word' id='word_1_351' title='bbox 1392 3409 1597 3485; x_wconf 82' lang='lat' dir='ltr'>proportiones</span> 
     </span>
     <span class='ocr_line' id='line_1_35' title="bbox 244 3495 1542 3578; baseline 0 -23"><span class='ocrx_word' id='word_1_352' title='bbox 244 3512 298 3556; x_wconf 90' lang='lat' dir='ltr'>cerr</span> <span class='ocrx_word' id='word_1_353' title='bbox 320 3495 443 3556; x_wconf 87' lang='lat' dir='ltr'>inrmam</span> <span class='ocrx_word' id='word_1_354' title='bbox 465 3516 484 3557; x_wconf 93' lang='lat' dir='ltr'>a</span> <span class='ocrx_word' id='word_1_355' title='bbox 506 3516 537 3558; x_wconf 91' lang='lat' dir='ltr'>re</span> <span class='ocrx_word' id='word_1_356' title='bbox 558 3502 782 3578; x_wconf 84' lang='lat' dir='ltr'>proportionata</span> <span class='ocrx_word' id='word_1_357' title='bbox 804 3519 857 3563; x_wconf 88' lang='lat' dir='ltr'>eeu</span> <span class='ocrx_word' id='word_1_358' title='bbox 879 3505 1004 3564; x_wconf 88' lang='lat' dir='ltr'>materia</span> <span class='ocrx_word' id='word_1_359' title='bbox 1025 3502 1220 3576; x_wconf 79' lang='lat' dir='ltr'>distinguere,</span> <span class='ocrx_word' id='word_1_360' title='bbox 1242 3499 1348 3557; x_wconf 88' lang='lat' dir='ltr'>mentis</span> <span class='ocrx_word' id='word_1_361' title='bbox 1370 3512 1445 3573; x_wconf 90' lang='lat' dir='ltr'>opus</span> <span class='ocrx_word' id='word_1_362' title='bbox 1467 3511 1542 3555; x_wconf 90' lang='lat' dir='ltr'>esee.</span> 
     </span>
    </p>

    <p class='ocr_par' dir='ltr' id='par_1_10' title="bbox 241 3582 1598 4806">
     <span class='ocr_line' id='line_1_36' title="bbox 330 3582 1597 3667; baseline 0.002 -24"><span class='ocrx_word' id='word_1_363' title='bbox 330 3582 404 3643; x_wconf 79' lang='lat' dir='ltr'>Cum</span> <span class='ocrx_word' id='word_1_364' title='bbox 426 3593 525 3647; x_wconf 80' lang='lat' dir='ltr'>rursm</span> <span class='ocrx_word' id='word_1_365' title='bbox 548 3585 622 3647; x_wconf 84' lang='lat' dir='ltr'>duas</span> <span class='ocrx_word' id='word_1_366' title='bbox 644 3588 801 3665; x_wconf 73' lang='lat' dir='ltr'>figurarum</span> <span class='ocrx_word' id='word_1_367' title='bbox 823 3588 1002 3667; x_wconf 79' lang='lat' dir='ltr'>regularium</span> <span class='ocrx_word' id='word_1_368' title='bbox 1034 3591 1227 3667; x_wconf 90' lang='lat' dir='ltr'>proprietates</span> <span class='ocrx_word' id='word_1_369' title='bbox 1250 3584 1510 3662; x_wconf 80' lang='lat' dir='ltr'>explicaverimusr</span> <span class='ocrx_word' id='word_1_370' title='bbox 1542 3582 1597 3645; x_wconf 88' lang='lat' dir='ltr'>de·</span> 
     </span>
     <span class='ocr_line' id='line_1_37' title="bbox 242 3670 1596 3751; baseline 0.001 -21"><span class='ocrx_word' id='word_1_371' title='bbox 242 3670 516 3734; x_wconf 85' lang='lat' dir='ltr'>monstrabilitstem</span> <span class='ocrx_word' id='word_1_372' title='bbox 539 3676 729 3737; x_wconf 84' lang='lat' dir='ltr'>scientificam</span> <span class='ocrx_word' id='word_1_373' title='bbox 752 3677 876 3738; x_wconf 88' lang='lat' dir='ltr'>laterum</span> <span class='ocrx_word' id='word_1_374' title='bbox 897 3678 928 3736; x_wconf 90' lang='lat' dir='ltr'>in</span> <span class='ocrx_word' id='word_1_375' title='bbox 950 3678 1074 3750; x_wconf 64' lang='lat' dir='ltr'>singulis</span> <span class='ocrx_word' id='word_1_376' title='bbox 1103 3683 1133 3737; x_wconf 93' lang='lat' dir='ltr'>et</span> <span class='ocrx_word' id='word_1_377' title='bbox 1155 3674 1375 3751; x_wconf 77' lang='lat' dir='ltr'>congruentiam</span> <span class='ocrx_word' id='word_1_378' title='bbox 1396 3673 1472 3731; x_wconf 89' lang='lat' dir='ltr'>iuter</span> <span class='ocrx_word' id='word_1_379' title='bbox 1491 3687 1525 3730; x_wconf 89' lang='lat' dir='ltr'>ea</span> <span class='ocrx_word' id='word_1_380' title='bbox 1546 3679 1596 3732; x_wconf 90' lang='lat' dir='ltr'>to·</span> 
     </span>
     <span class='ocr_line' id='line_1_38' title="bbox 241 3758 1597 3842; baseline 0.004 -26"><span class='ocrx_word' id='word_1_381' title='bbox 241 3766 339 3817; x_wconf 87' lang='lat' dir='ltr'>tarum</span> <span class='ocrx_word' id='word_1_382' title='bbox 357 3758 537 3841; x_wconf 77' lang='lat' dir='ltr'>iunctarum,</span> <span class='ocrx_word' id='word_1_383' title='bbox 558 3779 619 3823; x_wconf 88' lang='lat' dir='ltr'>uon</span> <span class='ocrx_word' id='word_1_384' title='bbox 641 3765 772 3841; x_wconf 87' lang='lat' dir='ltr'>ejusdem</span> <span class='ocrx_word' id='word_1_385' title='bbox 794 3764 883 3842; x_wconf 87' lang='lat' dir='ltr'>plene</span> <span class='ocrx_word' id='word_1_386' title='bbox 906 3765 1069 3825; x_wconf 85' lang='lat' dir='ltr'>latitudiuis</span> <span class='ocrx_word' id='word_1_387' title='bbox 1090 3770 1262 3839; x_wconf 85' lang='lat' dir='ltr'>utramque,</span> <span class='ocrx_word' id='word_1_388' title='bbox 1290 3760 1327 3821; x_wconf 88' lang='lat' dir='ltr'>rle</span> <span class='ocrx_word' id='word_1_389' title='bbox 1349 3758 1597 3822; x_wconf 86' lang='lat' dir='ltr'>demonstratione</span> 
     </span>
     <span class='ocr_line' id='line_1_39' title="bbox 243 3843 1598 3930; baseline 0.002 -25"><span class='ocrx_word' id='word_1_390' title='bbox 243 3843 363 3922; x_wconf 89' lang='lat' dir='ltr'>quidem</span> <span class='ocrx_word' id='word_1_391' title='bbox 394 3848 544 3908; x_wconf 79' lang='lat' dir='ltr'>axiomata</span> <span class='ocrx_word' id='word_1_392' title='bbox 572 3858 674 3910; x_wconf 87' lang='lat' dir='ltr'>nostra</span> <span class='ocrx_word' id='word_1_393' title='bbox 695 3860 801 3912; x_wconf 88' lang='lat' dir='ltr'>sonant</span> <span class='ocrx_word' id='word_1_394' title='bbox 823 3854 1025 3930; x_wconf 88' lang='lat' dir='ltr'>potissimum,</span> <span class='ocrx_word' id='word_1_395' title='bbox 1057 3852 1129 3928; x_wconf 84' lang='lat' dir='ltr'>qula</span> <span class='ocrx_word' id='word_1_396' title='bbox 1155 3850 1230 3912; x_wconf 89' lang='lat' dir='ltr'>haec</span> <span class='ocrx_word' id='word_1_397' title='bbox 1255 3850 1351 3925; x_wconf 72' lang='lat' dir='ltr'>magle</span> <span class='ocrx_word' id='word_1_398' title='bbox 1377 3845 1529 3906; x_wconf 79' lang='lat' dir='ltr'>familiaris</span> <span class='ocrx_word' id='word_1_399' title='bbox 1551 3854 1598 3908; x_wconf 84' lang='lat' dir='ltr'>est</span> 
     </span>
     <span class='ocr_line' id='line_1_40' title="bbox 241 3933 1597 4017; baseline 0.004 -26"><span class='ocrx_word' id='word_1_400' title='bbox 241 3933 480 4009; x_wconf 88' lang='lat' dir='ltr'>proportionibus</span> <span class='ocrx_word' id='word_1_401' title='bbox 501 3942 643 4011; x_wconf 88' lang='lat' dir='ltr'>motuum,</span> <span class='ocrx_word' id='word_1_402' title='bbox 668 3956 704 3997; x_wconf 86' lang='lat' dir='ltr'>ex</span> <span class='ocrx_word' id='word_1_403' title='bbox 726 3940 835 4017; x_wconf 85' lang='lat' dir='ltr'>quibus</span> <span class='ocrx_word' id='word_1_404' title='bbox 857 3944 946 4000; x_wconf 89' lang='lat' dir='ltr'>etiam</span> <span class='ocrx_word' id='word_1_405' title='bbox 961 3942 1026 3999; x_wconf 90' lang='lat' dir='ltr'>soni</span> <span class='ocrx_word' id='word_1_406' title='bbox 1042 3940 1181 3999; x_wconf 81' lang='lat' dir='ltr'>existunt</span> <span class='ocrx_word' id='word_1_407' title='bbox 1225 3937 1301 3997; x_wconf 80' lang='lat' dir='ltr'>liam</span> <span class='ocrx_word' id='word_1_408' title='bbox 1316 3934 1506 4013; x_wconf 72' lang='lat' dir='ltr'>congruentia</span> <span class='ocrx_word' id='word_1_409' title='bbox 1520 3935 1597 3995; x_wconf 92' lang='lat' dir='ltr'>inest</span> 
     </span>
     <span class='ocr_line' id='line_1_41' title="bbox 241 4019 1595 4105; baseline 0.002 -26"><span class='ocrx_word' id='word_1_410' title='bbox 241 4019 351 4096; x_wconf 77' lang='lat' dir='ltr'>figuris,</span> <span class='ocrx_word' id='word_1_411' title='bbox 375 4028 408 4081; x_wconf 87' lang='lat' dir='ltr'>ut</span> <span class='ocrx_word' id='word_1_412' title='bbox 429 4028 509 4083; x_wconf 88' lang='lat' dir='ltr'>totae</span> <span class='ocrx_word' id='word_1_413' title='bbox 530 4031 615 4097; x_wconf 92' lang='lat' dir='ltr'>sunt,</span> <span class='ocrx_word' id='word_1_414' title='bbox 638 4033 736 4085; x_wconf 91' lang='lat' dir='ltr'>motus</span> <span class='ocrx_word' id='word_1_415' title='bbox 758 4043 829 4086; x_wconf 87' lang='lat' dir='ltr'>rero</span> <span class='ocrx_word' id='word_1_416' title='bbox 851 4025 976 4105; x_wconf 86' lang='lat' dir='ltr'>(quibus</span> <span class='ocrx_word' id='word_1_417' title='bbox 999 4025 1136 4089; x_wconf 89' lang='lat' dir='ltr'>accidant</span> <span class='ocrx_word' id='word_1_418' title='bbox 1166 4026 1369 4103; x_wconf 87' lang='lat' dir='ltr'>proportiones</span> <span class='ocrx_word' id='word_1_419' title='bbox 1392 4020 1595 4101; x_wconf 85' lang='lat' dir='ltr'>harmonicae)</span> 
     </span>
     <span class='ocr_line' id='line_1_42' title="bbox 242 4106 1596 4194; baseline 0.004 -29"><span class='ocrx_word' id='word_1_420' title='bbox 242 4106 370 4183; x_wconf 78' lang='lat' dir='ltr'>ligores,</span> <span class='ocrx_word' id='word_1_421' title='bbox 399 4126 499 4186; x_wconf 87' lang='lat' dir='ltr'>aqua</span> <span class='ocrx_word' id='word_1_422' title='bbox 521 4109 698 4186; x_wconf 81' lang='lat' dir='ltr'>derivantur,</span> <span class='ocrx_word' id='word_1_423' title='bbox 721 4112 814 4174; x_wconf 87' lang='lat' dir='ltr'>latera</span> <span class='ocrx_word' id='word_1_424' title='bbox 840 4117 871 4172; x_wconf 88' lang='lat' dir='ltr'>iu</span> <span class='ocrx_word' id='word_1_425' title='bbox 901 4122 1012 4175; x_wconf 89' lang='lat' dir='ltr'>rectum</span> <span class='ocrx_word' id='word_1_426' title='bbox 1041 4113 1201 4176; x_wconf 83' lang='lat' dir='ltr'>extendunt</span> <span class='ocrx_word' id='word_1_427' title='bbox 1223 4109 1306 4194; x_wconf 84' lang='lat' dir='ltr'>(cum</span> <span class='ocrx_word' id='word_1_428' title='bbox 1335 4109 1466 4187; x_wconf 82' lang='lat' dir='ltr'>plerique</span> <span class='ocrx_word' id='word_1_429' title='bbox 1495 4125 1596 4170; x_wconf 84' lang='lat' dir='ltr'>omues</span> 
     </span>
     <span class='ocr_line' id='line_1_43' title="bbox 242 4193 1596 4282; baseline 0.003 -27"><span class='ocrx_word' id='word_1_430' title='bbox 242 4203 276 4256; x_wconf 91' lang='grc' dir='ltr'>ιιι</span> <span class='ocrx_word' id='word_1_431' title='bbox 297 4193 439 4255; x_wconf 87' lang='lat' dir='ltr'>rectilinei</span> <span class='ocrx_word' id='word_1_432' title='bbox 462 4196 697 4282; x_wconf 81' lang='lat' dir='ltr'>considerentur)</span> <span class='ocrx_word' id='word_1_433' title='bbox 721 4207 750 4260; x_wconf 86' lang='lat' dir='ltr'>et</span> <span class='ocrx_word' id='word_1_434' title='bbox 771 4204 815 4261; x_wconf 90' lang='lat' dir='ltr'>sic</span> <span class='ocrx_word' id='word_1_435' title='bbox 828 4201 953 4278; x_wconf 77' lang='lat' dir='ltr'>figuram</span> <span class='ocrx_word' id='word_1_436' title='bbox 968 4219 1061 4276; x_wconf 88' lang='lat' dir='ltr'>suam,</span> <span class='ocrx_word' id='word_1_437' title='bbox 1083 4210 1119 4262; x_wconf 94' lang='lat' dir='ltr'>ut</span> <span class='ocrx_word' id='word_1_438' title='bbox 1131 4206 1282 4279; x_wconf 85' lang='lat' dir='ltr'>serpentes</span> <span class='ocrx_word' id='word_1_439' title='bbox 1297 4202 1427 4270; x_wconf 83' lang='lat' dir='ltr'>matrem,</span> <span class='ocrx_word' id='word_1_440' title='bbox 1450 4199 1596 4273; x_wconf 85' lang='lat' dir='ltr'>perimunt</span> 
     </span>
     <span class='ocr_line' id='line_1_44' title="bbox 241 4282 1594 4367; baseline 0.001 -24"><span class='ocrx_word' id='word_1_441' title='bbox 241 4290 271 4343; x_wconf 90' lang='lat' dir='ltr'>et</span> <span class='ocrx_word' id='word_1_442' title='bbox 300 4282 461 4344; x_wconf 80' lang='lat' dir='ltr'>destruunt</span> <span class='ocrx_word' id='word_1_443' title='bbox 506 4286 616 4363; x_wconf 68' lang='lat' dir='ltr'>Figura</span> <span class='ocrx_word' id='word_1_444' title='bbox 645 4289 837 4365; x_wconf 88' lang='lat' dir='ltr'>inquantum</span> <span class='ocrx_word' id='word_1_445' title='bbox 869 4307 1012 4367; x_wconf 81' lang='lat' dir='ltr'>congrua,</span> <span class='ocrx_word' id='word_1_446' title='bbox 1043 4287 1182 4349; x_wconf 89' lang='lat' dir='ltr'>circulum</span> <span class='ocrx_word' id='word_1_447' title='bbox 1213 4291 1357 4364; x_wconf 68' lang='lat' dir='ltr'>integrum</span> <span class='ocrx_word' id='word_1_448' title='bbox 1385 4284 1539 4359; x_wconf 76' lang='lat' dir='ltr'>distinguit</span> <span class='ocrx_word' id='word_1_449' title='bbox 1564 4285 1594 4344; x_wconf 87' lang='lat' dir='ltr'>in</span> 
     </span>
     <span class='ocr_line' id='line_1_45' title="bbox 241 4373 1594 4450; baseline 0.001 -18"><span class='ocrx_word' id='word_1_450' title='bbox 241 4379 355 4449; x_wconf 86' lang='lat' dir='ltr'>partes,</span> <span class='ocrx_word' id='word_1_451' title='bbox 387 4375 589 4450; x_wconf 84' lang='lat' dir='ltr'>proportiones</span> <span class='ocrx_word' id='word_1_452' title='bbox 621 4375 809 4437; x_wconf 88' lang='lat' dir='ltr'>harmonicae</span> <span class='ocrx_word' id='word_1_453' title='bbox 843 4378 983 4438; x_wconf 91' lang='lat' dir='ltr'>circulum</span> <span class='ocrx_word' id='word_1_454' title='bbox 1020 4374 1189 4437; x_wconf 88' lang='lat' dir='ltr'>distinctum</span> <span class='ocrx_word' id='word_1_455' title='bbox 1220 4378 1249 4434; x_wconf 91' lang='lat' dir='ltr'>iu</span> <span class='ocrx_word' id='word_1_456' title='bbox 1280 4382 1389 4434; x_wconf 88' lang='lat' dir='ltr'>rectum</span> <span class='ocrx_word' id='word_1_457' title='bbox 1424 4373 1594 4447; x_wconf 84' lang='lat' dir='ltr'>extendunt,</span> 
     </span>
     <span class='ocr_line' id='line_1_46' title="bbox 242 4458 1595 4539; baseline 0.003 -22"><span class='ocrx_word' id='word_1_458' title='bbox 242 4458 438 4520; x_wconf 90' lang='lat' dir='ltr'>distinctionis</span> <span class='ocrx_word' id='word_1_459' title='bbox 460 4478 479 4521; x_wconf 86' lang='lat' dir='ltr'>a</span> <span class='ocrx_word' id='word_1_460' title='bbox 499 4461 594 4539; x_wconf 76' lang='lat' dir='ltr'>ligura</span> <span class='ocrx_word' id='word_1_461' title='bbox 616 4463 711 4524; x_wconf 87' lang='lat' dir='ltr'>iactae</span> <span class='ocrx_word' id='word_1_462' title='bbox 731 4471 837 4524; x_wconf 79' lang='lat' dir='ltr'>aetum</span> <span class='ocrx_word' id='word_1_463' title='bbox 860 4464 968 4525; x_wconf 81' lang='lat' dir='ltr'>delent</span> <span class='ocrx_word' id='word_1_464' title='bbox 1012 4464 1062 4526; x_wconf 81' lang='lat' dir='ltr'>Sic</span> <span class='ocrx_word' id='word_1_465' title='bbox 1092 4466 1301 4525; x_wconf 86' lang='lat' dir='ltr'>consonantiae</span> <span class='ocrx_word' id='word_1_466' title='bbox 1331 4477 1395 4521; x_wconf 89' lang='lat' dir='ltr'>cour</span> <span class='ocrx_word' id='word_1_467' title='bbox 1417 4458 1518 4535; x_wconf 78' lang='lat' dir='ltr'>figuris</span> <span class='ocrx_word' id='word_1_468' title='bbox 1540 4460 1595 4521; x_wconf 89' lang='lat' dir='ltr'>de·</span> 
     </span>
     <span class='ocr_line' id='line_1_47' title="bbox 241 4545 1594 4630; baseline 0.003 -25"><span class='ocrx_word' id='word_1_469' title='bbox 241 4548 480 4608; x_wconf 89' lang='lat' dir='ltr'>monstrabilibus</span> <span class='ocrx_word' id='word_1_470' title='bbox 511 4552 541 4608; x_wconf 88' lang='lat' dir='ltr'>iu</span> <span class='ocrx_word' id='word_1_471' title='bbox 568 4550 711 4610; x_wconf 88' lang='lat' dir='ltr'>inlinitum</span> <span class='ocrx_word' id='word_1_472' title='bbox 744 4562 914 4626; x_wconf 88' lang='lat' dir='ltr'>excurrunt,</span> <span class='ocrx_word' id='word_1_473' title='bbox 944 4553 1055 4630; x_wconf 77' lang='lat' dir='ltr'>figurae</span> <span class='ocrx_word' id='word_1_474' title='bbox 1086 4568 1233 4629; x_wconf 78' lang='lat' dir='ltr'>congruae</span> <span class='ocrx_word' id='word_1_475' title='bbox 1262 4564 1382 4609; x_wconf 90' lang='lat' dir='ltr'>numere</span> <span class='ocrx_word' id='word_1_476' title='bbox 1413 4545 1594 4609; x_wconf 86' lang='lat' dir='ltr'>duodenario</span> 
     </span>
     <span class='ocr_line' id='line_1_48' title="bbox 241 4633 1594 4717; baseline 0.004 -25"><span class='ocrx_word' id='word_1_477' title='bbox 241 4633 389 4694; x_wconf 87' lang='lat' dir='ltr'>liniuntur.</span> <span class='ocrx_word' id='word_1_478' title='bbox 434 4635 570 4712; x_wconf 82' lang='lat' dir='ltr'>Derrique</span> <span class='ocrx_word' id='word_1_479' title='bbox 593 4638 809 4700; x_wconf 88' lang='lat' dir='ltr'>distinctionem</span> <span class='ocrx_word' id='word_1_480' title='bbox 829 4640 930 4701; x_wconf 89' lang='lat' dir='ltr'>circuli</span> <span class='ocrx_word' id='word_1_481' title='bbox 953 4641 1102 4717; x_wconf 87' lang='lat' dir='ltr'>quaelibet</span> <span class='ocrx_word' id='word_1_482' title='bbox 1123 4640 1218 4717; x_wconf 76' lang='lat' dir='ltr'>ligura</span> <span class='ocrx_word' id='word_1_483' title='bbox 1239 4639 1309 4697; x_wconf 88' lang='lat' dir='ltr'>iacit</span> <span class='ocrx_word' id='word_1_484' title='bbox 1323 4637 1448 4709; x_wconf 86' lang='lat' dir='ltr'>unicam,</span> <span class='ocrx_word' id='word_1_485' title='bbox 1473 4641 1503 4696; x_wconf 83' lang='lat' dir='ltr'>at</span> <span class='ocrx_word' id='word_1_486' title='bbox 1523 4653 1594 4714; x_wconf 86' lang='lat' dir='ltr'>par·</span> 
     </span>
     <span class='ocr_line' id='line_1_49' title="bbox 242 4721 1450 4806; baseline 0.001 -25"><span class='ocrx_word' id='word_1_487' title='bbox 242 4729 287 4781; x_wconf 85' lang='lat' dir='ltr'>tes</span> <span class='ocrx_word' id='word_1_488' title='bbox 311 4724 340 4780; x_wconf 92' lang='lat' dir='ltr'>in</span> <span class='ocrx_word' id='word_1_489' title='bbox 364 4721 472 4783; x_wconf 88' lang='lat' dir='ltr'>circulo</span> <span class='ocrx_word' id='word_1_490' title='bbox 491 4726 673 4787; x_wconf 76' lang='lat' dir='ltr'>constitutae</span> <span class='ocrx_word' id='word_1_491' title='bbox 696 4724 771 4787; x_wconf 91' lang='lat' dir='ltr'>duas</span> <span class='ocrx_word' id='word_1_492' title='bbox 791 4745 906 4806; x_wconf 89' lang='lat' dir='ltr'>semper</span> <span class='ocrx_word' id='word_1_493' title='bbox 927 4729 1037 4789; x_wconf 87' lang='lat' dir='ltr'>iaciunt</span> <span class='ocrx_word' id='word_1_494' title='bbox 1060 4745 1125 4788; x_wconf 86' lang='lat' dir='ltr'>cnm</span> <span class='ocrx_word' id='word_1_495' title='bbox 1148 4734 1211 4788; x_wconf 90' lang='lat' dir='ltr'>toto</span> <span class='ocrx_word' id='word_1_496' title='bbox 1234 4726 1450 4785; x_wconf 83' lang='lat' dir='ltr'>consonantiae.</span> 
     </span>
    </p>

    <p class='ocr_par' dir='ltr' id='par_1_11' title="bbox 328 4808 1595 4889">
     <span class='ocr_line' id='line_1_50' title="bbox 328 4808 1595 4889; baseline 0.003 -21"><span class='ocrx_word' id='word_1_497' title='bbox 328 4808 391 4869; x_wconf 86' lang='lat' dir='ltr'>Etsi</span> <span class='ocrx_word' id='word_1_498' title='bbox 412 4827 484 4871; x_wconf 72' lang='lat' dir='ltr'>ruo</span> <span class='ocrx_word' id='word_1_499' title='bbox 505 4813 604 4889; x_wconf 89' lang='lat' dir='ltr'>potior</span> <span class='ocrx_word' id='word_1_500' title='bbox 624 4815 655 4873; x_wconf 91' lang='lat' dir='ltr'>iu</span> <span class='ocrx_word' id='word_1_501' title='bbox 676 4814 735 4877; x_wconf 87' lang='lat' dir='ltr'>hoc</span> <span class='ocrx_word' id='word_1_502' title='bbox 756 4817 841 4876; x_wconf 88' lang='lat' dir='ltr'>tertio</span> <span class='ocrx_word' id='word_1_503' title='bbox 862 4814 938 4877; x_wconf 90' lang='lat' dir='ltr'>libro</span> <span class='ocrx_word' id='word_1_504' title='bbox 958 4819 1036 4878; x_wconf 87' lang='lat' dir='ltr'>ratio</span> <span class='ocrx_word' id='word_1_505' title='bbox 1058 4818 1113 4876; x_wconf 88' lang='lat' dir='ltr'>erit</span> <span class='ocrx_word' id='word_1_506' title='bbox 1141 4813 1396 4876; x_wconf 88' lang='lat' dir='ltr'>demonstrationis</span> <span class='ocrx_word' id='word_1_507' title='bbox 1415 4811 1595 4872; x_wconf 76' lang='lat' dir='ltr'>remouere</span> 
     </span>
    </p>
   </div>
   <div class='ocr_carea' id='block_1_9' title="bbox 241 4893 1596 4980">
    <p class='ocr_par' dir='ltr' id='par_1_12' title="bbox 241 4893 1596 4980">
     <span class='ocr_line' id='line_1_51' title="bbox 241 4893 1596 4980; baseline -0.015 -2"><span class='ocrx_word' id='word_1_508' title='bbox 241 4893 379 4972; x_wconf 59' lang='lat' dir='ltr'>mma</span> <span class='ocrx_word' id='word_1_509' title='bbox 401 4914 490 4975; x_wconf 65' lang='lat' dir='ltr'>‘im</span> <span class='ocrx_word' id='word_1_510' title='bbox 511 4902 722 4978; x_wconf 53' lang='lat' dir='ltr'>&amp;immisti</span> <span class='ocrx_word' id='word_1_511' title='bbox 742 4901 902 4980; x_wconf 66' lang='lat' dir='ltr'>fimum</span> <span class='ocrx_word' id='word_1_512' title='bbox 923 4911 1069 4979; x_wconf 83' lang='lat' dir='ltr'>totarum,</span> <span class='ocrx_word' id='word_1_513' title='bbox 1097 4903 1173 4965; x_wconf 87' lang='lat' dir='ltr'>haec</span> <span class='ocrx_word' id='word_1_514' title='bbox 1193 4907 1293 4963; x_wconf 68' lang='lat' dir='ltr'>umeu</span> <span class='ocrx_word' id='word_1_515' title='bbox 1314 4905 1435 4978; x_wconf 88' lang='lat' dir='ltr'>propter</span> <span class='ocrx_word' id='word_1_516' title='bbox 1455 4910 1596 4978; x_wconf 72' lang='lat' dir='ltr'>maguam</span> 
     </span>
    </p>
   </div>
   <div class='ocr_carea' id='block_1_10' title="bbox 0 0 1788 5623">
    <p class='ocr_par' dir='ltr' id='par_1_13' title="bbox 0 0 1788 5623">
     <span class='ocr_line' id='line_1_52' title="bbox 0 0 1788 5623; baseline 0 0"><span class='ocrx_word' id='word_1_517' title='bbox 0 0 1788 5623; x_wconf 95' lang='lat' dir='ltr'> </span> 
     </span>
    </p>
   </div>
  </div>
 </body>
</html>
