3567 5625
274 484 338 542 264
687 475 729 528 De
748 471 1012 561 configurationibus
1033 472 1210 529 Harmonicis.

274 657 375 715 eniml'
396 652 552 713 virtutihus
582 650 718 728 praediti.
762 648 851 712 Refer
880 651 939 710 huc
961 648 1088 728 reliqua,
1120 671 1196 730 quae
1225 673 1314 734 supra
1341 655 1377 716 de
1399 656 1627 735 physiognomia

275 743 334 803 din
359 740 474 819 dicique
498 738 624 816 amplius
646 748 774 816 possent.

362 830 408 890 De
438 830 526 905 genio
556 826 673 886 tutelari
704 834 850 886 testantur
873 825 974 884 divina
998 825 1118 885 oracula
1143 832 1211 901 (lob.
1231 831 1452 889 senectute.
1477 835 1544 889 hoc.
1564 837 1626 903 lb),

274 916 399 994 singulis
427 919 464 976 iis
492 914 672 991 singulorum
699 914 850 974 hominum
878 911 1027 972 custodias
1057 926 1121 973 cese
1150 915 1307 974 attributas
1339 915 1496 993 datamque
1519 926 1549 977 et
1571 918 1626 975 ad·

274 1006 464 1065 monitionem
487 1010 517 1062 et
539 1003 776 1061 intercessionem
799 1000 837 1060 ad
861 999 989 1059 tribunal
1011 1000 1215 1076 providentiae
1235 1001 1299 1060 Dei.
1344 1002 1460 1063 Nullam
1483 1005 1531 1065 hic
1553 1022 1626 1082 pos-

273 1094 436 1154 sessiouem
458 1090 549 1150 babet
570 1100 676 1148 natura
697 1107 793 1149 rerum
815 1087 987 1162 sensilium;
1017 1089 1042 1145 si
1066 1095 1162 1148 mmen
1193 1088 1333 1164 astrologi
1362 1109 1399 1151 ex
1421 1093 1549 1152 themate
1572 1109 1627 1169 go·

273 1180 421 1241 netbliaco
450 1179 662 1256 praenunciare
689 1184 812 1254 possunt
842 1193 928 1235 casus
958 1174 1045 1251 plane
1074 1176 1209 1235 fortuitos
1238 1178 1423 1251 (naturaliter
1450 1175 1625 1261 loquendo),

273 1269 330 1328 hoc
353 1274 398 1327 est
420 1266 505 1339 tales,
529 1268 578 1341 qui
603 1280 698 1340 neque
721 1283 758 1323 ex
780 1262 865 1323 malis
888 1263 1015 1322 bominis
1038 1265 1182 1336 moribus,
1206 1280 1242 1322 ex
1265 1268 1436 1341 temeritate,
1461 1285 1496 1326 cx
1519 1270 1626 1327 intem·
1665 1288 1669 1297 ·

252 1355 407 1436 ⁴perantia
430 1357 491 1413 irae
520 1351 687 1411 libidinisve
711 1352 895 1425 aeciderunt,
926 1364 1021 1427 neque
1051 1367 1070 1409 a
1093 1352 1193 1410 vultus
1216 1350 1422 1428 dedignatione
1452 1354 1626 1431 dependent,

274 1461 350 1522 quae
382 1441 440 1501 duo
469 1442 603 1500 lonuuae
636 1438 826 1500 fundamenta
855 1438 996 1499 hactenus
1019 1438 1166 1516 explicata
1188 1448 1270 1510 sunt,
1300 1452 1332 1498 ut
1355 1441 1433 1516 quod
1465 1442 1564 1517 tegula
1588 1442 1624 1502 de

273 1538 351 1591 tecto
376 1528 498 1606 delapsa
528 1528 593 1586 lerit
621 1535 869 1603 praetereuntem,
900 1525 980 1602 quod
1001 1536 1165 1602 reptantem
1195 1529 1224 1583 in
1246 1525 1329 1585 silvis
1358 1528 1424 1587 ierit
1446 1529 1551 1604 globus
1575 1538 1627 1589 aut

274 1619 383 1694 sagitta
412 1617 588 1693 improvisa,
619 1614 699 1690 quod
728 1617 813 1674 nasis
844 1615 978 1673 demersa
1005 1615 1127 1673 miseros
1150 1622 1284 1672 vectores
1307 1614 1411 1674 mediis
1444 1621 1564 1694 exponit
1595 1620 1626 1675 in

274 1704 371 1777 undis,
396 1703 475 1780 quod
498 1703 623 1761 flammis
645 1700 694 1760 hle
717 1704 892 1780 interceptus
917 1702 1119 1776 exstinguitur,
1142 1700 1193 1760 ille
1217 1703 1300 1760 ruina
1321 1701 1424 1762 domus
1448 1704 1495 1764 vel
1518 1708 1627 1764 montis

180 1814 190 1829 =
276 1793 466 1869 opprimitur,
496 1776 526 1848 et
556 1791 585 1846 in
619 1791 809 1864 contrarium,
842 1788 922 1867 quod
950 1789 1130 1864 insperatam
1160 1789 1208 1848 hie
1237 1789 1447 1849 haereditatem
1475 1791 1552 1864 adit,
1576 1792 1626 1851 ille

274 1879 444 1939 thesaurum
472 1877 592 1935 fortuito
622 1878 749 1949 invenit,
785 1879 810 1936 si
841 1880 960 1954 inquam
990 1875 1089 1934 thema
1118 1875 1335 1952 genethliacnm
1363 1881 1493 1937 continet
1521 1879 1626 1938 horum

275 1983 396 2026 casuum
417 1965 540 2037 indicia,
572 1964 622 2039 qui
645 1965 792 2041 pertinent
819 1964 856 2023 ad
879 1962 977 2038 angeli
1006 1962 1136 2022 custodis
1159 1966 1260 2021 monia
1290 1965 1362 2024 citra
1385 1968 1625 2040 controversiam,

275 2060 393 2131 oportet
423 2061 453 2113 et
482 2052 551 2111 huie
577 2050 728 2111 custodiae
755 2052 965 2128 impedimento
995 2067 1031 2109 ex
1061 2060 1140 2110 astro
1162 2050 1349 2126 genethliaco
1371 2056 1525 2129 provenire
1554 2071 1627 2130 pro·

274 2142 480 2217 motionesque
503 2139 677 2213 contraries,
708 2139 785 2215 quod
810 2158 878 2198 nuru
901 2139 1020 2216 impiam
1043 2141 1219 2197 sententiam
1242 2142 1271 2195 in
1294 2155 1326 2198 se
1349 2144 1511 2214 contineat,
1540 2140 1628 2200 vide-

274 2231 333 2287 rint
354 2227 499 2305 theologi,
522 2227 692 2304 praesertim
717 2229 746 2301 ii,
771 2230 821 2302 qui
844 2242 951 2303 niagno
967 2240 1086 2285 numero
1103 2227 1233 2285 scribunt
1246 2243 1369 2301 geneses
1384 2236 1413 2288 et
1429 2231 1626 2305 prognostica.

275 2316 490 2393 Experientiam
514 2329 569 2390 ego
593 2312 703 2387 babeo,
736 2314 851 2390 qualem
876 2315 971 2373 dicam
994 2316 1110 2387 neseio,
1143 2312 1266 2373 duorum
1289 2313 1455 2388 hominum,
1485 2319 1534 2393 qui
1559 2333 1627 2376 eum

275 2410 374 2464 essent
395 2406 462 2461 nati
480 2402 535 2460 sub
558 2399 830 2461 constellationibus
854 2402 1074 2462 violentissimis
1104 2416 1258 2476 moresque
1280 2413 1469 2476 sequerentur
1497 2421 1555 2462 non
1580 2403 1629 2461 di·

275 2492 362 2565 versi,
385 2489 460 2550 adeo
476 2497 507 2547 ut
523 2488 609 2547 alteri
633 2504 734 2559 eorum
748 2488 835 2548 lndus
851 2500 937 2563 esset,
960 2487 1038 2548 saltu
1060 2506 1110 2564 per
1124 2490 1295 2565 praecipitia
1310 2490 1376 2551 terri
1391 2492 1547 2566 medioque
1571 2508 1629 2550 vo-

274 2578 338 2639 latu
360 2577 458 2637 innam
482 2578 625 2653 arripere,
657 2594 675 2634 a
706 2593 765 2652 qno
794 2578 819 2635 si
842 2578 1021 2649 abenasset,
1050 2576 1112 2652 jam
1145 2585 1243 2634 actum
1273 2575 1309 2635 de
1338 2577 1401 2653 ejus
1423 2581 1486 2637 vita
1512 2579 1628 2652 subeat,

192 2738 195 2741 ¹
274 2668 432 2744 perniciem
463 2673 561 2723 mmen
590 2663 645 2721 sihi
678 2665 839 2723 temeritate
866 2664 923 2723 s'ua
950 2680 1008 2721 non
1040 2665 1229 2722 accersivisse
1258 2671 1328 2722 sunt
1350 2667 1422 2740 visi3
1453 2683 1522 2724 iram
1551 2665 1629 2725 alter

275 2770 375 2815 eorum
397 2752 536 2832 (ulmine,
568 2749 641 2811 alter
663 2749 753 2827 globo
775 2750 916 2829 plumbeo
938 2769 957 2812 a
980 2761 1117 2811 venatore
1141 2753 1216 2811 ictus
1239 2759 1299 2824 est,
1326 2768 1391 2811 eum
1414 2757 1439 2811 is
1463 2754 1531 2813 ieris
1554 2755 1630 2813 iusi·

276 2842 375 2901 dietus
408 2845 475 2899 visu
504 2847 534 2899 et
562 2840 683 2898 auribus
712 2840 887 2899 aberrasset.
939 2840 1001 2900 Neo
1030 2839 1134 2912 video,
1163 2841 1214 2916 qui
1244 2837 1358 2898 coelum
1389 2843 1446 2898 ista
1474 2843 1583 2917 possit'
1598 2845 1630 2900 in

198 2997 203 3007 ¹
275 2929 424 2989 homiuem
447 2930 520 2987 citra
542 2928 662 3002 genios,
686 2926 765 3001 qnod
790 2936 901 3001 cetera,
925 2944 1002 3004 quae
1024 2935 1131 3002 potest,
1154 2928 1253 2984 omnia
1277 2943 1328 3002 per
1351 2927 1476 2987 bominis
1498 2931 1631 2988 animum

276 3033 421 3093 corpusve
443 3011 563 3094 (quibus
585 3011 624 3071 ad
646 3015 704 3071 ista
728 3013 809 3073 nulla
825 3015 870 3073 vis
894 3012 981 3092 inest)
1002 3030 1090 3089 posse
1106 3012 1339 3091 deprehenditur.
1385 3014 1462 3075 lllud
1483 3016 1554 3074 mihi
1569 3033 1631 3076 nou

276 3102 367 3164 semel
396 3101 522 3176 accidit,
552 3099 631 3176 quod
661 3117 727 3160 cum
758 3100 808 3160 diu
836 3101 1018 3178 multumque
1050 3119 1096 3160 me
1130 3104 1343 3160 excruciassem
1373 3105 1631 3164 commiseratione

277 3189 462 3268 quorundam
483 3190 603 3248 fortuito
625 3190 823 3263 pereuntium,
847 3190 898 3265 qui
919 3188 991 3246 mihi
1015 3191 1071 3245 visi
1094 3196 1162 3247 sunt
1184 3191 1423 3263 innocentissimi,
1453 3190 1571 3251 tandem
1595 3208 1633 3250 ex

276 3277 334 3337 fide
357 3276 452 3353 dignis
474 3276 597 3348 rescivi,
629 3276 719 3334 vitam
743 3274 858 3334 illorum
880 3294 951 3353 prae
974 3278 1078 3336 ceteris
1101 3275 1190 3335 talem
1212 3277 1316 3350 inisse,
1346 3295 1405 3353 qua
1425 3278 1512 3337 facile
1532 3278 1633 3337 bonus

201 3403 205 3414 ι
276 3365 409 3442 angelus,
433 3371 466 3421 ut
488 3380 560 3440 apes
581 3361 670 3436 iumc,
694 3363 841 3443 abigatur,
865 3363 1004 3422 ethome
1028 3365 1123 3423 caecis
1146 3365 1272 3437 casibus,
1296 3371 1329 3423 ut
1351 3368 1413 3425 sine
1428 3374 1539 3425 rectore
1563 3383 1634 3424 cur·

278 3469 343 3525 rue,
372 3452 500 3529 permitti
523 3449 632 3522 soleat,
663 3449 744 3509 velut
773 3455 977 3528 emancipatus
1005 3453 1140 3528 apatria
1165 3452 1219 3511 Dei
1249 3455 1386 3511 creatoris
1409 3456 1455 3512 sui
1483 3461 1634 3529 potestate

277 3555 392 3614 suoque
424 3540 582 3617 permissus
613 3536 752 3609 arbitrio,
783 3540 841 3597 imo
869 3538 1016 3615 tyrannidi
1040 3538 1178 3598 Satanae.
1223 3539 1396 3615 Cujnsmodi
1426 3540 1538 3616 aliquid
1560 3557 1635 3599 num

280 3629 367 3688 etiam
393 3626 428 3685 de
452 3628 534 3704 prius
557 3626 661 3701 positis
685 3625 827 3702 exemplis
855 3628 894 3685 sit
916 3625 1103 3686 statuendum
1133 3625 1234 3702 illique
1265 3643 1351 3685 casus
1378 3630 1488 3686 nemesi
1512 3628 1635 3688 divinae

279 3713 435 3787 tribuendi,
459 3712 540 3772 solus
565 3713 590 3769 is
612 3713 713 3784 novit,
738 3716 789 3788 qui
812 3713 902 3773 corda
923 3723 1082 3782 scrutator,
1113 3715 1162 3789 qui
1186 3715 1288 3772 visitat
1310 3711 1492 3791 iniquitatem
1516 3725 1637 3791 patrum

279 3803 309 3859 ln
336 3800 422 3860 lilios
442 3803 471 3858 in
499 3802 614 3859 tertiam
644 3806 674 3857 et
701 3810 834 3875 quartam
865 3804 1091 3877 generationem.
1138 3799 1246 3860 Vemm
1280 3801 1315 3861 de
1346 3803 1481 3861 omnibus
1512 3803 1636 3863 fortuito

279 3888 470 3967 pereuntibus
493 3888 571 3946 absit
598 3893 631 3945 ut
653 3887 777 3947 eandem
799 3889 891 3947 feram
913 3892 1097 3948 sententiam.
1144 3887 1203 3947 Sed
1226 3891 1306 3949 vitae
1336 3889 1424 3949 talem
1452 3891 1637 3967 impietatem

280 3976 462 4052 conjectores
485 3992 520 4033 ex
545 3976 631 4032 astris
654 3973 753 4033 videre
776 3993 834 4034 nou
859 3983 1000 4052 possunt,
1031 3993 1085 4035 nee
1108 3978 1183 4035 enim
1212 3977 1242 4032 in
1266 3977 1340 4037 coeli
1364 3976 1457 4054 ligura
1486 3977 1638 4054 descripta

280 4070 349 4123 sunt
371 4061 473 4121 divina
495 4062 605 4140 unsilia
633 4071 734 4119 contra
756 4079 863 4138 pravas
887 4065 1051 4121 animorum
1081 4064 1299 4136 inclinationes,
1331 4066 1458 4142 inques
1486 4065 1561 4125 coeli
1584 4068 1637 4124 in·

279 4151 376 4211 fluxus
397 4159 466 4227 post
489 4149 603 4225 lapsum
627 4146 798 4224 degenerat,
828 4166 886 4207 non
911 4167 1111 4228 corrumpens,
1143 4150 1194 4210 sed
1223 4159 1389 4228 corruptum
1418 4154 1542 4211 incitans
1565 4155 1636 4211 ani·

280 4255 376 4314 mum;
406 4237 500 4297 multo
523 4237 620 4294 minus
643 4238 672 4295 in
696 4234 814 4295 Saturni
838 4237 950 4310 livore,
979 4237 1084 4298 Martis
1105 4238 1212 4299 rubore
1236 4246 1303 4298 sunt
1326 4241 1464 4316 inscripta
1496 4240 1635 4299 velutin

278 4325 433 4406 pandectis
464 4339 624 4401 poenarum
647 4340 772 4399 genera,
804 4327 934 4401 peccatis
955 4327 1078 4401 singolis
1110 4325 1217 4386 debita
1263 4327 1366 4403 ltaque
1397 4344 1462 4386 cum
1488 4331 1637 4388 connexio

279 4414 422 4473 naturalis
444 4412 548 4472 barum
571 4428 665 4470 rerum
689 4427 754 4470 curn
771 4412 854 4471 coelo
878 4412 1047 4472 immediata
1068 4412 1150 4471 nulla
1172 4416 1219 4487 sit,
1239 4414 1302 4489 jam
1318 4414 1408 4474 semel
1423 4421 1510 4491 atque
1526 4417 1636 4474 iterum

279 4518 332 4578 per
354 4499 409 4559 bos
432 4501 474 4560 20
497 4515 590 4559 annos
613 4494 680 4557 dedi
702 4498 820 4575 publice
843 4499 1102 4570 considerandum,
1132 4517 1168 4558 an
1195 4502 1271 4559 sicut
1300 4502 1467 4578 spirituales
1495 4501 1538 4560 illi
1561 4521 1637 4579 pro·

163 4601 170 4614 ¹
279 4589 444 4648 vinciarum
465 4586 700 4665 populorumque
716 4586 865 4663 praesides
881 4606 900 4645 a
915 4589 1065 4662 spiritibus
1083 4587 1303 4647 insidiatoribus
1319 4589 1450 4665 impediri
1467 4607 1499 4650 se
1519 4607 1584 4666 cap.
1603 4594 1634 4650 9.

281 4675 416 4735 Danielis
438 4683 608 4751 queruntur,
632 4677 674 4732 sio
696 4675 784 4732 etiam
809 4674 990 4750 singulorum
1014 4667 1165 4734 hominum
1188 4677 1267 4751 genii
1290 4676 1328 4735 ab
1351 4677 1437 4735 astris
1459 4677 1638 4737 naturaliter

283 4763 401 4840 quidem
425 4761 628 4838 impediantur,
652 4777 711 4836 quo
734 4763 831 4820 minus
854 4761 1006 4821 commode
1028 4765 1162 4822 resistere
1185 4764 1300 4839 possint
1325 4765 1521 4842 potestatibus
1544 4767 1634 4837 aeris,

283 4857 422 4927 uanoque
445 4845 530 4908 nobis
552 4848 775 4922 insidiantibus,
804 4847 915 4925 illaque
943 4850 1151 4926 impedimenta
1180 4850 1406 4927 praevideantur
1436 4869 1472 4909 ex
1502 4850 1635 4913 themate

279 4938 359 5012 nati,
388 4936 468 5014 quod
491 4937 613 4995 tortasse
637 4937 726 4996 etiam
748 4937 778 4995 in
800 4938 920 5014 genium
941 4938 1072 5015 influxit,
1100 4954 1160 4997 non
1182 4940 1279 4998 minus
1310 4955 1398 5016 quam
1424 4939 1455 4997 in
1479 4942 1632 5000 nascentis
