3567 5625
277 408 341 467 tre
745 399 912 472 epponem
930 363 1154 458 mansium

275 580 346 639 time
368 577 544 640 dissolverit
590 578 637 639 De
659 578 780 657 reliquis
802 579 923 640 Robero
944 577 1177 655 particularibus
1192 531 1461 656 compsrctiouibns
1480 579 1626 657 judicium

276 675 340 726 estc
362 667 480 728 lectoris
510 666 638 740 oculati,
669 669 741 744 qnid
763 669 888 744 quisque
917 675 1048 728 nocuum
1080 667 1116 728 de
1138 685 1193 727 sua
1215 669 1388 727 tractatione
1418 685 1487 728 rere
1510 668 1622 730 dixerit.

274 753 351 814 Nam
373 756 398 813 si
421 754 492 831 quid
515 770 570 830 ego
592 771 691 815 meum
713 760 823 815 instruc
847 755 985 814 lectorem
1006 772 1094 833 super
1115 763 1196 816 textu
1219 771 1302 826 meo,
1331 771 1385 831 par
1411 756 1548 831 squidem
1570 765 1623 829 est,

274 849 308 900 ιιι
330 841 407 901 idem
429 849 459 901 et
481 840 611 901 Roberto
633 841 722 902 liceat
744 846 773 900 in
796 859 862 901 suu.
907 844 1007 918 Atque
1030 859 1108 914 ecce,
1132 840 1203 920 quid
1217 842 1364 902 liebertus
1387 840 1480 916 dicat,
1503 843 1540 901 dc
1562 862 1623 903 sec·

274 930 405 989 tionibus
426 928 555 988 chordae
575 946 624 987 mc
645 933 735 1005 spisse
756 930 853 989 ιιιὸἰι
873 932 967 988 nimis
988 933 1131 1005 copiosic5
1154 947 1220 989 cum
1243 929 1317 988 baec
1338 932 1433 990 omnis
1456 933 1544 1007 copia
1566 949 1623 991 non

274 1018 402 1094 potuerit
424 1014 556 1076 sulficere
579 1014 708 1076 Roberto
739 1016 778 1076 sd
801 1016 897 1076 lucem
919 1016 1050 1092 aliquam
1073 1020 1150 1076 circa
1174 1020 1372 1076 inventionem
1394 1016 1551 1095 diapason,
1587 1019 1622 1078 de

274 1122 333 1180 qua
360 1105 424 1179 jam
452 1102 642 1179 poenitudine
672 1103 777 1163 ductus
806 1107 863 1178 sit,
893 1121 940 1163 me
961 1106 1078 1163 nonnisi
1100 1105 1224 1164 obscure
1247 1107 1351 1180 egisse.
1398 1106 1438 1162 Λι
1467 1106 1540 1164 mihi
1569 1122 1623 1182 ego

275 1190 376 1250 videor
404 1187 530 1250 chordae
559 1192 749 1254 bisectionem
778 1208 814 1250 ex
843 1191 1005 1250 rationibus
1033 1190 1166 1251 diametri
1196 1190 1297 1251 circuli
1319 1191 1478 1252 clarissime
1512 1192 1622 1270 produ·

273 1281 366 1356 niss03
390 1277 489 1337 videat
510 1277 612 1350 lector,
635 1281 661 1338 si
685 1278 755 1355 qnid
777 1279 852 1337 lueis
875 1280 994 1354 iusuper
1017 1277 1097 1355 apud
1118 1278 1279 1339 Βοιιιιιιιιι
1302 1277 1359 1338 bac
1380 1281 1411 1337 in
1425 1287 1508 1356 parte
1529 1281 1622 1357 possit

274 1367 418 1438 invenire,
450 1362 507 1426 non
537 1366 691 1439 invidebo,
724 1383 891 1426 communes
921 1367 998 1425 euim
1028 1366 1142 1426 tradere
1170 1366 1253 1426 lubet
1275 1383 1380 1442 operas
1411 1370 1440 1424 iu
1462 1366 1623 1427 lectoribus
1739 1387 1743 1393 ·

273 1452 446 1513 erudiendis.
497 1452 601 1530 ltaque
628 1456 716 1512 etiam
748 1456 777 1512 in
809 1461 899 1529 caput
927 1469 1026 1513 meum
1056 1470 1178 1527 nonum,
1217 1453 1296 1529 quod
1329 1471 1432 1514 canses
1462 1456 1622 1516 confusion

273 1539 361 1600 modo
383 1543 538 1616 scriptum,
568 1540 692 1600 libenter
714 1543 853 1616 majorem
875 1558 913 1599 ex
935 1548 964 1599 te
987 1540 1132 1613 ordinem,
1164 1558 1253 1617 qnam
1275 1557 1331 1618 ego
1362 1546 1505 1617 consequi
1528 1546 1620 1619 potui,

273 1631 423 1704 recipiam,
453 1629 478 1687 si
499 1626 591 1687 lector
617 1629 757 1703 majorem
786 1630 814 1685 in
845 1631 904 1686 tuis
931 1643 1090 1702 agnoscere
1119 1630 1234 1703 poterit.
1278 1626 1338 1688 Sed
1364 1646 1420 1688 nec
1447 1633 1622 1690 memnoni

272 1717 406 1775 dacium
428 1714 455 1788 b,
477 1715 497 1771 b
519 1715 689 1775 deritoaem
711 1718 859 1788 majoros
882 1732 977 1791 quarn
999 1715 1087 1790 apud
1105 1734 1169 1789 mc,
1192 1731 1314 1775 suamve
1337 1716 1621 1776 commendationem

261 1802 442 1878 denegabo,
473 1801 617 1878 siquidem
650 1804 750 1862 lectori
780 1819 838 1860 non
855 1801 1008 1861 suffecerit
1037 1802 1075 1861 sd
1098 1802 1154 1861 boc
1176 1805 1286 1879 (capite
1308 1817 1373 1862 meo
1403 1800 1548 1885 secundo)
1570 1822 1622 1864 ac·

272 1892 393 1950 sociatio
416 1889 629 1966 quinquanguli
651 1899 681 1950 et
702 1890 872 1966 sexanguli3
894 1887 1051 1948 dnmmodo
1073 1889 1213 1972 latentur,
1244 1907 1277 1950 ss
1300 1899 1415 1950 tantum
1438 1892 1466 1948 in
1489 1890 1621 1952 Roberto

274 1977 347 2037 lucis
370 1979 526 2037 invenisse.

360 2062 447 2140 Quod
476 2066 564 2141 igitur
591 2063 648 2125 fine
663 2063 759 2140 uujns
786 2063 943 2140 snalyseos
965 2070 1061 2136 tunm,
1090 2061 1233 2136 Roberte,
1264 2063 1410 2124 scribendi
1436 2063 1556 2124 modum
1581 2066 1619 2125 de

272 2151 441 2212 harmonica
463 2153 585 2211 materia
604 2150 717 2228 prolixe
739 2167 871 2224 excuses,
897 2149 985 2211 velim
1001 2149 1163 2226 recolligas,
1187 2167 1337 2226 nunqnam
1353 2150 1435 2210 illum
1458 2171 1538 2212 ame
1553 2171 1620 2213 esse

272 2247 458 2313 comestum,
481 2240 729 2315 comparationem
752 2240 879 2310 institui,
909 2255 967 2296 non
989 2240 1221 2310 accusationem,
1245 2238 1283 2296 ad
1305 2238 1496 2298 erudiendum
1519 2239 1621 2317 pbilo-

275 2326 396 2404 sophise
418 2325 598 2397 studiosum,
630 2342 689 2385 non
718 2325 756 2385 ad
779 2323 993 2402 implorandum
1019 2324 1128 2399 judicis
1150 2325 1288 2386 cilicium.
1335 2326 1401 2402 Epo
1430 2328 1524 2401 lotape
1544 2346 1621 2388 orn-

272 2417 352 2474 tionc
374 2415 528 2489 verbim
547 2414 652 2473 multis
673 2420 759 2486 utor,
791 2412 903 2473 scilicet
925 2421 958 2470 ut
980 2410 1117 2484 doceam,
1145 2420 1180 2472 tu
1201 2416 1236 2471 in
1258 2412 1362 2472 brevio
1384 2414 1554 2489 metrobio,
1588 2424 1622 2474 ut

272 2518 348 2578 qnae
371 2503 436 2578 quis
459 2510 528 2561 snts
549 2509 579 2560 te
602 2499 718 2574 docuit,
745 2507 778 2558 tu
799 2503 957 2560 memoriae
980 2498 1182 2575 commendes;
1210 2516 1268 2558 nou
1291 2503 1424 2576 sequitur
1445 2510 1498 2561 tns
1520 2502 1622 2561 brevi·

271 2597 318 2647 tas
341 2591 396 2647 nisi
418 2591 569 2665 praeviam
591 2588 712 2647 alterius
733 2590 858 2664 copiam,
892 2596 922 2646 et
944 2587 1001 2645 nisi
1023 2604 1083 2645 rem
1105 2586 1181 2646 alius
1203 2587 1316 2663 prolixe
1338 2589 1430 2647 sistat'
1446 2589 1484 2646 ob
1506 2590 1621 2662 oculos,

272 2675 351 2752 quod
374 2692 429 2752 ego
451 2675 659 2752 praestandum
681 2677 789 2747 sumai,
820 2690 877 2735 non
902 2684 935 2734 tu
957 2676 999 2734 rei
1025 2673 1159 2749 figurata
1180 2675 1227 2733 cel
1247 2674 1504 2750 hieroglyphicas
1533 2676 1621 2735 effin-

271 2765 357 2823 xeris.
402 2762 487 2823 Alius
509 2763 655 2841 simplicia
676 2770 846 2834 coacervat,
869 2771 901 2820 tu
924 2759 1051 2822 extrahis
1074 2763 1230 2825 essentiam
1253 2760 1441 2838 colligisque;
1464 2780 1518 2823 nec
1542 2764 1620 2824 adeo

272 2853 409 2923 rejicitur
428 2851 601 2927 faeculenta
622 2851 807 2923 ιιιὸιιιιιιι,
837 2858 870 2908 nt
891 2849 1141 2926 plantaeripsins,
1172 2867 1261 2925 quam
1284 2858 1389 2909 natura
1409 2862 1620 2926 repraesentat,

273 2937 494 3013 oblivipcamur3
531 2955 584 2997 nec
611 2936 733 3010 sufficit,
772 2937 854 3012 quod
885 2937 1000 2997 bonum
1030 2945 1071 2995 est
1100 2939 1135 2994 in
1163 2939 1285 2997 υιιιιιιι
1308 2939 1437 3012 proprio
1463 2939 1620 3014 collocare

272 3026 453 3100 quinetiam
476 3023 779 3098 animadvertendum,
803 3024 880 3082 unde
902 3026 942 3082 sit
962 3022 1036 3083 illud
1059 3022 1224 3085 collectum.
1268 3025 1332 3099 Ego
1356 3024 1541 3085 collectorem
1572 3031 1623 3102 egi

271 3112 426 3172 herbarum
448 3111 633 3185 idonearum,
657 3111 833 3183 videreta,
857 3112 965 3187 quibus
987 3127 1023 3169 ex
1044 3110 1159 3183 herbis,
1182 3130 1200 3170 ιι
1223 3129 1282 3187 quo
1306 3109 1461 3172 collectore
1483 3118 1620 3185 coiimtis,

271 3207 338 3258 tuos
360 3203 536 3276 expresseris
564 3200 701 3275 liquores.
745 3198 833 3272 Esto,
865 3197 957 3258 lateat
978 3199 1129 3258 ιιιιιιιιιι
1159 3198 1259 3257 adlice
1286 3216 1438 3259 orcnuecn
1463 3203 1621 3276 momine,

270 3286 349 3364 qnod
372 3288 527 3347 verborum
547 3286 714 3363 prolixitate
737 3284 860 3364 indiget,
890 3302 944 3345 nec
964 3285 1175 3361 manifestetur
1196 3295 1323 3358 acturo,
1354 3289 1524 3347 nirieotdis
1546 3307 1622 3348 ors-

271 3375 358 3433 tionis
381 3375 523 3449 υιιιὶιιιις
544 3391 603 3435 non
626 3376 683 3433 ista
704 3372 760 3432 soli
783 3373 924 3451 chymici,
948 3371 1083 3433 videntur
1104 3372 1206 3431 albnia
1227 3384 1257 3432 et
1278 3372 1365 3431 Plato
1388 3381 1417 3432 et
1440 3375 1620 3436 Aristoteles

269 3461 431 3535 inculcare„
448 3462 565 3539 quando
587 3463 677 3521 menti
700 3477 800 3520 rerum
822 3463 925 3520 edenti
944 3459 1008 3534 jam
1030 3458 1212 3519 definitiones
1235 3470 1265 3519 et
1279 3461 1442 3536 syllogismi
1464 3472 1495 3520 nt
1510 3479 1621 3539 super-

270 3548 321 3608 flui
344 3549 518 3608 adimuntur.
563 3548 603 3608 At
619 3548 724 3621 hercle,
747 3548 818 3607 milri
840 3547 997 3608 videbatur
1018 3546 1091 3606 baec
1113 3550 1288 3623 cognitionis
1311 3547 1495 3609 harmonicae
1509 3560 1621 3610 natura

271 3637 360 3712 fugax
383 3637 535 3713 latensque
557 3638 682 3713 primum
705 3639 834 3694 omnium
866 3636 915 3694 vel
944 3652 1059 3693 summa
1081 3642 1163 3695 reste
1185 3634 1428 3712 apprehendenda
1460 3638 1619 3714 verbisque

272 3723 393 3798 prolixis
415 3724 550 3783 involuta
572 3722 763 3795 continenda,
790 3722 847 3783 hoc
869 3730 915 3781 est
937 3723 967 3781 in
990 3721 1131 3781 lectomm
1151 3724 1257 3781 animis
1286 3723 1473 3798 exprimenda
1502 3731 1533 3783 ct
1555 3725 1621 3784 tor·

271 3809 395 3881 manda,
424 3812 450 3870 si
476 3812 549 3871 lorte
579 3810 719 3870 succedat
747 3809 819 3868 mihi
846 3809 954 3885 aliquis
984 3811 1027 3867 tui
1048 3808 1152 3867 similis
1174 3804 1259 3890 (nam
1288 3817 1349 3869 tute
1372 3812 1435 3886 ipse
1463 3828 1531 3871 rnea
1560 3815 1621 3872 ista

270 3898 344 3957 torte
366 3894 511 3978 respuas),
535 3901 585 3974 qni
607 3907 658 3957 tuo
681 3913 760 3956 more
782 3897 910 3956 cestibus
931 3914 1000 3954 eom
1020 3904 1123 3968 mut,
1156 3915 1235 3957 curo
1257 3900 1384 3967 ιἰιιινιιι,
1409 3915 1475 3957 enm
1497 3901 1528 3956 in
1551 3918 1621 3959 mo-

272 3983 349 4069 dpm,
372 3993 405 4044 ut
426 3985 550 4064 posthac
571 3988 673 4044 virtus
691 3987 755 4058 dut
777 3980 887 4058 obsquc'
909 3984 1006 4042 verbio
1020 3987 1268 4058 cnimoconspici
1279 3989 1382 4058 possit
1426 3984 1519 4045 Nobis
1542 3986 1621 4047 bac·

177 4122 179 4126 .
274 4080 359 4130 tenus
381 4075 411 4129 in
434 4072 566 4132 docendo
588 4070 787 4149 discendoque
810 4087 867 4130 non
891 4069 974 4129 licuit
991 4087 1060 4130 esse
1082 4080 1143 4129 tam
1164 4071 1307 4131 felicibus

357 4158 416 4219 Sed
438 4168 485 4232 tn,
517 4159 597 4236 quod
618 4161 728 4235 passim
750 4167 813 4218 tota
834 4157 891 4217 hac
913 4156 1042 4235 auslysi,
1070 4156 1146 4217 idem
1169 4158 1260 4219 multo
1282 4160 1407 4219 maxime
1428 4159 1621 4222 conclusione

270 4248 328 4306 ista
349 4248 523 4323 comprobas
557 4249 717 4307 rectissime
750 4263 837 4305 ame
860 4245 984 4318 dictum,
1013 4244 1225 4321 quadamtenus
1247 4246 1368 4306 eandem
1391 4246 1445 4304 abs
1468 4256 1497 4307 te
1520 4262 1622 4309 mate·

269 4336 343 4393 riam
366 4352 430 4395 esse
452 4334 597 4395 traditam.
626 4333 757 4408 ¹Quodsi
786 4332 916 4392 nondum
938 4334 1117 4393 satisfactum
1147 4333 1199 4391 tibi
1223 4342 1321 4411 putas,
1352 4351 1388 4393 en
1412 4350 1481 4411 ergo
1514 4352 1622 4397 vocem

272 4430 353 4480 tuem
375 4422 509 4481 nltimam
530 4422 724 4499 supplementi
748 4420 830 4481 loco:
853 4420 1018 4494 subjectum
1040 4423 1167 4479 musices
1188 4428 1259 4480 trice
1273 4420 1440 4496 artificialis
1461 4428 1622 4499 marcinus

270 4525 340 4569 snos
360 4510 453 4569 latius
475 4514 657 4586 exporripit,
685 4525 774 4586 quam
801 4525 885 4570 meus
907 4506 981 4567 liber
1002 4509 1114 4566 tertius.
1159 4506 1257 4582 Quare
1279 4511 1368 4571 etiam
1396 4510 1439 4567 sic
1461 4510 1622 4584 quadam

269 4602 357 4656 ιιιιιιι
384 4595 458 4655 liber
484 4607 552 4657 tuus
583 4614 649 4657 cum
679 4613 745 4656 meo
767 4597 929 4667 concurrit,
957 4595 1099 4654 metecus
1127 4596 1258 4670 scilicet,
1286 4604 1430 4671 quatenus
1459 4597 1537 4655 intra
1561 4601 1623 4658 mci

270 4682 337 4741 libri
359 4687 510 4759 angustias
533 4685 674 4756 tenditur,
704 4683 827 4744 necdum
855 4682 943 4741 latius
967 4683 1100 4743 excurrit.
1147 4682 1245 4759 Atque
1273 4682 1322 4743 bic
1348 4701 1416 4743 vere
1445 4685 1506 4743 mci
1535 4688 1622 4744 verbi

270 4785 373 4831 sonem
395 4772 458 4848 luit,
481 4773 592 4833 scilicet
613 4776 732 4833 innuere
750 4770 894 4844 volebam,
917 4771 992 4829 inter
1006 4770 1195 4848 plurimarum
1210 4788 1305 4832 rerum
1323 4769 1622 4851 speculationemque
