3567 5625
194 441 201 450 -
263 421 329 485 300
681 385 688 394 ’
778 410 929 468 parenni
944 409 1101 469 samona

263 609 342 652 omne
358 591 434 663 quod
451 591 571 660 canitur,
596 589 626 644 iu
643 594 775 657 quantum
799 595 842 644 est
858 603 930 644 unns
955 595 984 644 et
1000 588 1115 659 simplex
1133 597 1241 660 mutus,
1266 592 1408 648 semitonia
1428 599 1532 651 tantum
1551 593 1614 660 duo,

263 692 314 733 nec
332 690 365 730 ea
382 672 528 740 deinceps,
547 671 596 726 sed
613 668 681 724 locis
699 668 781 723 certis
800 667 946 724 distributa
963 668 1157 737 complectitur.

349 753 422 807 Nota
439 750 472 804 V.
508 751 540 803 In
558 749 647 804 animo
665 754 730 802 sunt
746 747 810 800 ista:
831 749 857 810 1)
876 747 995 802 essentia
1012 747 1102 810 animi,
1125 750 1151 814 2)
1169 749 1291 804 dirutae
1309 750 1368 818 ejrrs
1386 759 1488 821 partes,
1506 760 1536 808 ut
1551 753 1615 808 Pto·

262 833 382 888 lenaeus
405 827 537 900 appellat,
564 843 614 881 nos
638 825 783 882 facultates
802 827 925 892 dicimus,
944 834 972 881 et
995 827 1140 895 cujuslibet
1158 827 1295 883 facultatis
1318 837 1410 885 certae
1427 835 1546 903 species,
1565 850 1614 889 nos

264 911 427 982 generaliter
445 907 613 979 appellamus
637 905 773 976 potentias
791 905 945 969 naturales,
974 905 1000 974 3)
1019 905 1132 960 virtutes
1150 906 1319 976 habituales,
1345 914 1569 981 contemplativae
1588 923 1616 969 et

263 991 432 1061 operativae,
459 992 485 1056 l)
505 986 696 1058 dispositiones
715 993 907 1054 temporaneae
925 998 974 1039 seu
992 984 1114 1040 affectus.
1150 986 1237 1053 igitur
1258 1003 1317 1057 cap.
1335 989 1361 1044 4.
1385 992 1503 1049 animum
1527 997 1615 1066 ipsum

263 1071 430 1140 comparavit
447 1067 621 1123 harmonicae
637 1064 761 1119 facultati
779 1064 950 1142 generaliter,
970 1081 1030 1134 cap.
1044 1068 1067 1120 b.
1082 1066 1232 1122 facultates
1251 1072 1443 1141 consonantiis,
1462 1081 1494 1129 ut
1510 1079 1617 1146 species

264 1164 314 1206 sau
332 1149 468 1218 potentias
487 1154 515 1202 et
531 1145 641 1202 habitus
659 1144 740 1198 animi
759 1142 904 1213 speciebus
922 1144 1160 1199 consonantiarum
1179 1145 1327 1202 earundem
1344 1148 1465 1216 diversis,
1485 1163 1513 1208 et
1530 1163 1617 1209 totum

264 1237 383 1300 systema
400 1228 560 1283 facultatum
578 1224 659 1277 animi
678 1224 729 1277 toti
747 1222 888 1291 systemati
901 1223 1153 1293 consonantiarum,
1172 1240 1229 1293 cap.
1244 1225 1270 1280 fi.
1283 1226 1410 1283 virtutum
1424 1246 1525 1298 genera
1536 1247 1627 1301 genn,

262 1308 337 1363 ribus
356 1316 465 1374 cautus,
493 1305 538 1359 hic
556 1319 621 1373 ergo
644 1317 704 1370 cap.
723 1303 748 1356 7.
767 1308 906 1369 comparat
929 1302 1018 1357 studia
1037 1302 1147 1371 publica
1172 1309 1201 1356 et
1220 1302 1335 1360 affectus
1358 1308 1525 1375 singulorum
1544 1311 1617 1365 tonis

263 1404 312 1446 ssu
330 1386 426 1441 modis.
464 1382 680 1453 Comparationis
699 1388 858 1448 argumenta
874 1396 945 1449 pene
964 1381 1071 1448 singula
1088 1382 1115 1436 in
1134 1382 1247 1452 siugulis
1265 1385 1358 1439 insunt
1376 1387 1471 1441 verbis.

351 1465 472 1520 Primum
490 1463 594 1517 eratin
614 1475 679 1515 voco
697 1466 853 1526 macanos,
881 1460 996 1515 alterum
1019 1461 1047 1516 in
1065 1476 1131 1515 voce
1149 1464 1278 1531 natatio,
1306 1465 1414 1520 tertium
1433 1484 1504 1522 nnuc
1528 1471 1617 1523 estin

262 1545 415 1601 destitute.
452 1540 599 1598 Intervalla
617 1538 770 1606 systematis
789 1545 817 1592 et
835 1538 920 1593 series
938 1554 1031 1594 eorum
1050 1548 1181 1595 consueta
1189 1550 1384 1609 comparantur
1400 1547 1537 1600 consuetis
1550 1555 1617 1602 tem·

262 1641 360 1694 porum
379 1622 579 1680 conditionibus
604 1615 632 1674 el
649 1619 733 1674 veluti
750 1617 869 1672 motibus
887 1634 978 1672 rerum
996 1619 1178 1687 publicarum:
1200 1627 1232 1675 ut
1250 1621 1323 1689 quod
1341 1624 1464 1680 Romana
1487 1624 1618 1680 bellicosa

262 1706 506 1768 intimaturum
530 1698 700 1754 mercatoria.
734 1698 852 1753 Mutatio
877 1708 974 1754 cautus
993 1699 1027 1755 de
1045 1706 1111 1754 tono
1129 1701 1156 1754 in
1171 1708 1269 1755 tonum
1287 1712 1458 1771 comparatur
1474 1705 1619 1759 mutationi

263 1783 442 1855 reipublicae,
469 1789 497 1835 et
523 1797 584 1835 cum
608 1778 656 1834 illa
678 1775 759 1831 etiarn
782 1775 934 1831 studiorum
956 1777 1128 1847 publicorum
1152 1778 1187 1833 de
1204 1786 1277 1834 statu
1296 1782 1410 1850 pacifico
1436 1784 1463 1837 in
1482 1784 1618 1844 bellicum,

262 1864 328 1933 quia
344 1880 401 1918 nou
419 1862 507 1917 minus
526 1862 621 1914 crebro
639 1858 708 1912 haec
724 1855 838 1909 invicem
857 1855 1007 1912 succedunt
1018 1855 1045 1908 in
1059 1858 1204 1926 republica,
1223 1875 1305 1929 quam
1317 1861 1364 1916 illa
1375 1863 1403 1916 in
1416 1872 1507 1919 cautu,
1538 1864 1618 1919 Iden·

262 1943 327 1997 titas
345 1957 409 1994 vero
427 1955 555 2009 generum
574 1946 671 1993 cantus
688 1938 715 1991 in
734 1935 848 1990 diversis
866 1937 938 1990 tonis
956 1938 1122 1992 assimilatur
1142 1937 1279 1991 identitati
1303 1940 1440 1995 virtutum.
1479 1944 1530 1996 list
1552 1959 1618 1998 vero

258 2020 367 2091 justitia
384 2019 409 2072 in
429 2033 511 2087 pace,
535 2025 576 2070 est
595 2024 623 2071 et
641 2014 733 2084 aliqua
754 2014 781 2067 in
800 2015 888 2086 hello;
914 2018 961 2071 sed
984 2017 1058 2074 aliud
1077 2018 1136 2086 ejus
1153 2017 1287 2085 objectum
1312 2026 1354 2072 est
1377 2019 1444 2086 illic,
1468 2021 1541 2075 aliud
1564 2023 1617 2088 hic,

262 2113 313 2153 nec
330 2098 402 2152 idem
420 2098 480 2166 ey‘us
499 2094 658 2152 exercitium
670 2094 806 2162 utrinque.
842 2094 875 2148 In
887 2113 956 2165 pace
967 2109 1046 2152 suum
1058 2098 1156 2166 cuique
1168 2096 1349 2165 tribuendum,
1368 2101 1449 2153 etiam
1465 2100 1618 2169 peregrino,

262 2177 291 2232 iu
309 2176 382 2233 bello
400 2193 455 2231 uon
473 2177 568 2232 tribuit
592 2190 671 2229 snum
688 2173 807 2243 patriae,
832 2175 879 2242 qui
901 2176 989 2243 parcit
1012 2176 1098 2243 hosti,
1123 2186 1171 2231 sut
1194 2181 1241 2246 qui
1260 2180 1374 2249 rig‘dam
1399 2181 1619 2236 distributionem

180 2281 182 2286 ·
262 2274 354 2314 rerum
370 2257 442 2312 iuter
460 2258 533 2314 cives
552 2257 633 2311 etiam
651 2257 690 2312 sic
708 2259 800 2328 urget,
825 2263 856 2308 ut
874 2271 908 2310 ea
925 2256 1030 2312 bellicis
1049 2257 1257 2313 necessitatibus
1282 2259 1473 2326 impedimento
1491 2261 1536 2314 sit.
1576 2261 1620 2314 Its

263 2338 342 2393 fortis
362 2352 423 2393 osse
440 2343 533 2407 potest
550 2336 647 2405 aliquis
665 2338 692 2392 in
711 2355 787 2410 pace,
806 2337 886 2415 fortis
904 2337 985 2391 etiam
1003 2336 1031 2390 iu
1049 2335 1136 2406 bello,
1154 2345 1183 2390 at
1201 2337 1288 2392 minor
1305 2339 1434 2394 memoria
1451 2339 1618 2396 fortitudinis

262 2419 319 2475 illic
337 2417 540 2487 obscuriorque,
565 2415 611 2472 hic
634 2433 698 2473 vero
720 2419 809 2488 major
831 2424 859 2472 et
877 2417 1027 2472 necessitas
1051 2421 1079 2469 et
1102 2416 1189 2484 gloria
1206 2417 1291 2480 hujus
1314 2418 1428 2473 nrtutis.
1465 2419 1536 2473 Tota
1554 2437 1618 2476 veru

262 2499 316 2554 ista
334 2498 543 2568 comparationis
560 2515 624 2568 pars
642 2497 794 2554 rhetoricae
811 2497 915 2566 figurae
933 2494 1028 2549 similis
1046 2503 1101 2563 est,
1119 2495 1340 2562 probabilitatem
1359 2498 1493 2565 sequitur,
1513 2515 1619 2569 moure·

262 2581 360 2634 tricum
378 2577 446 2633 nihil
463 2578 543 2648 sapit,
562 2595 614 2633 nec
631 2594 715 2634 causa
732 2577 843 2633 alterius
862 2574 988 2630 similium
1008 2574 1162 2629 continetur
1179 2576 1207 2630 in
1220 2576 1315 2646 altero,
1335 2577 1407 2644 qnod
1420 2578 1491 2632 hauc
1505 2578 1619 2646 primam

263 2657 360 2727 capitis
378 2667 483 2727 partem
502 2659 606 2714 attinet.

350 2737 424 2792 Nota
441 2738 487 2792 VI.
523 2738 593 2793 Erat
617 2739 749 2792 hacteuus
773 2735 847 2791 nuda
869 2734 1051 2804 comparatio,
1077 2749 1150 2788 nunc
1174 2739 1202 2788 ct
1220 2749 1317 2789 causas
1336 2734 1445 2804 attingit
1470 2736 1619 2808 usturales,

265 2834 335 2889 quae
354 2818 400 2874 alii
417 2824 483 2873 tono
506 2817 574 2873 alias
592 2818 719 2872 conciliat
742 2814 931 2886 proprietates.
970 2812 1104 2867 Paulatim
1130 2814 1201 2867 enim
1225 2816 1324 2868 transit
1345 2814 1381 2869 ad
1406 2815 1520 2870 alterum
1537 2833 1619 2872 mem·

263 2898 350 2966 hrum,
369 2897 404 2952 ad
423 2896 496 2965 quod
515 2897 570 2952 ista
587 2898 672 2964 magis
690 2902 823 2966 spectant.
860 2893 961 2949 Modus
980 2894 1050 2946 enim
1069 2891 1189 2947 musicus
1206 2908 1257 2960 per
1275 2908 1305 2947 sc
1322 2894 1382 2961 ipse
1399 2909 1454 2948 uon
1472 2903 1621 2965 maneque

264 2979 400 3035 excitatus
419 2991 508 3046 neque
526 2984 661 3041 moestus,
680 2973 729 3030 sed
746 2978 778 3029 ut
795 2975 872 3044 ipsae
889 2990 988 3028 vocum
1006 2972 1171 3026 Graecarum
1190 2972 1394 3027 terminationes
1412 2972 1552 3044 judicant,
1581 2976 1620 3031 sic

266 3057 365 3114 dicitur
382 3058 417 3111 ab
435 3055 557 3110 efficacia
582 3069 632 3108 sua
649 3055 676 3109 in
695 3053 799 3107 animis.
835 3052 951 3106 Videtur
973 3058 1064 3106 autem
1083 3051 1256 3107 Ptolemaeus
1277 3053 1322 3106 hic
1346 3060 1426 3107 tonos
1452 3055 1511 3108 sola
1529 3054 1620 3108 altitu·

266 3136 331 3191 dine
349 3135 530 3204 distinguere,
549 3149 610 3188 cum
628 3140 742 3199 asserat,
760 3131 834 3187 idem
851 3130 938 3185 melos
956 3130 1017 3184 caui
1035 3145 1118 3198 posse
1139 3130 1168 3183 in
1187 3130 1299 3186 diversis
1317 3135 1399 3188 tonis,
1436 3134 1526 3202 Anne
1538 3134 1621 3187 etiam

265 3215 319 3271 situ
339 3213 472 3271 semitonii
492 3211 627 3277 differunt,
646 3220 674 3266 et
692 3211 762 3267 serie
780 3211 884 3280 reliqua
903 3210 1096 3264 concinnorom
1115 3215 1143 3262 et
1159 3210 1271 3277 reliquis
1290 3212 1384 3281 rebus,
1404 3220 1557 3279 quaesunt
1575 3227 1620 3266 ex-

265 3293 382 3363 plicatae
400 3308 459 3361 cap.
480 3291 519 3347 14.
540 3291 601 3347 libri
619 3290 671 3345 mei
689 3291 738 3345 ΙΙΙ.
774 3292 871 3360 Itaque
888 3289 1033 3345 facultates
1057 3289 1127 3342 istae
1149 3288 1184 3343 ad
1210 3291 1357 3346 movendos
1382 3294 1485 3347 animos
1507 3309 1563 3347 non
1582 3292 1620 3345 in·

266 3376 330 3425 suut
346 3370 413 3440 ipsis
432 3375 537 3426 tantum
555 3378 669 3439 propter
686 3370 856 3425 altitudinem
874 3384 968 3424 eorum
986 3367 1013 3421 in
1031 3375 1178 3437 systemate
1196 3368 1326 3437 perfecto,
1345 3371 1395 3425 sed
1407 3370 1493 3426 multo
1505 3372 1622 3427 maxime

266 3457 378 3520 propter
394 3464 480 3517 genus
498 3458 527 3505 et
544 3451 664 3506 ordinem
684 3449 781 3518 cuique
800 3466 877 3505 suum
898 3449 1091 3504 cancianorum
1109 3447 1319 3503 intervallorum.

353 3531 427 3586 Nota
444 3532 503 3586 vn.
538 3531 711 3586 Ptolemaeus
735 3531 781 3586 lib.
800 3531 848 3584 III.
874 3547 934 3599 cap.
952 3518 995 3583 io.
1022 3528 1132 3582 dorium
1148 3529 1215 3583 facit
1238 3529 1379 3585 altitudine
1402 3532 1534 3601 medium,
1558 3534 1621 3589 inde

227 3628 231 3643 ¹
266 3626 360 3667 versus
386 3621 468 3667 acuta
485 3612 638 3682 phrygium,
663 3610 782 3680 lydium,
811 3610 998 3666 scudasimum
1020 3608 1208 3678 mixolydium,
1233 3618 1261 3663 et
1284 3627 1379 3666 versus
1407 3613 1510 3680 gravis:
1535 3612 1620 3683 hypo·

268 3689 378 3761 lydium,
398 3690 625 3761 hypophrygium,
644 3689 839 3759 hypodorium3
867 3690 945 3757 quasi
964 3689 1056 3743 dorius
1074 3688 1210 3743 obtineret
1228 3689 1330 3746 clavem
1345 3692 1371 3747 ti
1387 3693 1415 3745 iu
1433 3692 1519 3759 molli,
1538 3694 1620 3762 phry-

267 3771 329 3838 gius
353 3770 392 3837 A,
417 3768 506 3838 lydius
525 3770 567 3835 H,
594 3768 757 3838 mixolydius
783 3769 818 3831 Ο,
844 3769 1008 3838 hypolydius
1033 3767 1151 3822 vicissim
1174 3767 1214 3835 F,
1243 3768 1447 3839 hypophrygius
1464 3771 1508 3838 E,
1535 3773 1620 3842 hypo·

267 3847 360 3902 dorius
378 3849 414 3902 D.
449 3850 508 3902 Hac
526 3848 635 3916 quridem
652 3848 680 3901 in
698 3848 876 3915 dispositione
895 3848 986 3902 differt
1004 3846 1175 3901 Ptolemaeus
1193 3848 1228 3902 sb
1247 3847 1403 3902 auctoribus
1421 3850 1527 3903 ceteris.

356 3927 540 3981 Communiter
564 3928 634 3981 enim
662 3927 697 3981 ab
715 3925 872 3983 auctoribus
888 3927 1062 3983 celebrantur
1086 3934 1142 3981 tres
1159 3924 1244 3980 relmi
1261 3925 1334 3980 modi
1359 3939 1407 3980 seu
1431 3926 1504 3980 toni:
1529 3927 1620 3983 dorius

268 4005 357 4073 mavis
376 4014 403 4061 et
420 4005 573 4071 modestus,
591 4006 721 4075 phrygius
739 4004 829 4058 mollis
847 4012 875 4058 et
894 4006 1039 4060 deliciosus
1065 4013 1093 4059 et
1117 4003 1303 4071 effeminatus,
1322 4004 1410 4075 lydius
1429 4005 1578 4062 bellicosus
1596 4020 1622 4063 et

269 4083 416 4156 iracundus
434 4092 462 4137 et
479 4083 628 4152 masculus,
648 4084 721 4152 quod
740 4100 790 4154 ego
809 4092 920 4140 secutus
937 4102 998 4140 sum
1016 4100 1076 4153 cap.
1098 4086 1138 4139 15.
1158 4083 1221 4140 libri
1238 4084 1290 4139 mei
1308 4084 1357 4138 ΙΙΙ.
1393 4086 1510 4140 Nomina
1531 4098 1620 4141 traxe

268 4164 512 4233 mergentibus
535 4179 640 4218 morum
663 4164 849 4221 consimilium.
884 4166 972 4221 Dores
997 4165 1068 4220 enim
1090 4164 1219 4231 antiquae
1237 4163 1365 4218 Graeciae
1391 4165 1511 4233 populus
1535 4174 1621 4231 eraut,

267 4243 390 4310 magistri
407 4243 500 4312 optimi
517 4244 718 4298 formandamnr
736 4243 1005 4313 rerumpublicarum,
1024 4260 1137 4311 quarum
1156 4241 1231 4296 salus
1248 4242 1276 4295 iu
1293 4244 1498 4297 conservatione
1516 4261 1620 4299 morum

269 4309 441 4392 audquorum
465 4321 603 4391 consistit,
629 4322 748 4393 Phrygia
772 4324 855 4379 Asiae
875 4324 958 4379 beata
979 4322 1116 4392 provincia
1140 4320 1235 4376 molles
1259 4321 1391 4391 populos,
1418 4322 1506 4391 Lydia
1527 4334 1622 4381 contra

268 4400 413 4457 bellicosos
431 4400 572 4456 educabat.
1339 4424 1343 4429 ·

355 4500 429 4555 Nota
446 4498 520 4553 Vlll.
555 4499 680 4554 Alterum
707 4506 735 4555 at
757 4500 934 4570 praecipuum
959 4498 1056 4568 capitis
1083 4497 1232 4553 membrum
1254 4499 1307 4553 hoo
1329 4506 1384 4568 est,
1416 4500 1490 4568 quod
1512 4503 1620 4572 quidem

270 4578 423 4646 generalius
442 4586 470 4632 et
487 4577 593 4648 plenius
611 4587 671 4634 erat
683 4579 867 4646 tractandum3
887 4579 961 4647 qnod
973 4586 1040 4648 puto
1054 4577 1238 4634 Ptolemaeum
1246 4579 1331 4635 fuisse
1343 4580 1486 4647 facturum,
1506 4582 1529 4636 si
1543 4599 1620 4653 opus.

269 4657 344 4729 qnod
362 4664 467 4713 eertum
484 4665 527 4714 est
544 4658 731 4727 imperfectum
750 4657 784 4712 ab
801 4658 1017 4728 ipso’rslictnm,
1035 4665 1064 4713 et
1081 4658 1255 4727 perduxisset
1276 4659 1311 4714 sd
1331 4657 1511 4727 colophonem
1535 4670 1564 4716 et
1580 4679 1621 4717 re

269 4736 382 4793 vidisset
400 4736 525 4804 denique.
561 4737 631 4793 Nam
649 4743 677 4791 et
693 4752 748 4793 nou
766 4738 841 4792 solae
859 4746 925 4794 sunt
936 4738 1098 4794 mutationes
1116 4740 1266 4807 modorum,
1285 4738 1330 4808 qui
1344 4737 1457 4793 allectus
1468 4740 1620 4796 animorum

269 4816 450 4883 transferunt,
477 4826 506 4871 et
529 4816 582 4887 ipsi
603 4816 676 4872 modi
697 4817 821 4888 pluribus
844 4818 926 4871 etism
946 4818 1158 4887 proprietatibus
1181 4834 1262 4888 quam
1282 4817 1409 4891 acumine
1434 4824 1463 4872 et
1488 4819 1619 4888 marinas

270 4894 341 4956 lotar
357 4911 388 4952 so
405 4894 541 4969 differunt,
558 4902 587 4956 et
603 4911 703 4955 causae
719 4895 837 4973 denique
854 4902 921 4953 sunt
937 4894 1087 4957 audentius
1105 4896 1290 4971 explicandae,
1309 4913 1359 4954 cur
1372 4897 1427 4952 ista
1443 4897 1553 4967 possint
1563 4884 1618 4953 mu·
