3567 5625
705 393 789 453 Liber
806 394 838 453 V.
857 393 1000 484 Oepnt'll

746 635 887 708 CAPUT
914 637 952 708 ll.

210 782 258 836 De
288 781 501 850 cognatIone
518 780 781 851 proportionum
799 782 1076 839 harmonicorum
1100 797 1171 837 cnm
1195 782 1344 852 quinque
1367 780 1492 851 figuris

731 868 962 940 regularibus.

261 1012 354 1074 Varia
381 1020 410 1073 ct
437 1012 591 1092 multiplex
614 1003 668 1074 'cst
688 1014 762 1074 baec
793 1018 944 1092 cognatio,
974 1025 1044 1076 suut
1065 1025 1162 1076 nmen
1185 1023 1313 1093 quatuor
1341 990 1526 1092 potissimum
1638 1064 1640 1074 ι

177 1100 293 1179 gradus.
337 1101 412 1161 Nam
440 1111 492 1161 aut
520 1102 681 1161 desumitur
707 1102 846 1161 indicium
869 1107 1055 1181 cognationis
1086 1106 1124 1165 ab
1148 1114 1269 1165 externa
1300 1103 1397 1162 solum
1418 1106 1526 1180 specio,

178 1206 265 1268 quam
286 1188 398 1249 babent
419 1187 539 1265 figurae,
562 1198 615 1252 aut
636 1206 703 1249 cum
725 1192 790 1267 ipsa
811 1189 912 1251 lateris
928 1187 1151 1253 'consuucdone
1177 1198 1338 1251 nascuntur
1359 1196 1527 1268 proportio-

178 1295 228 1336 nes
255 1276 390 1350 eaedem,
421 1294 497 1352 qnae
526 1285 556 1337 et
582 1278 784 1353 harmonicae,
815 1288 867 1337 ant
890 1281 1039 1341 resultant
1069 1298 1106 1340 ex
1128 1280 1230 1358 figuris
1256 1279 1320 1355 jam
1342 1283 1525 1352 constructis,

179 1364 301 1442 singulis
323 1365 372 1425 vel
391 1365 511 1440 junctis,
536 1373 589 1425 ant
611 1364 736 1443 deniqne
759 1366 807 1426 vel
831 1367 972 1443 aequales
995 1368 1178 1429 veirieiras
1200 1376 1269 1427 sunt
1290 1367 1527 1446 proportionibus

180 1454 293 1512 orbium
314 1451 434 1530 figurae

266 1539 366 1601 Primo
388 1539 481 1617 gradu
504 1541 719 1628 proportiones,
754 1558 877 1618 quarum
900 1542 1050 1603 character
1074 1560 1128 1602 seu
1149 1542 1244 1618 major
1264 1542 1404 1601 terminus
1428 1549 1473 1602 est
1497 1543 1527 1618 3,

182 1628 409 1688 familiaritatem
441 1627 552 1688 habeut
583 1644 649 1688 cum
679 1629 768 1706 plano
801 1630 955 1705 tetraidri,
988 1629 1133 1706 octa‘e'dri,
1165 1627 1310 1690 icosabdri
1341 1627 1527 1706 triangular13

167 1729 307 1793 ‘quarum
329 1733 401 1777 vero
422 1716 517 1792 maJor
538 1719 678 1775 terminus
701 1718 735 1791 4,
768 1733 836 1795 cum
856 1718 1001 1795 quadrato
1023 1718 1123 1795 plano·
1136 1718 1221 1791 cubi,
1253 1733 1377 1793 quarum
1401 1718 1431 1791 b,
1461 1733 1528 1776 cum

182 1804 403 1882 quinquangulo
425 1805 514 1881 plano
538 1801 721 1864 dodecae'dri.
765 1803 867 1866 Potest
896 1806 970 1866 baec
997 1804 1160 1866 similitudo
1192 1804 1273 1884 plani
1300 1807 1389 1865 etiam
1411 1804 1529 1864 extendi

180 1892 218 1951 ad
239 1895 382 1951 minorem
413 1894 608 1969 proportionis
636 1893 807 1966 terminum,
838 1903 870 1952 ui
899 1895 1068 1971 ubicunqne
1095 1895 1240 1974 ternarius
1263 1892 1350 1967 juxta
1378 1908 1469 1952 unum
1493 1909 1529 1953 ex

182 1982 319 2039 continue
342 1978 438 2057 duplis
462 1982 617 2054 iuvenitur,
640 1978 692 2038 iila
713 1982 863 2056 proportio
885 1980 1030 2042 habeatur
1044 1981 1195 2041 familiaris
1212 1981 1306 2039 tribus
1321 1979 1421 2058 figuris
1435 1981 1530 2058 primo

179 2069 352 2140 nominatis,
375 2074 415 2146 ¹ut
440 2060 479 2148 ¹),
501 2075 532 2126 et
553 2048 596 2150 il,
618 2075 648 2127 et
670 2061 712 2151 ⁴s,
735 2075 765 2126 et
787 2062 829 2150 ⁸),
852 2077 923 2144 etc,
954 2071 1006 2129 ubi
1028 2086 1099 2129 vero
1122 2069 1288 2145 quinarius,
1318 2083 1354 2128 ea
1375 2071 1528 2145 proportio

180 2155 313 2215 absolute
341 2154 505 2214 vindicetur
536 2154 673 2231 conjugio
702 2153 928 2231 dodecatdrico,
960 2166 994 2216 nt
1015 2151 1058 2240 is,
1089 2165 1119 2216 et
1141 2152 1183 2239 *Α
1212 2163 1242 2216 et
1263 2149 1322 2238 ⁸l„
1357 2157 1401 2215 sic
1431 2150 1470 2237 ’fg
1501 2164 1531 2217 et

182 2238 237 2326 ll„
259 2250 290 2303 et
311 2238 353 2324 if,
375 2249 405 2302 et
431 2235 486 2325 ’Ἄ
508 2249 537 2301 et
559 2236 627 2326 “lgr
672 2240 771 2301 Minus
793 2244 955 2319 probabilis
983 2247 1038 2305 erit
1060 2246 1211 2322 cognatio,
1242 2244 1269 2301 ei
1290 2260 1406 2302 summa
1428 2245 1531 2303 termi-

180 2346 282 2389 uornm
305 2332 448 2408 exprimat
469 2330 546 2389 banc
567 2329 802 2412 similitudinem,
826 2335 909 2390 utin
932 2327 975 2414 il,
994 2332 1091 2408 juncti
1113 2331 1228 2391 termini
1250 2329 1362 2390 faciunt
1386 2331 1421 2404 5,
1445 2331 1530 2408 quasi

180 2417 246 2478 ideo
270 2413 309 2499 2Ι8
342 2419 381 2477 ait
410 2415 560 2477 familiaria
592 2416 783 2477 dodecaiidro.
828 2418 939 2479 Similis
972 2428 1017 2479 est
1049 2421 1186 2496 cognatio
1213 2418 1252 2477 ob
1283 2425 1432 2477 externam
1461 2436 1531 2497 spe·

181 2507 252 2566 ciem
291 2504 392 2583 anguli
423 2504 526 2579 solidi,
564 2506 614 2581 qui
652 2513 696 2563 eat
731 2509 877 2582 primariis
913 2506 1082 2579 triliuearis,
1108 2503 1258 2572 octaedro
1298 2503 1529 2582 quadrilinearis,

180 2592 331 2653 iccaaidro
361 2593 627 2669 quinqueiinearis3
656 2594 756 2668 itaque
788 2596 814 2653 si
841 2597 1037 2673 proportionis
1068 2594 1141 2670 alter
1171 2595 1311 2660 terminus
1334 2594 1530 2653 communicat

181 2698 246 2740 eum
268 2682 404 2754 ternario,
426 2682 576 2759 proportio
599 2682 654 2739 erit
675 2689 802 2758 cognata
824 2684 968 2760 primariis
983 2682 1163 2762 corporibus,
1186 2683 1233 2739 sin
1253 2697 1320 2740 cum
1334 2683 1530 2757 quaternario,

181 2768 327 2844 comburo,
350 2767 477 2845 denique
500 2785 567 2829 cum
589 2769 732 2846 quinario,
755 2770 919 2832 icoaaddro.
963 2770 1023 2831 Sed
1045 2773 1075 2829 in
1090 2768 1214 2832 femellis
1233 2767 1307 2829 haec
1323 2770 1470 2845 cognatio·
1485 2776 1531 2830 eat

181 2859 357 2934 speciosior,
390 2860 461 2933 quia
489 2859 618 2934 speeiem
640 2857 741 2933 auguli
763 2861 897 2935 sequitur
924 2861 1013 2920 etiam
1035 2859 1130 2936 figura
1152 2858 1402 2931 characteristica,
1435 2856 1531 2917 latens

181 2946 273 3019 intus,
304 2947 334 3003 in
363 2943 500 3004 ocuedro
529 2952 713 3022 tetragonus,
744 2948 773 3003 in
803 2946 955 3007 icosaddro
982 2956 1185 3025 pentagonus,
1216 2947 1316 3023 itaque
1346 2943 1385 3027 il,
1412 2951 1548 3024 propter

182 3043 335 3110 utrumque
358 3042 436 3093 esset
457 3031 648 3093 icosiedrieae
670 3041 777 3094 sectae.
1520 3072 1521 3075 =

267 3119 421 3185 Secundus
443 3108 551 3196 gradus
574 3123 773 3196 cognationis,
796 3123 846 3198 qni
870 3123 901 3179 in
924 3129 993 3181 ortu
1013 3123 1157 3195 consistit,
1180 3123 1224 3181 sic
1245 3126 1291 3181 eat
1313 3118 1521 3196 concipiendus

183 3206 312 3267 Primum
334 3217 403 3267 suut
425 3207 541 3284 aliquae
564 3211 766 3286 proportiones
787 3206 973 3269 numeroinm
995 3209 1182 3269 harmonicae
1205 3207 1363 3267 familiares
1384 3209 1437 3266 nni
1459 3224 1532 3267 con·

179 3295 264 3374 jugio
287 3313 341 3356 eeu
363 3294 509 3370 familiae,
540 3295 653 3356 scilicet
682 3296 826 3375 perlectae
848 3299 1053 3374 proportiones
1079 3296 1215 3372 singulae
1243 3295 1371 3356 familiae
1394 3295 1531 3371 cubicae,

182 3393 228 3444 est
248 3385 381 3444 vicissim
403 3384 568 3462 proportio,
600 3401 677 3460 quae
699 3401 851 3462 nunquam
878 3383 975 3461 plenis
1003 3384 1131 3444 numeris
1155 3382 1338 3460 exprimitur,
1371 3399 1425 3442 nec
1447 3383 1534 3443 aliter

177 3488 233 3548 per
254 3488 392 3532 numeros
414 3471 643 3545 demonstratur,
674 3474 731 3532 nisi
760 3472 850 3549 longa
875 3472 994 3532 illorum
1021 3473 1111 3545 serie,
1143 3470 1287 3548 paulatim
1316 3468 1457 3529 odiliam
1480 3486 1533 3529 ac-

178 3557 363 3633 cedentium,
395 3577 470 3634 quae
494 3562 643 3638 proportio
666 3558 773 3619 divino
796 3560 914 3633 dicitur,
939 3576 1005 3620 cum
1025 3559 1154 3636 perfecta
1177 3567 1236 3631 est,
1265 3565 1427 3634 regnatque
1450 3558 1533 3617 varie

173 3663 231 3723 per
252 3648 421 3724 conjugium
445 3645 703 3724 dodecaiidricum3
731 3647 813 3707 illam
835 3650 925 3724 igitur
946 3649 1162 3724 proportionem
1192 3646 1335 3721 incipiunt
1356 3643 1533 3705 adumbrare

173 3736 254 3794 istae
275 3735 460 3795 barmoniaer
491 3732 526 3816 ΙΙ,
549 3742 579 3813 et
600 3730 640 3816 ²),
663 3743 693 3795 et
716 3731 755 3816 ⁸),
777 3742 807 3796 et
828 3730 882 3815 il„
906 3752 975 3794 nam
997 3733 1245 3811 imperfectissime
1269 3738 1314 3792 est
1336 3733 1364 3788 in
1388 3728 1440 3815 ¹s„
1463 3749 1533 3810 per-

172 3821 339 3884 fectissime
362 3825 392 3881 iu
415 3819 465 3903 il„
489 3823 642 3901 perfectior
663 3822 770 3894 futura,
794 3823 820 3883 si
842 3824 931 3883 etiam
956 3824 1054 3881 neta
1073 3821 1184 3897 junctis
1206 3822 1349 3879 inunum
1376 3821 1413 3879 13
1429 3836 1535 3899 super·
1637 3816 1641 3825 “

172 3926 327 3988 ponamus
350 3910 386 3984 8,
409 3912 467 3970 nisi
489 3910 563 3970 haec
581 3911 644 3987 iam
667 3909 812 3971 desineret
835 3926 899 3972 csse
922 3910 1100 3970 harmonica

265 3997 358 4057 Porro
387 3996 426 4056 ad
454 3997 689 4058 constituendum
719 3996 797 4059 latua
827 3997 939 4076 figurae
969 3996 1096 4058 secanda
1129 4005 1174 4057 est
1203 3997 1285 4075 globi
1316 3995 1470 4069 diameter3
1501 4003 1531 4054 et

168 4086 311 4162 postulat
336 4083 494 4145 octaedron
517 4086 580 4162 ejus
602 4082 803 4161 bidentionem,
828 4087 920 4146 cubus
943 4095 972 4145 et
994 4084 1160 4147 retraedron
1176 4088 1381 4157 trisectionem,
1405 4082 1534 4145 dodeca-

169 4172 311 4232 e‘dricum
342 4172 510 4250 conjugium
546 4174 804 4249 quinisectionem.'
848 4174 1069 4233 Distribnnntnr
1104 4174 1193 4249 igitur
1227 4174 1430 4252 proportiones
1459 4172 1534 4231 inter

167 4259 289 4338 figuras
312 4260 474 4319 secuudum
504 4262 558 4320 hos
588 4278 740 4336 numeros,
773 4263 823 4337 qui
845 4260 912 4320 illus
940 4263 1112 4338 exprimunt
1158 4259 1281 4321 Secatur
1302 4275 1372 4321 vero
1404 4266 1434 4319 et
1456 4274 1532 4334 qna-

167 4348 296 4409 dratum
318 4346 462 4423 diametri,
485 4365 538 4408 seu
559 4347 701 4409 formatur
721 4350 822 4409 lateris
843 4347 975 4426 figuralis
998 4347 1171 4425 quadratum
1196 4365 1232 4407 ex
1253 4354 1333 4409 certa
1355 4346 1418 4423 ejus
1439 4352 1531 4423 parte.

166 4435 209 4495 Et
234 4445 312 4496 tunc
332 4435 457 4495 laterum
479 4435 622 4513 quadrata
644 4454 710 4497 cum
733 4437 867 4496 diametri
890 4435 1034 4513 quamnto
1062 4443 1266 4513 comparantur
1293 4435 1531 4511 constituuntque

164 4527 213 4584 eic
248 4524 472 4603 proportiones:
503 4524 637 4584 cubicum
665 4519 713 4606 ¹l„
747 4524 953 4585 tetrabdricum
983 4520 1040 4606 is„
1072 4521 1267 4583 octaedricum
1295 4517 1349 4606 ’βας
1381 4538 1471 4599 quare
1503 4526 1533 4580 et

139 4604 282 4690 'Junma
303 4610 391 4685 bina,
416 4610 549 4671 cubicum
571 4620 601 4670 et
622 4610 827 4672 tetrabdricnm
853 4611 902 4693 ¹7„
934 4611 1067 4671 cubicum
1091 4618 1120 4669 et
1142 4609 1338 4671 ocuedncnm
1362 4604 1414 4689 ²7„
1447 4615 1532 4669 octa·

166 4701 311 4762 ‘c'dricum
332 4705 362 4757 et
383 4698 588 4758 tetrae'dricum
611 4693 663 4780 ⁸l4.
708 4698 921 4760 Dodecaedrtci
944 4698 1072 4775 conjugii
1094 4697 1189 4758 latera
1210 4705 1279 4757 sunt
1300 4696 1469 4759 ineffabilia.

262 4785 369 4846 Tertio
391 4784 500 4862 figuras
518 4787 583 4862 jam
606 4786 780 4846 constitutas
804 4787 991 4847 harmonicae
1013 4788 1215 4863 proportiones
1240 4770 1531 4862 vade⁸conscquum

168 4888 230 4943 tur.
283 4874 348 4932 Ant
369 4875 447 4933 euim
468 4892 606 4935 numerus
628 4873 752 4933 laterum
767 4873 849 4951 plani
864 4882 1048 4951 comparatur
1067 4891 1133 4934 cum
1147 4891 1267 4934 numero
1281 4873 1405 4933 laterum
1419 4870 1531 4950 figurae

221 4982 330 5039 [opteri
342 4981 417 5034 onera
428 4983 457 5027 V.
638 4989 642 4999 ’
1336 4981 1375 5038 18
