3567 5625
702 431 835 488 arev.
855 431 1009 503 cesorix„
1465 397 1541 503 311'

258 608 330 664 liam
348 606 413 678 quia
430 607 528 663 durum
547 621 632 678 geues
651 613 695 663 est
712 605 882 676 apbeliorum
906 615 1028 664 motuum
1046 609 1202 679 proprium,
1226 610 1307 665 molle
1324 611 1527 682 punbeliornm,
1590 601 1593 610 '

171 703 222 758 per
238 687 430 756 praemissam,
449 685 551 756 apbelii
568 700 633 740 reru
652 691 715 739 suut
731 684 867 741 tardiores
886 693 914 741 et
932 688 1070 755 grauiores
1087 686 1245 757 peribeliis,
1271 688 1369 745 durum
1386 691 1469 760 igitur
1486 698 1529 747 est

171 772 297 821 motuum
317 765 481 829 tardiorum,
507 763 590 819 molle
613 763 783 819 celeriorem.
815 766 903 833 etqui
925 766 961 820 ad
983 767 1077 822 tardos
1093 775 1185 823 motus
1209 768 1369 826 familiarius
1394 787 1424 826 se
1446 771 1529 826 babet

169 845 344 915 planetaru-
361 843 477 900 duorum
494 843 634 912 superior,
661 842 696 896 ud
712 842 816 898 celeres
833 843 960 914 interior,
985 837 1049 914 quia
1064 860 1174 916 semper
1190 846 1219 901 in
1237 847 1338 903 mundo
1358 848 1527 904 altitudinem

169 924 349 994 consequitur
370 930 463 978 motus
481 920 585 991 proprii
609 920 733 976 tarditas.
769 921 845 992 Ergo
864 925 947 980 etiam
971 923 1006 978 ad
1031 925 1128 980 durum
1150 925 1241 982 scalae
1266 941 1351 994 genus
1370 927 1528 985 familiarius

170 1019 201 1059 ae
219 1003 307 1059 babet
323 1002 452 1070 duorum,
478 1001 525 1071 qui
543 1001 651 1072 utrique
669 1015 698 1054 se
717 1003 924 1060 accommodant
941 1003 1049 1072 generi,
1066 1004 1091 1058 is
1109 1004 1155 1073 qui
1173 1004 1309 1074 superior,
1335 1005 1370 1059 ad
1387 1006 1470 1062 molle
1494 1007 1527 1074 is,

171 1083 218 1152 qui
235 1081 355 1136 inferior.
392 1078 532 1148 Amplius,
556 1078 653 1134 durum
671 1094 756 1146 genus
775 1080 861 1136 utitur
878 1081 1028 1137 intervallis
1047 1082 1195 1150 majoribus
1213 1084 1246 1151 ⁴l,
1266 1090 1293 1136 et
1312 1083 1359 1153 ³1⁵,
1381 1083 1462 1138 molle
1480 1083 1527 1140 mi·

170 1162 282 1217 nuribus
301 1161 336 1230 ⁶1,
354 1169 382 1215 et
401 1159 446 1226 il,
483 1158 568 1227 Atqui
581 1156 662 1212 etiam
680 1158 805 1226 superior
822 1158 934 1228 planeta
952 1169 980 1216 et
996 1161 1127 1231 majorem
1139 1161 1231 1218 orb'em
1242 1161 1326 1216 habet
1344 1169 1372 1219 et
1384 1163 1527 1229 tardiores,

170 1239 260 1294 idest
280 1239 521 1306 maioresmotus,
547 1237 776 1310 prolixioremque
801 1236 956 1309 circuitum,
986 1240 1085 1311 quibus
1110 1255 1174 1295 vero
1201 1241 1327 1310 utrinque
1344 1257 1443 1310 magua
1463 1259 1525 1299 eou-

170 1319 296 1384 reuiunt‚
312 1318 361 1373 illa
378 1317 449 1373 inter
468 1314 498 1372 ee
516 1316 675 1392 familiarius
694 1322 802 1371 coeunt.

258 1409 487 1488 Propositio
509 1407 646 1468 XXXV.
691 1405 836 1469 Saturnus
870 1426 937 1469 eum
959 1408 1077 1470 Tellure
1100 1409 1204 1472 durum
1226 1430 1319 1489 genus
1342 1415 1526 1493 amplectuu-

170 1507 216 1557 tur
237 1497 429 1577 familiarius,
451 1495 569 1574 Jupiter
592 1513 658 1555 eum
681 1495 796 1556 Venere
819 1513 913 1574 genus
936 1497 1033 1556 molle.

255 1598 327 1655 liam
351 1596 437 1666 prirno
455 1595 550 1651 Tellus
576 1612 637 1651 oum
655 1596 762 1650 Venere
789 1605 946 1667 comparata
972 1606 1000 1652 et
1018 1614 1078 1652 cum
1097 1598 1189 1654 eadem
1214 1606 1359 1671 utrumque
1376 1619 1462 1672 genus
1481 1604 1526 1660 de·

170 1679 281 1748 signans
300 1679 425 1748 superior
442 1681 493 1740 est,
511 1676 597 1730 Terra
613 1674 696 1743 igitur
713 1675 809 1730 durum
828 1677 999 1746 potIesimum
1017 1693 1103 1746 genus
1121 1679 1305 1748 amplectitur,
1330 1680 1423 1736 Venus
1440 1698 1525 1750 genus

169 1756 261 1821 molle,
280 1772 331 1825 per
348 1756 533 1824 praemissam.
569 1754 702 1809 Saturnus
726 1771 788 1810 vero
808 1755 918 1825 aphelio
943 1773 992 1811 sno
1017 1773 1067 1826 per
1085 1757 1215 1828 diapason
1234 1767 1367 1815 consonat
1384 1778 1444 1815 oum
1463 1763 1526 1819 Tel·

168 1835 235 1891 Iuris
255 1832 364 1905 apbelio
382 1850 431 1903 per
449 1850 489 1902 pr.
503 1835 555 1903 31,
583 1849 666 1902 quare
685 1834 765 1888 etiam
785 1834 919 1889 Saturnus
937 1851 988 1905 per
1003 1853 1044 1906 pr.
1059 1836 1100 1892 33.
1120 1836 1217 1891 durum
1239 1853 1325 1908 genus
1343 1838 1524 1908 amplectitur.

168 1915 274 1971 Deinde
293 1915 426 1970 Saturnus
444 1912 553 1981 aphelio
570 1918 657 1979 motu,
675 1925 725 1981 per
743 1912 870 1982 eandem,
889 1914 963 1969 foret
980 1915 1064 1985 magis
1083 1931 1170 1988 genus
1189 1917 1300 1986 durum,
1318 1919 1424 1987 respuit
1440 1934 1525 1987 genus

82 2007 86 2012 ¹
168 1993 265 2062 molle,
283 2008 334 2063 per
351 2007 390 2060 pr.
411 1990 462 2060 32,
489 1991 573 2046 habet
592 2006 622 2045 se
640 1990 724 2061 igitur
742 1991 903 2049 familiarius
922 1994 956 2049 ad
974 2009 1060 2062 genus
1080 1991 1185 2062 durum,
1206 2011 1287 2064 quam
1306 1995 1339 2051 ad
1353 1997 1444 2066 molle,
1462 1998 1526 2069 quia

168 2087 269 2140 reuera
284 2070 395 2142 proprie
413 2068 592 2140 designantur
608 2070 728 2124 motibus
747 2074 883 2127 extremis.

253 2148 318 2204 Jam
335 2147 522 2220 quod'Jovem
541 2149 652 2217 attinet,
678 2149 702 2203 is
720 2149 748 2203 iu
766 2151 969 2220 comparatione
988 2167 1048 2205 oum
1069 2151 1186 2207 Saturno
1205 2159 1248 2207 est
1264 2151 1386 2213 inferior,
1411 2169 1476 2225 ergo
1494 2162 1525 2210 ut

169 2229 286 2284 Saturno
306 2226 420 2284 debetur
432 2227 536 2283 'durum
554 2243 653 2299 genus,
673 2227 713 2283 siu
729 2229 792 2283 Jovi
809 2229 925 2296 debetur
943 2229 1036 2299 molle,
1055 2246 1105 2299 per
1122 2232 1307 2300 praemiisam.

255 2319 485 2397 Propositio
508 2317 662 2378 XXXVI.
706 2317 794 2379 Jovis
824 2327 922 2379 motus
948 2320 1108 2397 peribelius
1140 2340 1205 2382 oum
1235 2323 1376 2402 peribelio
1399 2324 1523 2386 Veneris

169 2410 197 2465 iu
228 2425 319 2467 unam
347 2407 458 2468 sculum
488 2408 647 2479 musicem,
677 2413 709 2465 at
736 2423 795 2466 nou
823 2409 913 2468 etiam
940 2411 970 2467 iu
999 2408 1123 2469 eandem
1149 2410 1334 2471 harmoniam
1357 2416 1522 2490 conspirare

169 2494 288 2568 debuit,
310 2495 464 2571 multoque
487 2496 583 2554 miuus
604 2493 662 2553 boo
683 2510 750 2554 eum
772 2494 915 2573 peribolio
937 2495 1075 2556 Telluris.

253 2579 324 2634 Nam
343 2578 407 2647 quia
424 2577 533 2645 Jupiter
551 2575 703 2633 debebatur
719 2579 810 2644 quaeri
828 2577 903 2633 molli
921 2578 1106 2648 potissimum,
1124 2594 1174 2649 per
1191 2581 1381 2651 praemissam,
1399 2582 1441 2636 illi
1458 2598 1521 2640 vero

168 2657 313 2713 familiares
332 2663 397 2712 sunt
415 2663 504 2710 motus
520 2655 655 2725 peribelii‚
683 2670 733 2725 per
750 2657 798 2726 30,
822 2657 931 2727 Jupiter
948 2658 1030 2726 igitur
1047 2659 1178 2727 peribolio
1198 2676 1248 2715 sno
1266 2659 1410 2730 designare
1428 2661 1522 2719 debuit

168 2735 267 2791 erulam
285 2734 392 2803 geuene
410 2732 513 2801 mollis,
540 2733 599 2802 ejus
617 2733 723 2788 scilieet
745 2744 850 2792 eertum
873 2737 964 2792 loenm
987 2753 1036 2792 seu
1052 2738 1231 2807 phthongum.
1268 2738 1322 2794 Sed
1349 2748 1378 2795 et
1398 2741 1522 2812 peribelii

169 2814 281 2871 Veneris
299 2821 328 2870 et
344 2811 462 2870 Telluris
482 2813 594 2867 eandem
613 2812 715 2869 scalam
734 2814 885 2883 designaut.
903 2831 953 2885 per
969 2832 1012 2884 pr.
1031 2817 1088 2883 28,
1106 2831 1171 2887 ergo
1189 2834 1250 2872 oum
1268 2818 1365 2874 borum
1382 2821 1521 2888 peribeliis

167 2893 242 2951 Joris
260 2893 410 2965 peribelius
427 2893 456 2947 iu
475 2893 588 2949 eandem
606 2893 759 2948 tensionem
777 2892 924 2951 moiandus
941 2892 1007 2963 fuit,
1025 2910 1080 2948 uon
1098 2911 1162 2950 vero
1180 2912 1241 2951 eum
1258 2896 1372 2952 Veneris
1389 2898 1521 2967 perihelio

166 2974 255 3042 potuit
272 2972 438 3028 meramors
454 2970 630 3026 harmoniam.
666 2971 736 3025 Nam
759 2970 823 3039 quia
856 2985 906 3040 per
924 2988 965 3039 pr.
983 2973 1008 3028 S.
1029 2989 1091 3029 cum
1109 2975 1217 3044 aphelio
1236 2976 1345 3032 Saturni
1366 2976 1457 3033 farem
1476 2978 1520 3035 cle

166 3049 224 3106 buit
244 3050 275 3121 ¹1,
293 3051 413 3119 eireiter,
439 3048 466 3103 id
485 3058 528 3104 est
545 3050 686 3105 elavemd
711 3048 866 3118 systematis
890 3049 978 3118 illius,
1002 3052 1031 3105 in
1049 3068 1102 3122 quo
1122 3054 1231 3109 Saturni
1255 3055 1381 3125 apheliue
1405 3055 1521 3113 iaciebat

167 3128 268 3184 elavem
287 3128 320 3198 G,
339 3127 449 3183 Veneris
468 3143 530 3183 vero
549 3128 673 3198 aphelius
692 3128 793 3183 clavem
807 3146 833 3190 e,
851 3128 935 3198 igitur
953 3130 1180 3201 appropinquavit
1199 3132 1294 3189 claris
1312 3132 1384 3191 intra
1401 3136 1519 3205 spatium

166 3209 322 3264 barmoniae
339 3208 473 3263 minimae.
508 3207 578 3261 Nam
595 3207 643 3263 illa
659 3212 704 3263 est
721 3206 769 3277 il„
789 3213 818 3261 at
835 3208 906 3262 iuter
923 3209 949 3276 d,
969 3225 983 3264 e
1000 3218 1043 3264 est
1060 3210 1232 3265 intervallum
1250 3211 1449 3282 multominus,
1470 3215 1519 3269 eei·

167 3287 231 3342 lieet
246 3288 295 3357 ⁹1„
311 3294 401 3344 tonus.
438 3293 477 3341 ae
494 3286 546 3341 etei
563 3286 591 3341 iu
609 3286 736 3342 tensione
753 3285 886 3356 peribolia
904 3287 996 3343 Venus
1016 3288 1138 3344 elevetur
1155 3307 1172 3344 a
1189 3291 1209 3346 d
1230 3291 1361 3346 tensionis
1385 3293 1519 3365 apheliae,

166 3374 195 3420 at
212 3365 328 3421 elevatio
345 3366 415 3421 haee
432 3371 475 3421 est
491 3365 579 3420 minor
597 3366 672 3430 diesi,
690 3381 740 3435 per
756 3383 796 3435 pr.
810 3366 853 3421 28.
893 3366 982 3422 Diesie
1001 3384 1064 3423 vero
1083 3380 1178 3438 (eaque
1189 3369 1279 3424 minus
1296 3369 1407 3439 aliquid)
1421 3371 1519 3440 juncta

165 3451 229 3500 tono
246 3443 345 3498 minori
375 3443 494 3498 nondum
518 3453 619 3511 aequat
638 3442 811 3499 intervallum
837 3444 994 3499 harmoniae
1012 3446 1137 3501 minimae
1157 3448 1204 3517 m.
1240 3448 1301 3503 Non
1323 3450 1414 3517 potuit
1435 3451 1518 3519 igitur

165 3521 314 3592 peribolius
330 3521 408 3577 Jovis
425 3538 488 3578 euru
504 3522 613 3593 aphelio
627 3523 737 3579 Saturni
755 3529 977 3592 praeterpropter
998 3524 1027 3591 ¹1,
1046 3526 1118 3579 tueri
1136 3534 1163 3579 et
1176 3525 1256 3580 simul
1273 3527 1438 3581 concordare
1456 3544 1517 3583 eum

164 3600 278 3654 Venere
314 3599 367 3654 Sed
385 3616 436 3654 uec
454 3617 514 3656 oum
532 3600 652 3657 Tellure.
687 3602 757 3657 Nam
775 3602 797 3656 si
816 3601 965 3670 perihelius
983 3604 1059 3657 Jovie
1083 3603 1118 3658 ad
1135 3604 1262 3674 perihelii
1278 3605 1392 3659 Veneris
1416 3605 1517 3663 scalam

162 3674 382 3735 accommodatus
400 3670 526 3734 inerit'iu
545 3679 659 3733 eandem
677 3680 844 3749 tensionem,
871 3680 911 3734 sie
928 3689 958 3735 ut
976 3681 1046 3735 infra
1063 3683 1243 3751 quantitatem
1268 3683 1393 3738 oouoiuni
1415 3685 1516 3741 minimi
1563 3744 1566 3750 Δ

161 3764 271 3813 tueatur
291 3757 462 3814 interuallum
480 3774 541 3813 oum
559 3757 668 3827 aphelio
688 3758 798 3813 Saturni
819 3758 863 3826 ¹l,‚
883 3758 987 3813 distans
1006 3760 1111 3816 seilicet
1134 3761 1300 3831 aperihelio
1318 3762 1432 3818 Veneris
1450 3772 1515 3818 tono

162 3837 283 3903 minore,
311 3851 349 3890 se.
367 3835 414 3905 ll„
436 3852 486 3892 seu
504 3836 562 3905 iil„
580 3842 698 3903 (praeter
723 3835 815 3906 aliqua
832 3836 974 3905 diapason)
1001 3853 1095 3895 versus
1119 3841 1222 3910 gravia:
1248 3840 1366 3896 Telluris
1391 3842 1515 3914 equidem

162 3913 312 3983 peribelitrs
334 3913 368 3968 ab
391 3911 486 3971 eodem
509 3911 641 3984 perihelio
660 3913 773 3969 Veneris
797 3912 881 3970 dietat
904 3932 954 3985 per
972 3916 1017 3981 ⁵1⁸,
1037 3918 1066 3973 id
1083 3928 1126 3974 est
1143 3936 1191 3989 per
1209 3919 1283 3989 ²⁵10.
1318 3922 1413 3991 Itaque
1432 3921 1514 3977 dista·

161 3992 232 4047 bnut
248 3990 374 4061 peribolii
391 3991 508 4048 Telluris
533 4001 561 4046 et
577 3991 655 4046 Joris
672 4007 722 4060 per
742 3991 812 4061 ²⁵l„,
836 4002 947 4063 praeter
970 3994 1101 4065 diapason
1125 3998 1235 4068 aliquot.
1272 4000 1304 4054 Id
1321 4016 1384 4055 vero
1409 4000 1514 4055 barmo-

161 4071 256 4127 uieum
275 4088 329 4126 nou
348 4077 402 4141 eet,
421 4072 521 4141 quippe
540 4071 653 4140 duplum
670 4071 757 4139 ipsios
776 4071 808 4141 il,
828 4073 1024 4143 subdiapente
1042 4075 1202 4131 diminutum
1221 4094 1276 4132 uns
1293 4076 1370 4132 diesi.

251 4152 474 4242 Propositio
496 4164 677 4231 xxxvll„
710 4164 758 4223 Ad
780 4182 923 4224 summam
951 4169 1132 4244 propriarum
1159 4169 1373 4229 harmoniarum
1396 4170 1514 4230 Saturni

161 4260 195 4309 et
215 4250 304 4311 Jovie
328 4248 384 4332 ²1„
406 4259 435 4312 et
457 4251 494 4311 ad
519 4269 702 4312 communem
723 4254 760 4311 iis
781 4253 923 4329 majorem
951 4251 983 4335 ¹l,
1006 4255 1145 4316 accedere
1168 4259 1296 4333 oportuit
1326 4258 1512 4318 intervallum

161 4337 289 4415 aequale
314 4338 467 4398 intervallo
492 4339 624 4399 Veneris.

250 4420 322 4476 Nam
339 4421 432 4476 Venus
449 4421 557 4492 aphelio
575 4430 651 4477 motu
668 4420 778 4492 proprie
796 4421 1009 4489 designationem
1036 4422 1147 4491 adjuvat
1164 4424 1269 4492 generis
1289 4422 1360 4493 duri,
1380 4426 1511 4496 peribelio

157 4501 270 4570 generis
288 4498 391 4568 mollis,
410 4515 459 4568 per
476 4517 517 4569 pr.
536 4500 578 4556 27.
602 4510 630 4556 et
649 4502 690 4556 33.
726 4501 779 4557 Sed
799 4502 933 4557 Saturnus
961 4502 1069 4571 epbelio
1088 4503 1244 4571 eonspIrare
1262 4502 1354 4558 debuit
1378 4504 1511 4561 etiamad

161 4595 253 4649 geuus
272 4580 370 4635 durum
388 4580 473 4634 etsie
491 4579 526 4634 sd
544 4580 681 4649 aphelium
699 4581 821 4651 Veneris,
838 4598 890 4651 per
905 4598 945 4650 pr.
964 4582 1012 4647 35,
1033 4579 1142 4650 Jupiter
1158 4594 1221 4634 vero
1239 4582 1370 4651 peribelio
1388 4582 1423 4638 ad
1441 4584 1510 4653 peri-

114 4724 120 4735 ·
158 4659 270 4715 bellum
285 4659 414 4727 Veneris,
432 4674 481 4728 per
498 4661 682 4728 praemissam.
718 4662 855 4729 Quantum
872 4661 956 4731 igitur
973 4661 1065 4728 Venus
1082 4659 1147 4714 ierit
1163 4660 1332 4716 interranum
1350 4661 1384 4715 ab
1403 4661 1510 4732 aphelio

158 4740 191 4793 in
212 4736 385 4805 peribelium,
412 4743 517 4792 tantum
535 4737 616 4792 etiam
634 4739 764 4794 secedere
788 4756 900 4796 neeesse
918 4748 961 4796 est
977 4739 1061 4795 motui
1079 4739 1155 4794 Joris
1179 4739 1231 4807 illi,
1258 4741 1306 4810 qui
1323 4757 1384 4796 cunr
1402 4740 1509 4809 aphelio

159 4815 277 4875 Saturni
301 4814 368 4872 fauit
387 4815 432 4886 ¹1„
458 4815 494 4871 ad
515 4816 677 4886 peribelium
694 4818 771 4872 Jovls
788 4819 961 4888 ipsissimum.
998 4818 1051 4874 Sed
1076 4819 1294 4889 eonverpeutium
1312 4820 1388 4875 Joris
1417 4830 1444 4874 et
1462 4820 1509 4874 Sa·

158 4895 241 4955 turni
264 4894 405 4955 umbrie
429 4902 473 4952 est
489 4895 612 4967 praeelea
632 4895 676 4966 ¹12,
701 4911 753 4966 per
768 4912 810 4965 pr.
828 4898 854 4954 8.
889 4897 987 4954 Ablato
1004 4898 1088 4971 igitur
1103 4896 1245 4957 intervsllo
1266 4899 1297 4967 ¹1,
1314 4898 1349 4961 ab
1367 4913 1414 4973 eo,
1436 4899 1509 4973 quod
