3567 5625
671 453 889 511 1111111111
906 408 1011 512 nunu
1346 433 1348 440 '
1494 460 1511 517 r

168 633 250 693 tarde
275 633 438 710 procedunt
459 640 489 694 et
511 631 681 708 dillictllimo
703 640 819 696 conatu.
869 633 933 694 Etsi
962 633 1010 694 bic
1037 637 1126 695 etiam
1156 634 1322 696 tabulanun
1343 632 1513 708 mdimenta,
1633 693 1640 720 ,

167 723 254 798 qnasi
275 721 339 797 jam
360 721 497 798 perlectis
520 721 823 794 demonstrationibus,
847 723 873 779 sl
895 722 969 781 torte
990 740 1042 799 per
1058 722 1183 797 tabulas,
1206 724 1393 799 quantumvis
1414 722 1513 796 ialsas,

165 810 265 885 jurari
293 810 389 885 possit
416 808 671 869 demonstrationis
700 807 864 869 metlrndus
917 807 1001 870 Haec
1027 809 1141 887 Pragae
1170 810 1302 870 exhibita
1327 809 1514 888 Imperatoris

168 895 316 956 Matthiae
339 895 523 957 consiliariis.
557 898 752 957 Accesserant
773 904 871 957 autem
893 895 988 956 Lincii
1010 914 1087 956 anno
1111 898 1192 957 1615
1216 900 1361 959 restitutio
1383 904 1514 958 motuum

168 984 315 1057 absoluta,
340 983 506 1044 tabularum
529 1000 596 1060 pare
618 984 800 1061 potissima“

269 1069 327 1130 His
351 1074 394 1131 ita
416 1073 561 1148 inscriptis
584 1078 613 1131 et
634 1072 807 1132 examinatis
829 1069 1096 1145 computationibus
1119 1070 1217 1131 videre
1243 1071 1325 1146 licet,
1355 1069 1513 1148 Keplemm

145 1156 217 1223 „illc
246 1164 380 1235 tempore
410 1159 544 1218 omnibus
571 1157 698 1235 planetis
727 1156 874 1236 ellipticos
899 1156 984 1216 orbes
1007 1158 1157 1231 tribuisse,
1187 1176 1367 1234 quamquam
1388 1157 1426 1217 ad
1447 1156 1513 1218 illos

167 1248 335 1305 accuratius
358 1244 537 1306 deliniendos
560 1255 590 1305 et
613 1249 753 1306 inunum
776 1244 995 1321 conjungendos
1016 1245 1170 1320 ignorabat
1192 1244 1301 1319 adhuc,
1326 1262 1401 1322 quae
1423 1246 1514 1305 inter-

168 1332 285 1392 cederet
311 1335 388 1392 ratio
416 1333 491 1392 tuter
522 1342 609 1392 11111
639 1349 740 1393 cursus
768 1341 798 1393 11
825 1332 995 1392 inmunem
1023 1351 1042 1391 a
1068 1331 1146 1391 Sole.
1190 1332 1274 1392 Haec
1299 1339 1363 1394 erat
1390 1349 1450 1392 una
1477 1332 1513 1392 de

167 1421 277 1492 111111,
312 1437 363 1480 cur
393 1423 423 1478 in
453 1419 648 1496 Rudolphinis
680 1419 788 1480 tabulis
818 1417 1006 1480 conficiendis
1030 1417 1138 1478 diutins
1158 1426 1326 1494 moraretur,
1349 1427 1379 1480 et
1400 1420 1513 1480 detecm

167 1506 230 1582 lege
263 1505 305 1567 de
340 1506 543 1570 distantiarum
573 1517 603 1568 et
630 1515 761 1567 motuum
800 1505 1013 1585 periodicorum
1048 1511 1246 1583 proportione,
1279 1525 1339 1584 qua
1368 1505 1512 1583 Keplerus

167 1594 326 1655 inchoatae
349 1595 520 1672 disciplinae
541 1611 613 1655 suae
635 1596 784 1672 fastigium
805 1596 953 1672 imposuit,
976 1594 1072 1654 denuo
1094 1595 1233 1655 incitatus
1254 1602 1307 1668 est,
1330 1594 1514 1656 111111111-

166 1689 248 1757 grato
272 1680 375 1741 studio
398 1680 591 1742 conficiendas
613 1684 686 1742 istas
707 1681 824 1742 tabulas
846 1683 1014 1757 susciperet

271 1769 439 1830 Ptolomaei
460 1768 638 1830 Harmoniae
661 1773 757 1830 versio
779 1768 915 1830 absoluta
937 1776 981 1828 est
1003 1785 1103 1829 mense
1125 1767 1284 1828 Februario
1311 1770 1407 1843 1618,
1429 1774 1513 1845 post-

167 1872 253 1932 quam
277 1857 427 1933 Raptatus
449 1857 538 1933 paulo
561 1865 629 1917 ante
651 1855 727 1936 (Oct.
750 1856 844 1933 1617)
866 1858 897 1914 in
912 1855 1177 1932 Wiirtembergiam
1198 1856 1344 1933 protentus
1367 1855 1513 1917 Vincentii

168 1941 297 2004 Galilaei
320 1944 359 2004 de
378 1962 409 2005 re
432 1947 545 2004 musica
566 1961 641 2021 opus
662 1944 774 2020 legerat
791 1946 847 2016 (etr.
866 1946 978 2001 volll.
996 1962 1023 2015 p.
1037 1946 1107 2014 411).
1142 1942 1176 2001 11
1192 1943 1394 2020 cognoscendo
1409 1942 1512 2004 Ptole·

168 2047 248 2090 naec
272 2049 395 2109 oporam
412 2048 600 2106 consumens,
622 2029 662 2090 ad
683 2033 781 2108 priora
802 2028 901 2088 studia
922 2036 1077 2089 revocatas
1094 2030 1272 2091 Harmoniae
1288 2048 1359 2092 suae
1382 2030 1513 2091 nltimam

167 2117 264 2178 limam
290 2118 434 2193 admovit,
464 2125 495 2179 ct
515 2125 687 2196 computans
709 2117 824 2195 aliquot
843 2118 926 2176 locos
949 2116 1054 2177 dubios
1076 2116 1141 2176 libri
1164 2118 1201 2175 V.
1224 2127 1338 2195 praeter
1359 2125 1513 2195 exspecta·

168 2207 274 2265 tionem
300 2207 339 2266 ad
361 2204 553 2283 detegendam
575 2224 636 2265 rem
657 2205 739 2265 illam
760 2210 922 2264 memoratu
938 2203 1137 2280 diguissimam
1152 2205 1268 2266 delatus
1282 2212 1336 2266 eat.
1367 2205 1513 2283 Keplerus

168 2293 309 2358 intertin
328 2294 396 2353 libri
418 2295 512 2371 quinti
533 2297 629 2371 capite
650 2294 745 2368 refert,
768 2299 836 2356 aute
859 2290 936 2350 dicm
959 2291 1044 2349 VIII.
1071 2291 1142 2352 Idus
1164 2292 1287 2352 Martias
1308 2293 1432 2370 primum
1452 2310 1512 2353 rem

150 2381 296 2456 subiisse
310 2384 403 2456 Ipsius
423 2382 560 2455 animum,
583 2380 635 2440 sed
656 2391 774 2458 propter
794 2395 920 2440 errorem
933 2380 964 2435 in
979 2379 1175 2455 computando
1189 2379 1348 2440 admissum
1363 2389 1397 2439 ut
1409 2380 1513 2440 ialam

169 2468 204 2527 ab
224 2472 295 2545 ipso
318 2485 383 2529 esee
404 2468 551 2544 rejectam.
596 2467 656 2528 Sed
677 2469 715 2527 ab
738 2466 788 2527 illc
810 2465 878 2527 inde
901 2474 1031 2545 tempore
1059 2483 1117 2526 non
1146 2466 1273 2544 amplius
1294 2469 1431 2527 omissam
1452 2484 1513 2528 rem

169 2555 204 2614 ad
232 2557 326 2615 finem
349 2552 489 2633 ‘perduxit
510 2554 611 2614 Idibus
633 2553 731 2631 Maiis.
786 2553 899 2630 (inepta
927 2561 972 2614 eat
1001 2553 1162 2616 Harmonia
1189 2556 1268 2632 typis
1297 2558 1418 2632 exprimi
1444 2561 1513 2615 ante

169 2641 242 2702 diem
263 2642 321 2704 VI.
338 2641 401 2702 Cal.
423 2641 530 2704 Junias
547 2643 638 2716 1618,
661 2642 744 2702 linita
765 2660 791 2701 a
809 2641 836 2700 d.
859 2639 918 2699 XI.
941 2640 1004 2701 Cal.
1027 2641 1114 2702 Mart.
1136 2641 1227 2706 1619.
1264 2641 1353 2701 Liber
1374 2641 1398 2702 1.
1422 2648 1450 2703 et
1471 2642 1511 2701 Il.

169 2738 232 2806 post
254 2739 318 2790 tres
340 2730 458 2790 ultimos
480 2731 609 2807 expressi
631 2732 661 2788 in
684 2746 772 2806 opere
793 2728 832 2789 ab
847 2734 966 2788 numere
981 2728 1059 2790 edito
1081 2730 1255 2806 peculiarem
1278 2728 1388 2798 habeut
1409 2730 1512 2789 seriem

169 2817 351 2895 pagellarum
374 2829 404 2878 et
425 2817 574 2894 peculares
597 2816 778 2895 pagellerpm
800 2814 990 2892 singularium
1013 2825 1108 2877 nutas.
1144 2816 1299 2894 Quomodo
1323 2834 1397 2895 opus
1419 2825 1511 2878 ortum

169 2906 214 2980 sit,
235 2906 383 2983 epistolae
407 2923 483 2982 quae
504 2914 666 2982 sequnntur
687 2904 820 2983 pluribus
843 2911 985 2963 enarrant.

269 2992 418 3070 Keplerus
440 3009 515 3069 opus
537 3010 621 3052 suurn
644 2992 793 3053 dedimvit
814 2989 931 3051 Jacobo
946 2990 971 3049 Ι.
987 2989 1149 3067 Auglorum
1171 2993 1243 3068 regi,
1267 3008 1353 3067 quem
1368 2989 1512 3068 Keplerus

168 3080 311 3155 ejusmodi
326 3080 617 3141 commentationibus
632 3079 770 3140 delectari
784 3079 872 3138 sciret
888 3080 944 3142 inlr.
963 3082 985 3137 L
1003 3082 1072 3147 3101.
1094 3078 1294 3156 Menuscripta
1303 3077 1513 3139 Pulcoviensia

169 3167 361 3229 dedicationis
385 3168 473 3244 bujus
494 3168 616 3227 termam
637 3165 762 3227 referunt
784 3166 832 3226 ab.
845 3167 985 3242 impressa
1004 3165 1214 3242 discrepantem
1237 3164 1323 3245 (quae
1339 3165 1512 3243 discrepant,

170 3263 237 3316 nota
260 3260 292 3316 1.
315 3253 566 3335 comparavimus).
614 3253 723 3314 Eadem
751 3255 787 3313 de
814 3270 916 3324 11111,
947 3269 1006 3327 qua
1033 3253 1174 3329 impulsus
1202 3252 1347 3329 Keplerus
1378 3253 1439 3330 regi
1468 3252 1513 3311 illi

168 3341 359 3404 Harmoniam
390 3342 666 3414 dedicavit,.eidem
693 3342 800 3401 librum
830 3340 865 3399 de
898 3338 990 3399 Stella
1019 3338 1105 3399 Nova
1133 3342 1331 3401 transmiserat
1364 3347 1394 3400 et
1421 3339 1513 3400 literis

169 3429 307 3507 adjectis,
331 3448 405 3508 quas
426 3430 492 3491 Vol.
516 3429 555 3488 II.
577 3449 607 3506 p.
634 3431 695 3489 606
718 3426 921 3505 exprimendas
943 3429 1122 3501 curavimus,
1152 3430 1261 3505 pariter
1282 3444 1318 3488 ac
1339 3427 1369 3485 in
1392 3425 1512 3487 dedica·

170 3520 246 3578 tinne
270 3518 378 3593 quibus
400 3521 495 3579 caesis
518 3524 615 3577 motus
637 3515 666 3575 id
688 3516 798 3576 iaceret
818 3516 1069 3591 pronunciaverat
1543 3508 1549 3521 '

270 3605 398 3680 Figurae
426 3605 465 3664 ad
492 3604 682 3665 Harmoniam
714 3602 831 3663 additae
856 3619 875 3661 a
898 3598 1054 3660 Guilielmo
1081 3599 1274 3677 Schiclxardo,
1303 3608 1365 3660 turn
1388 3599 1511 3665 diacono

169 3690 365 3768 Nurtiargcusi,
388 3690 550 3753 delineatae
572 3700 655 3768 suut,
684 3690 761 3751 aliae
782 3688 862 3767 ilgno
885 3690 1050 3764 inscriptae,
1079 3687 1156 3749 aliae
1179 3690 1239 3749 aeri
1260 3689 1380 3750 incisae.
1423 3686 1511 3769 (Vide

170 3777 266 3856 intra.)
1041 3840 1046 3851 ,

115 3894 121 3903 ·
272 3863 441 3941 Bibliopola
454 3863 583 3943 Keplero
598 3870 714 3933 centum
736 3860 916 3939 exemplaria
937 3863 1034 3939 operis
1055 3863 1201 3923 commisit
1221 3878 1274 3939 pro
1295 3858 1437 3937 mercede,
1459 3862 1512 3923 illa

171 3959 267 4013 aetate
290 3967 348 4012 non
371 3953 489 4026 usitata,
512 3969 548 4013 ea
569 3951 749 4023 conditione,
772 3966 810 4009 ne
832 3949 909 4011 dono
932 3949 1069 4010 darentm
1090 3953 1240 4027 cuiquam,
1262 3949 1315 4010 sod
1336 3949 1395 4012 lixo
1417 3952 1520 4029 pretio·

172 4040 305 4101 binorum
318 4039 498 4103 florenorum
521 4056 586 4099 cum
609 4037 728 4099 dimidio
751 4035 952 4098 venderentur.

274 4126 472 4204 Archetypum
493 4144 586 4203 parvo
608 4126 677 4186 tollo
693 4127 861 4202 impressum
876 4118 938 4185 332
958 4127 1082 4201 paginas
1099 4124 1298 4202 complectitur
1313 4141 1379 4184 curn
1393 4124 1513 4203 pagella

172 4212 288 4273 titulum
316 4222 345 4273 et
376 4212 588 4275 dedicationem
617 4214 768 4275 referente.
813 4211 847 4270 In
869 4210 954 4271 titulo
982 4215 1070 4272 etiam
1095 4211 1223 4274 secunda
1249 4210 1338 4271 editio
1360 4210 1511 4272 Prodromi

174 4301 292 4360 retertur
320 4299 478 4379 (,accessit
498 4318 575 4365 nunc
596 4308 715 4379 propter
736 4300 940 4377 cognationem
961 4302 1099 4359 materiae
1126 4299 1256 4377 ejusdem
1282 4298 1446 4359 liberante
1469 4300 1509 4357 te
1637 4310 1638 4315 ’

174 4404 264 4447 anuos
286 4386 380 4448 editus
392 4387 555 4466 Tubingae,
578 4391 624 4448 cui
646 4386 761 4449 titulus:
783 4385 960 4446 Prndrnmus
975 4384 1074 4465 etc.“).
1105 4387 1221 4446 Titulus
1243 4393 1342 4446 autem
1363 4385 1509 4446 secundae

175 4475 306 4534 editionis
332 4474 521 4551 „Prodromi“
545 4476 633 4536 refert
655 4470 762 4537 anuum
786 4474 878 4546 1621,
902 4490 995 4549 aeque
1018 4491 1053 4533 ac
1075 4473 1219 4533 dedicatio
1242 4474 1337 4539 (11.1
1355 4477 1509 4547 dcccliii),
1601 4542 1602 4553 ¹

175 4570 206 4620 ut
219 4563 321 4623 titulus
335 4560 512 4624 Harmoniae
536 4562 642 4640 duplex
662 4565 820 4639 impressus
834 4577 898 4620 csse
912 4559 1055 4633 rideatur,
1078 4561 1156 4637 quod
1172 4556 1355 4621 confirmatur
1368 4559 1509 4637 inspecto,

176 4648 243 4707 dnm
264 4649 337 4710 baec
364 4650 529 4724 scribimus,
561 4649 619 4710 alio
648 4647 806 4735 examplari
827 4647 1019 4721 Harmoniae,
1049 4648 1078 4704 in
1107 4665 1165 4724 quo
1188 4648 1292 4723 verba,
1325 4664 1400 4725 quae
1422 4647 1509 4709 modo
1630 4690 1637 4703 .

177 4736 337 4810 citavimus,
354 4739 462 4801 omissa
475 4744 552 4798 snut.
579 4736 683 4797 Nonne
698 4737 758 4797 alia
774 4738 891 4812 insuper
905 4736 1090 4812 inscriptione
1105 4742 1208 4797 oruata
1221 4752 1288 4813 pars
1302 4733 1509 4812 exemplarium

176 4821 352 4884 Harmomm
386 4824 524 4901 prodierit
562 4832 725 4901 quaeratur,
760 4832 915 4902 propterea
941 4821 1019 4899 quod
1046 4821 1144 4883 multis
1171 4823 1291 4901 Kepleri
1321 4823 1508 4901 epistolarum

176 4908 249 4971 locis
273 4927 367 4973 sermo
398 4910 431 4972 fir
460 4912 496 4975 de
527 4910 743 4995 „admonitione
772 4910 812 4971 ad
839 4909 1016 4987 bibliopolae
1049 4913 1193 4988 exteros“,
1226 4929 1285 4988 qna
1313 4911 1509 4979 admonitione
