3567 5625
1330 451 1711 553 comninos.
1788 480 1956 536 mor
1988 481 2059 536 11.
2697 435 2702 447 ⁵
2930 485 3051 549 117

517 662 609 717 Sic
641 658 913 730 tetragoni
947 658 1183 731 angulus
1219 666 1304 716 est
1338 673 1480 713 unus
1514 663 1726 724 rectus,
1779 661 2016 726 quatuor
2050 673 2182 729 ergo
2217 665 2606 731 quaternorum
2649 666 3054 730 tetragonorum

338 736 531 811 anguli
564 740 777 795 fociant
810 746 1047 810 quatuor
1080 746 1288 807 rectos3
1339 736 1462 793 vide
1496 737 1563 791 Ε.
1638 734 1730 790 Sic
1764 734 2039 806 hexagoni
2074 738 2304 807 angulus
2341 746 2426 794 est
2464 740 2492 810 ε
2529 739 2692 794 nnius
2726 738 2891 808 recti3
2941 742 3055 793 tm

340 835 475 889 ergo
508 820 674 874 trium
707 819 1011 889 figurarum
1054 819 1265 874 faciunt
1302 819 1386 890 γ,
1422 816 1479 871 id
1516 824 1601 872 est
1635 817 1671 873 4
1706 819 1919 884 rectos3
1958 815 2081 871 vide
2115 817 2180 871 F.
2253 818 2329 871 At
2362 817 2654 886 pentagoni
2699 815 2932 884 angulus
2969 825 3055 875 est

341 903 521 956 minor
553 900 925 969 hexagonico3
971 907 1085 954 tres
1122 914 1250 968 ergo
1288 906 1419 954 sunt
1452 900 1690 955 minores
1726 899 1760 952 4
1796 897 1993 962 rectis,
2045 900 2160 950 tres
2197 910 2325 963 ergo
2362 895 2544 956 hiant3
2580 894 2724 949 idem
2760 900 2848 951 est
2882 892 3057 963 major

338 978 710 1047 tetragonico:
760 985 997 1048 quatuor
1043 995 1173 1049 ergo
1210 979 1558 1049 pentagonici
1593 979 1723 1034 sunt
1756 977 1994 1046 majores
2029 976 2064 1030 4
2099 975 2266 1030 rectis
2279 1015 2295 1043 ‚
2347 990 2474 1045 ergo
2529 992 2638 1030 non
2672 975 2964 1044 capiuntur
2996 974 3054 1027 in

343 1074 454 1114 uno
490 1057 611 1113 loco
647 1058 827 1128 plano,
867 1074 969 1128 per
1008 1060 1088 1116 16.
1125 1060 1306 1129 huJus.
1380 1060 1501 1115 Hac
1534 1058 1604 1116 (le
1641 1072 1810 1115 causa
1842 1056 1966 1111 vide
1990 1056 2059 1124 H,
2097 1070 2221 1109 cum
2258 1063 2452 1125 quarto
2490 1071 2799 1131 pentasemo
2839 1071 3052 1135 ponetis

343 1138 574 1208 signato.
648 1139 740 1194 Sic
775 1139 1072 1210 heptagoni
1108 1147 1165 1196 et
1201 1140 1440 1196 omnium
1475 1140 1742 1208 majorum
1765 1137 2063 1205 figurarum
2100 1133 2332 1203 angulus
2368 1137 2542 1207 major
2579 1157 2659 1195 Ἶ[πως
2691 1143 3048 1219 Ῑωκειξςῡηῑειη

293 1213 298 1225 “
343 1226 455 1273 tres
492 1233 622 1287 ergo
659 1219 1007 1289 heptagonici
1052 1228 1313 1291 superant
1350 1222 1384 1277 4
1422 1226 1617 1275 rectos.
1689 1210 1827 1272 Vide
1864 1215 1916 1284 Ι,
1969 1214 2064 1269 nbi
2100 1212 2332 1271 duorum
2383 1215 2815 1288 heptagnfflmam
2871 1239 3052 1295 partes

342 1290 398 1351 in
432 1296 600 1366 plano
636 1304 831 1365 tegunt
863 1297 1041 1353 locum
1078 1299 1327 1355 eundem.

519 1377 644 1433 Huc
676 1377 825 1433 refer
858 1378 1134 1450 rhombos,
1173 1388 1491 1439 constantes
1520 1398 1588 1436 ex
1612 1378 1752 1433 binis
1776 1375 2007 1444 trigonis
2040 1375 2380 1445 regularibus
2405 1378 2659 1448 singulm.
2739 1388 3052 1460 [zmgmum

343 1456 489 1512 enim
523 1455 934 1526 perfectissime,
974 1463 1038 1512 ut
1071 1458 1350 1526 regulares
1388 1460 1687 1531 hexagoni,
1737 1457 1842 1512 etei
1881 1456 1986 1525 ipsi
2020 1463 2150 1511 sunt
2185 1455 2392 1524 figurae
2427 1464 2839 1532 semirvgularis
2920 1472 3052 1528 Vide

342 1538 487 1590 hanc
523 1535 932 1603 congruentiam
967 1536 1025 1590 in
1060 1538 1338 1593 schemate
1375 1554 1487 1611 seq.
1526 1555 1594 1594 ex
1630 1554 1773 1609 aere,
1809 1538 1972 1593 litera
2007 1536 2070 1590 G.

522 1615 646 1671 Huc
680 1615 844 1672 etim
880 1615 1025 1672 refer
1060 1616 1249 1673 stellas
1295 1634 1365 1674 ex
1401 1619 1752 1690 dodeeagono
1790 1615 2148 1688 sexangulas,
2199 1616 2434 1671 exsectis
2482 1618 2628 1674 senis
2663 1622 2858 1695 radiis,
2906 1628 3054 1698 apud

346 1693 560 1748 literam
599 1694 676 1748 K:
728 1695 878 1750 venit
912 1698 1055 1752 enim
1090 1697 1147 1752 in
1183 1698 1362 1754 locum
1400 1700 1608 1755 exsecti
1643 1699 1783 1754 radii
1829 1712 1994 1752 cavus
2030 1694 2295 1766 angulus,
2352 1702 2504 1753 recto
2553 1700 2812 1771 aequalis.
2884 1706 3056 1775 Igitur

346 1780 459 1829 tres
500 1773 822 1842 tetragonici
860 1782 917 1829 et
952 1782 1066 1832 tres
1100 1777 1293 1833 talium
1330 1779 1612 1835 stellarum
1657 1779 1797 1834 radii
1832 1775 2062 1847 implent
2113 1774 2310 1831 locum.
2380 1776 2523 1832 Nam
2567 1778 2886 1852 hexagonus
2922 1784 3054 1843 divi·

347 1851 497 1906 ditur
527 1851 585 1907 in
621 1852 785 1909 telem
820 1853 1034 1910 stellam
1070 1863 1127 1911 et
1162 1872 1259 1912 sex
1296 1858 1545 1914 dimidios
1578 1865 1913 1927 tetragonos.

521 1961 705 2023 XIX.
749 1957 1211 2043 Propositio.
1302 1967 1391 2029 Ex
1436 1967 1627 2047 planis
1673 1969 1924 2030 duarum
1966 1967 2280 2051 figurarum
2319 1966 2594 2047 impletur
2635 1967 2802 2031 locus
2846 1974 3057 2052 planus

347 2050 575 2124 sexies3
620 2050 711 2114 bis
756 2069 830 2112 ex
874 2055 1151 2131 quinque,
1197 2056 1380 2118 semel
1422 2074 1494 2118 ex
1519 2065 1810 2134 quatuor,
1856 2065 1945 2116 ter
1988 2073 2061 2117 ex
2104 2055 2291 2116 tribus
2337 2055 2589 2133 augulis.

526 2150 671 2206 Sene
704 2153 848 2207 enim
883 2150 1052 2221 plana
1085 2154 1230 2211 coire
1265 2172 1376 2212 non
1410 2163 1660 2227 possunt,
1697 2163 1760 2210 ut
1796 2170 1986 2210 eorum
2010 2155 2171 2210 unius
2195 2154 2427 2223 angulus
2463 2155 2536 2209 sit
2557 2157 2731 2226 major
2754 2160 3056 2229 trigonico:

352 2230 477 2299 quia
512 2230 672 2300 primi
705 2231 957 2300 trigonici
991 2234 1269 2303 quantitas
1304 2241 1393 2291 est
1428 2236 1461 2305 3
1497 2234 1659 2291 unius
1710 2234 1877 2304 rect13
1923 2235 2109 2301 imque
2159 2232 2266 2287 hoc
2312 2233 2492 2288 sexies
2558 2241 2794 2290 sumtum
2837 2236 2969 2295 facit
2999 2242 3056 2312 {ff

352 2324 449 2363 seu
482 2310 521 2368 4
554 2317 751 2366 rectos.
823 2310 945 2366 Uno
991 2312 1160 2380 igitur
1205 2313 1399 2369 horum
1434 2314 1468 2371 6
1503 2315 1696 2384 majori
1743 2316 2043 2381 existente,
2091 2318 2154 2368 ut
2203 2327 2280 2369 sc.
2332 2312 2403 2367 sit
2437 2312 2645 2383 figurae
2690 2316 3057 2392 plurilaterae,

351 2395 683 2458 superantur
718 2390 752 2446 4
787 2392 952 2448 recti:
991 2398 1050 2447 et
1082 2398 1214 2449 tunc
1249 2392 1506 2462 planities
1540 2410 1653 2450 non
1689 2394 1973 2462 sternitur,
2012 2408 2112 2463 per
2153 2393 2235 2449 16.
2269 2392 2452 2461 huius.

532 2472 581 2524 1.
661 2468 839 2537 Quina
872 2487 999 2526 vero
1036 2469 1203 2541 plana
1238 2481 1369 2529 tunc
1406 2479 1621 2543 coeunt,
1660 2475 1707 2528 si
1743 2480 1981 2543 quatuor
2016 2471 2294 2541 trigonicis
2323 2471 2589 2541 jungatur
2623 2489 2782 2545 unns,
2817 2490 3060 2551 aequans

354 2546 488 2605 duos
524 2550 847 2619 trigonicos‚
881 2551 1010 2607 talis
1045 2568 1175 2608 vero
1211 2561 1298 2609 est
1332 2552 1730 2623 hexagonicns;
1767 2552 1942 2607 forma
1975 2550 2149 2621 qualis
2184 2550 2344 2605 litera
2379 2550 2446 2608 L.

531 2628 583 2683 2.
654 2628 759 2684 Vel
792 2630 840 2684 si
888 2632 1062 2687 tribue
1097 2632 1381 2702 trigonicis
1427 2632 1537 2687 duo
1571 2630 1897 2701 tetragonici
1938 2630 2265 2699 jungantur3
2321 2629 2450 2699 quia
2484 2639 2726 2700 aequant
2772 2636 2886 2690 tres
2923 2636 3059 2694 alios

354 2706 661 2775 trigonicos.
732 2707 933 2766 Forma
968 2711 1141 2782 qualis
1178 2713 1236 2767 in
1270 2713 1331 2767 M
1368 2711 1455 2767 vel
1492 2712 1665 2783 qualis
1700 2712 1756 2766 in
1793 2712 1873 2782 N,
1920 2725 1996 2766 sc.
2033 2709 2291 2765 continue
2337 2709 2668 2781 uniformi83·
2694 2713 2779 2767 vel
2826 2713 3058 2787 denique

355 2784 529 2855 qualis
564 2787 622 2843 in
658 2787 719 2858 Ο,
757 2788 1021 2846 difformis
1055 2790 1497 2849 continuationis.
1571 2794 1647 2848 At
1682 2793 1729 2848 si
1764 2790 2061 2860 trigonicos
2096 2790 2236 2846 duos
2250 2830 2265 2856 ‚
2300 2792 2666 2861 tetragonicos
2700 2801 2814 2851 tres
2851 2811 3057 2853 sumse-

353 2864 519 3000 :idmdii
545 2865 662 2934 jam
699 2876 933 2939 quatuor
964 2875 1145 2925 rectos
1181 2871 1535 2940 superabunt,
1574 2871 1743 2928 multo
1768 2872 1959 2940 magis,
1996 2871 2044 2927 si
2078 2871 2314 2939 maiores
2351 2871 2459 2926 duo
2495 2881 2843 2929 accersantur
2879 2875 3061 2945 anguli

495 2960 596 3000 uos
629 2946 943 3018 trigonicos.

528 3026 577 3080 3.
650 3026 928 3093 Quaterna
962 3044 1090 3085 vero
1127 3030 1362 3085 duorum
1396 3031 1700 3100 specierum
1737 3036 1938 3087 coeunt
1954 3073 1968 3096 ‚
2021 3030 2072 3085 si
2103 3030 2384 3102 trigonicis
2424 3031 2566 3088 binis
2608 3032 2913 3103 ,iungantur
2946 3037 3058 3094 bini

356 3108 693 3177 hexagonici.
765 3110 967 3166 Forma
1009 3109 1186 3181 qualis
1236 3110 1292 3165 in
1327 3109 1372 3164 P
1420 3109 1509 3163 vel
1545 3109 1722 3177 qualis
1769 3109 1828 3164 in
1864 3110 1930 3165 B.
2002 3108 2180 3166 Aliter
2213 3118 2490 3178 utcunque
2539 3112 2878 3182 copulaveris
2929 3132 3057 3187 qua-

355 3194 511 3241 terna
525 3227 539 3252 ‚
573 3202 791 3257 semper
819 3189 906 3244 vel
934 3188 1067 3259 plus
1104 3187 1310 3243 efficies
1348 3187 1433 3244 vel
1469 3187 1649 3242 minus
1684 3203 1848 3258 quam
1884 3195 2118 3256 quatuor
2152 3196 2332 3245 rectos
2347 3229 2362 3259 ‚
2411 3206 2588 3261 eoque
2622 3191 2801 3249 locum
2836 3196 3057 3265 planum

355 3280 462 3321 non
498 3275 730 3322 sternes.
803 3268 1010 3323 Temos
1042 3267 1212 3335 igitur
1246 3266 1293 3321 si
1318 3265 1634 3335 jungamus,
1660 3273 1946 3333 caventes,
1982 3282 2053 3321 ne
2086 3265 2200 3321 sint
2232 3267 2419 3335 plures
2455 3285 2618 3340 quam
2653 3272 2794 3329 duae
2831 3278 3058 3348 species,

356 3343 584 3410 primum
629 3362 740 3401 non
787 3353 1047 3415 poterunt
1095 3360 1217 3401 esse
1266 3345 1377 3400 duo
1414 3343 1663 3411 trigonici
1707 3359 1809 3398 nec
1847 3343 1956 3398 duo
1992 3345 2338 3414 tetragonici,
2388 3363 2499 3403 non
2548 3365 2611 3405 su
2779 3362 2875 3411 ent
2915 3357 3057 3412 enim

358 3414 491 3470 duos
527 3422 710 3471 rectos
747 3424 802 3472 et
839 3414 1241 3485 relinqueretur
1274 3431 1372 3486 pro
1409 3414 1599 3483 terti0,
1637 3412 1783 3481 quod
1821 3413 2004 3470 nullus
2042 3431 2181 3470 unus
2219 3422 2274 3471 et
2309 3416 2462 3474 solus
2495 3418 2607 3491 imp
2630 3430 2702 3478 et.

527 3497 576 3548 4.
649 3495 770 3550 Uno
808 3512 936 3552 vero
971 3495 1113 3552 inter
1149 3503 1333 3552 ternos
1384 3494 1648 3565 trigonico
1685 3493 1895 3567 posito,
1948 3503 2254 3564 congruunt
2290 3497 2399 3552 duo
2436 3497 2820 3570 dodecagonici
2870 3512 3061 3575 estque

358 3575 691 3631 continuatio
727 3574 1030 3647 possibilis3
1082 3590 1185 3630 uec
1219 3573 1586 3635 admiscentur
1631 3573 1724 3629 alii
1761 3589 2074 3630 concursus.
2147 3575 2347 3631 Forma
2397 3576 2562 3646 hnius
2599 3580 2844 3649 planitiei
2879 3582 3059 3641 videa·

356 3662 444 3709 tur
477 3653 640 3710 litera
676 3654 732 3709 S.
804 3652 927 3707 Huc
961 3653 1106 3708 refer
1140 3653 1353 3716 stellam
1392 3651 1821 3724 dodecangulam
1858 3668 1928 3708 ex
1965 3669 2030 3708 eo
2067 3653 2439 3724 fundamento,
2487 3658 2636 3727 quod
2671 3660 2792 3728 eius
2828 3661 3060 3731 angulus

356 3748 519 3787 cavus
555 3739 757 3803 aequat
790 3733 1137 3800 trigonicum:
1187 3734 1373 3804 itaque
1409 3733 1659 3790 dividuus
1696 3740 1781 3787 est
1817 3732 2198 3803 dodecagonus
2233 3735 2290 3789 in
2327 3735 2544 3792 stellam
2587 3745 2643 3794 et
2683 3740 2746 3794 12
2781 3740 3056 3811 trigonos;

356 3827 484 3881 crgo
530 3812 772 3882 quinque
815 3812 1065 3879 trigonici
1108 3822 1165 3866 et
1209 3813 1317 3867 duo
1362 3812 1501 3869 radii
1546 3812 1775 3868 duarum
1824 3813 2105 3870 stellarum
2149 3819 2377 3870 coeunt:
2440 3815 2616 3872 foma
2663 3819 3059 3891 continuabilis,

356 3899 639 3962 spectetur
671 3891 833 3950 litera
866 3889 930 3945 T.

525 3973 577 4028 5.
650 3971 729 4025 Et
763 3987 873 4026 uno
909 3971 1246 4039 tetragonico
1282 3971 1425 4028 inter
1459 3980 1645 4028 ternos
1681 3980 1928 4031 assumto
1975 3981 2281 4043 congruunt
2329 3974 2439 4032 duo
2485 3977 2813 4048 octogonici,
2869 3983 3063 4050 estque

357 4049 738 4107 continuabilis
774 4059 833 4105 et
866 4051 1004 4106 haec
1042 4051 1239 4119 forma5
1278 4050 1528 4108 videatur
1561 4052 1720 4108 litera
1752 4054 1820 4109 V.
1892 4054 2017 4109 Huc
2049 4052 2197 4109 refer
2231 4055 2443 4112 stellam
2480 4058 2853 4124 octogonicam
2889 4072 2957 4111 ex
2995 4073 3061 4113 eo

360 4132 728 4201 fundamento,
766 4130 914 4201 quod
949 4131 1069 4199 Qus
1106 4131 1341 4201 angulus
1378 4147 1542 4189 cavus
1578 4139 1779 4201 aequet
1815 4133 2239 4202 tetragonicum:
2280 4134 2467 4206 itaque
2503 4134 2755 4193 dividuus
2791 4141 2878 4192 est
2913 4143 3060 4193 octo-

359 4225 534 4280 gonus
567 4211 626 4264 in
661 4210 877 4269 stellam
913 4218 970 4264 et
1006 4217 1129 4266 octo
1164 4209 1439 4280 triangula
1475 4206 1837 4280 tetragonium
1867 4227 2099 4283 quorum
2136 4212 2244 4268 duo
2279 4213 2525 4271 efficiunt
2557 4221 2918 4286 tetragonum.
2988 4216 3063 4273 Et

360 4292 435 4345 sic
477 4289 805 4360 tetragonici
852 4297 965 4345 tres
1015 4296 1072 4344 et
1117 4290 1344 4345 duarum
1392 4290 1675 4346 stellarum
1710 4291 1848 4346 radii
1883 4290 1993 4347 duo
2029 4291 2257 4360 implent
2291 4291 2497 4350 locum:
2545 4291 2722 4351 forma
2756 4294 2951 4364 mixta,
3002 4302 3064 4350 ut

361 4368 518 4426 litera
552 4368 636 4438 X,
673 4368 761 4425 vel
796 4369 952 4425 aliter
988 4369 1150 4424 etiam
1184 4368 1382 4439 mixta,
1421 4377 1483 4425 ut
1518 4368 1680 4428 litera
1713 4369 1777 4423 Y.

532 4450 581 4507 6.
652 4449 903 4509 Dimissis
932 4451 1049 4519 jam
1083 4450 1139 4505 in
1176 4449 1345 4506 ternis
1380 4449 1703 4521 coaptandis
1737 4449 2008 4519 trigonico
2044 4455 2102 4504 et
2128 4452 2470 4518 tetragonico
2486 4490 2501 4520 ‚
2555 4449 2604 4506 si
2637 4449 2708 4506 ad
2744 4451 3061 4520 pentagoni·

252 4589 262 4600 ‚
363 4546 481 4585 cum
514 4528 822 4595 veniemus,
876 4544 1064 4584 eorum
1098 4535 1330 4597 possunt
1365 4529 1505 4586 sumi
1541 4529 1677 4598 duo,
1725 4527 1855 4599 qnia
1890 4535 2150 4597 superant
2188 4527 2361 4597 juncti
2395 4529 2432 4583 2
2460 4534 2670 4598 rectos3
2718 4535 2777 4582 et
2810 4528 3061 4598 congruit

361 4611 416 4665 in
449 4610 633 4665 locum
680 4608 951 4676 reliquum
999 4607 1358 4674 decagonicus
1404 4623 1573 4676 unus;
1627 4614 1918 4664 coronatur
1952 4607 2095 4663 enim
2143 4606 2451 4676 decagonus
2487 4604 2810 4676 pentagonis
2857 4605 3060 4665 decem.

366 4689 459 4746 sed
491 4704 604 4743 non
639 4687 986 4747 continuatur
1020 4703 1157 4757 pure
1192 4686 1329 4742 haec
1363 4686 1551 4742 forma.
1611 4685 1750 4742 Vide
1785 4686 2009 4741 schema
2041 4685 2201 4742 litere
2222 4685 2266 4741 Z
2302 4685 2546 4744 interius.
2605 4683 2730 4741 Huc
2751 4698 2883 4754 ergo
2916 4684 3062 4743 refer

365 4769 575 4823 stellam
611 4768 1052 4836 pentescosten,
1104 4781 1228 4822 cum
1252 4766 1363 4824 sint
1395 4766 1742 4837 pentagonici
1785 4774 1904 4822 tres
1951 4772 2009 4821 et
2059 4780 2203 4825 unus
2236 4764 2430 4821 stellae
2472 4764 2684 4835 radium
2733 4765 2861 4837 quin
2895 4779 3060 4823 cavus

364 4845 551 4903 stellae
585 4844 820 4916 augum·
854 4847 1001 4916 capit
1036 4845 1198 4904 etiam
1234 4860 1401 4903 unum
1435 4846 1696 4914 angulum
1717 4845 2154 4917 petingen-icum,
2191 4861 2301 4902 non
2324 4844 2520 4915 minus,
2558 4860 2720 4927 quam
2743 4846 3059 4915 pentogoni·

366 4940 551 4986 corun
581 4923 748 4985 trium
781 4922 963 4984 hiatus
998 4924 1147 4995 capit
1198 4923 1421 4982 radium‘
1443 4924 1654 4985 stellae.
1727 4924 1866 4985 Vide
1903 4923 2090 4984 eodem
2125 4923 2285 4985 litero
2309 4923 2356 4981 Ζ
2391 4924 2645 5000 exterius.
2716 4923 3054 4997 Quamquam
