3567 5625
270 408 332 466 212
457 374 465 383 ’
537 478 540 483 ἢ
684 403 727 457 ns
746 401 1009 472 commemoratus
1026 402 1205 459 samonam

269 586 351 640 motu
373 580 515 656 gignitur,
546 582 675 656 compoti
707 583 847 641 tribueret
868 580 1054 657 harmonias3
1086 599 1185 641 verum
1212 584 1359 659 persuasit
1386 580 1471 642 nobis
1493 581 1622 642 conditio

268 685 363 727 rerum
386 665 582 739 dicendarum,
607 676 638 725 ut
660 683 719 727 non
741 675 855 727 tantum
878 667 1009 728 ordinem
1027 676 1212 740 verteremus,
1235 672 1319 729 initio
1337 671 1375 730 ab
1391 671 1520 729 humano
1535 681 1621 730 cantu

268 753 345 814 iacto
368 754 514 814 transituri
538 753 606 813 iude
629 754 812 815 ad.naturae
835 772 925 833 opera
948 758 1042 815 etsie
1065 754 1181 816 demum
1204 757 1242 816 ad
1266 776 1340 835 opus
1355 759 1519 829 creationis,
1544 758 1622 834 quod

269 844 398 903 omnium
419 844 544 920 primum
567 850 597 900 et
618 843 860 918 perfectissimum
874 844 939 914 luit,
961 841 1118 902 sedetiam
1131 844 1218 904 finem
1233 844 1442 922 speculationis
1458 846 1622 905 abstractae

270 946 337 989 cnm
357 932 501 1007 principio
524 939 723 989 concretarum
746 929 963 990 harmoniarum
992 932 1021 987 in
1044 940 1132 989 cantu
1155 932 1398 1008 conjungeremus
1421 932 1524 992 eodem
1547 932 1621 993 libro

269 1019 365 1078 tertio.
409 1016 498 1076 Initio
530 1019 618 1094 igitur
649 1019 728 1078 sacto
749 1017 838 1094 hujus
868 1020 899 1074 in
921 1016 1062 1076 mundum
1090 1019 1312 1079 introductionis
1341 1020 1417 1080 lihro
1439 1021 1622 1081 antecedenti

271 1113 300 1164 et
326 1107 523 1182 transscriptis
545 1104 703 1163 harmoniis
726 1104 855 1164 humano
878 1106 993 1178 cantui,
1017 1122 1104 1180 quem
1127 1109 1198 1165 artis
1220 1107 1349 1184 generali
1372 1107 1518 1167 vocabulo
1541 1125 1622 1167 com-

268 1192 357 1270 plecti
379 1192 476 1252 solent
497 1191 558 1266 alii,
581 1193 713 1268 sequitur
734 1211 812 1251 nunc
835 1200 957 1269 quartus
977 1191 1066 1265 liber,
1097 1196 1146 1270 qui
1170 1196 1200 1252 in
1223 1194 1282 1255 hoc
1304 1194 1405 1255 urdine
1433 1197 1550 1255 inverso
1572 1212 1624 1255 se·

269 1279 380 1340 caudas
403 1279 586 1340 harmonicen
609 1290 762 1340 concretae
785 1291 884 1356 partes
907 1286 1029 1339 naturae
1052 1281 1161 1339 tribuit.

356 1368 419 1427 Etsi
442 1384 511 1426 vero
534 1369 657 1443 sparsim
679 1366 754 1426 libro
770 1367 824 1426 Ill.
850 1367 1079 1444 disputationem
1102 1368 1139 1428 de
1157 1367 1373 1428 harmoniarum
1388 1369 1516 1428 essentia
1528 1370 1623 1445 tetigi,

269 1454 388 1532 pinnam
415 1461 513 1514 tamen
543 1454 630 1530 hujus
660 1454 879 1533 metaphysioae
911 1453 1118 1530 disputationis
1148 1459 1350 1516 tractationem
1389 1458 1417 1513 in
1448 1457 1623 1533 principium

269 1542 358 1623 hujus
379 1543 446 1602 libri
469 1545 564 1619 quarti
587 1541 690 1601 eodem
713 1541 836 1602 consilio
858 1541 1065 1602 reservandam
1088 1545 1197 1603 censui.
1242 1543 1317 1602 Cum
1339 1544 1417 1602 euim
1442 1544 1531 1620 vulgo
1553 1543 1623 1622 phi·

263 1629 460 1707 losophorum
490 1629 657 1688 harmonias
686 1647 743 1688 non
764 1629 844 1690 'alibi
875 1638 1016 1717 quaerant
1047 1632 1104 1690 nisi
1132 1632 1161 1691 in
1190 1639 1294 1704 anm,
1323 1634 1420 1707 sitque
1442 1630 1623 1707 inopinabile

269 1717 416 1795 plerisque
438 1734 583 1789 acroama,
608 1734 672 1776 eum
696 1716 824 1790 docetur,
848 1714 929 1775 aliud
953 1717 1022 1794 quid
1046 1736 1111 1778 esse
1126 1735 1225 1791 sonos,
1250 1718 1329 1778 aliud
1345 1718 1521 1792 harmonias,
1545 1736 1623 1795 quae

270 1809 366 1865 inesse
387 1812 528 1882 putantur
548 1805 578 1862 in
601 1805 697 1878 annis,
727 1804 857 1863 dandum
883 1804 994 1881 aliquid
1023 1806 1076 1864 tuit
1104 1806 1299 1865 imbecillitati
1321 1818 1424 1883 captus
1453 1815 1484 1866 et
1505 1805 1625 1865 harmo-

271 1896 384 1951 niarum
414 1904 493 1949 ortus
524 1889 713 1968 explicandus
743 1894 873 1951 terminis
895 1894 994 1969 potius
1016 1894 1135 1953 musicis
1157 1894 1248 1968 vulgo
1276 1895 1370 1967 notis,
1402 1910 1456 1955 nec
1479 1892 1625 1953 turbanda
1692 1936 1697 1955 ,

270 1980 325 2039 iuit
347 1978 474 2038 aviditas
496 1978 613 2037 lectoris
636 1981 803 2055 importuna
824 1979 987 2039 subtilitate
1010 1981 1274 2058 metaphysiearum
1297 1979 1550 2061 quaestionum.*)

359 2065 399 2126 ht
418 2067 481 2142 jam
503 2083 601 2142 porro,
625 2084 691 2126 cum
714 2067 881 2126 harmonias
909 2069 938 2124 in
962 2076 1068 2127 natura
1098 2072 1186 2144 inque
1209 2070 1357 2140 cpelorum
1387 2069 1516 2129 motibus
1536 2076 1625 2146 pato·

270 2153 365 2213 iacere
388 2154 427 2213 sit
448 2156 579 2227 animus,
608 2153 714 2231 vulgus
744 2171 813 2215 vero
842 2152 1083 2231 philosophorum
1113 2156 1213 2215 statim
1240 2156 1278 2216 ad
1308 2159 1430 2233 primam
1454 2155 1624 2216 barmoniae

271 2243 449 2303 mentionem
472 2243 619 2317 concipiat
641 2242 769 2301 siderum
792 2244 933 2300 musicam
957 2242 1103 2315 vocalem,
1133 2241 1236 2302 auditu
1258 2242 1474 2320 percipiendam
1505 2251 1624 2303 etcum

270 2328 408 2406 Scipione
431 2328 622 2389 Ciceroniano
644 2331 763 2389 arrectis
787 2331 907 2388 auribus
930 2329 1039 2404 adstet,
1071 2338 1245 2407 excepturus
1267 2339 1390 2391 wadum
1418 2338 1446 2393 et
1467 2339 1532 2393 torn
1554 2332 1628 2391 dul·

271 2433 334 2476 cern
353 2433 481 2489 eouum3
513 2433 579 2475 cum
602 2417 732 2492 proclive
754 2419 801 2490 sit,
824 2433 919 2476 rerum
942 2412 1091 2494 imperitos
1120 2434 1188 2477 cam
1210 2417 1261 2476 illo
1283 2421 1348 2495 ipso
1366 2421 1549 2487 ¹sorrentiatore
1571 2418 1625 2478 Ci-

145 2524 155 2535 ·
270 2519 373 2563 ceronc
396 2506 605 2580 argumentari,
628 2522 692 2564 nort
712 2521 797 2579 poree
816 2505 935 2563 abacto
957 2511 1057 2564 rasos
1078 2508 1203 2564 ianitori
1224 2513 1338 2579 moun,
1367 2513 1398 2565 et
1420 2524 1486 2567 euru
1508 2505 1627 2583 Pytha·

269 2584 444 2669 goraeis'ex
467 2591 626 2650 Aristotele
648 2594 790 2651 rationem
813 2589 950 2665 reddere,
974 2608 1026 2649 cur
1047 2593 1182 2651 coelestis
1205 2609 1295 2652 sonus
1316 2610 1376 2654 uon
1399 2592 1574 2654 exaudiatur
1597 2597 1627 2652 in

270 2677 385 2755 'l'erris3
409 2695 485 2756 quae
508 2686 740 2755 praeconceptae
763 2679 915 2756 opiniones
937 2676 1093 2754 plurimum
1117 2680 1236 2740 obstant
1249 2678 1419 2758 lectoribus,
1441 2680 1479 2743 ad
1503 2686 1628 2742 n'aturae

269 2765 433 2844 penetralia
455 2765 713 2841 contendentibus,
744 2765 879 2843 adeoque
910 2773 940 2825 et
961 2766 1123 2828 absterrere
1144 2776 1266 2846 possent
1294 2769 1402 2831 multos
1420 2768 1534 2845 jndicio
1556 2768 1628 2846 pol·

270 2854 364 2915 lentes
396 2856 586 2930 ventatisque
615 2862 792 2928 sectatores,
831 2861 862 2913 ut
884 2861 1070 2928 ,nugamenta
1097 2857 1154 2914 ista
1185 2856 1400 2933 Pythagorica,
1431 2860 1481 2916 vix
1511 2860 1628 2917 eminus

214 2967 218 2976 ·
271 2943 382 3017 agnita,
406 2949 605 3018 aspernantes,
628 2941 734 3001 librum
757 2958 814 3000 non
838 2941 945 3000 lectum
969 2941 1146 3018 abjicerent:
1170 2943 1215 3002 his
1240 2942 1388 3004 decausis
1411 2944 1534 3006 idoneus
1556 2945 1630 3004 mihi

272 3030 353 3088 visus
383 3035 427 3086 est
458 3027 506 3088 hic
536 3031 600 3105 ipse
629 3026 725 3103 locus,
755 3030 787 3088 in
815 3045 902 3105 quem
934 3027 1162 3106 disputationem
1194 3031 1270 3091 hanc
1297 3051 1408 3093 summe
1430 3034 1628 3094 necessariam

271 3114 415 3175 reiemem.

357 3201 454 3262 Movit
475 3219 523 3262 me
545 3210 575 3262 ct
597 3200 759 3262 Ptolemaei
781 3200 958 3278 exemplum,
981 3205 1032 3280 qui
1055 3220 1121 3263 caru
1144 3205 1227 3265 libris
1250 3209 1269 3262 2
1293 3208 1437 3282 prioribus
1460 3208 1557 3283 opens
1580 3209 1630 3265 sni

213 3345 218 3349 .
272 3289 431 3350 harmonici
455 3288 632 3348 absolvisset
653 3288 814 3348 doctrinam
835 3289 1045 3364 harmonicam,
1069 3309 1145 3367 quae
1167 3300 1212 3352 eet
1234 3291 1270 3351 de
1292 3303 1389 3367 cantu,
1409 3293 1529 3371 jamque
1550 3292 1630 3354 libro

273 3380 359 3436 tertio
382 3374 639 3436 demonstrandum
661 3379 854 3453 suscepisset,
878 3396 979 3439 omnes
1002 3386 1121 3438 naturas
1143 3380 1288 3457 periectas
1310 3381 1481 3441 harmonica
1501 3381 1531 3440 vi
1555 3398 1629 3457 par·

274 3466 409 3541 tieipare,
444 3464 670 3539 disputationem
693 3473 723 3523 et
744 3468 807 3541 ipse
830 3467 932 3542 incipit
960 3467 997 3526 ab
1021 3466 1077 3526 hac
1100 3469 1203 3527 eadem
1232 3467 1419 3543 quaestione:
1450 3468 1515 3529 tut
1544 3468 1632 3545 quod

271 3569 366 3626 penae
386 3569 492 3611 rerum
512 3552 673 3630 reformato
693 3554 732 3611 cit
752 3560 870 3612 nutura
892 3571 945 3613 sea
967 3556 1013 3612 oie
1033 3553 1212 3613 harmonico
1240 3559 1365 3632 ejusque
1385 3558 1518 3615 emmae.
1563 3557 1631 3616 Etsi

272 3640 361 3716 igitur
391 3655 512 3698 examen
539 3649 569 3698 et
599 3656 748 3699 censuram
770 3639 934 3700 Ptolemaei
965 3658 1021 3717 ego
1049 3643 1079 3699 in
1108 3640 1198 3717 hujus
1227 3645 1285 3702 mei
1308 3645 1405 3721 operis
1432 3641 1629 3720 appendicem

272 3726 376 3802 rejeci,
400 3734 431 3785 et
453 3726 522 3802 quid
545 3726 583 3786 ed
606 3728 682 3787 hanc
703 3726 1090 3804 Ptolemaeiquaestiouem
1113 3746 1150 3787 ex
1173 3730 1244 3789 meis
1266 3732 1416 3808 principiis
1440 3731 1628 3809 responden-

274 3812 342 3872 dum
367 3812 513 3888 videatur,
544 3814 574 3873 id
597 3817 635 3874 ob
658 3814 765 3874 dictam
788 3833 907 3875 cansam
931 3816 988 3875 boc
1010 3823 1114 3891 quarto
1136 3817 1211 3876 libro
1238 3821 1385 3894 praemitti
1408 3818 1517 3878 debuit.
1562 3819 1630 3878 Nec

273 3899 304 3982 id
326 3907 438 3960 tautum
461 3901 498 3962 ad
520 3902 779 3977 praemuniendum
801 3902 940 3963 lectorem
964 3901 1197 3980 avertendaeque
1219 3905 1352 3965 sinistras
1381 3908 1533 3982 opiniones
1555 3924 1630 3984 per-

273 3988 363 4060 tinet,
392 3986 444 4048 sed
467 3988 616 4049 etiamad
639 3988 865 4065 explicationem
887 3989 1134 4050 tundamentalem
1158 3994 1247 4051 totius
1269 3994 1366 4069 quarti
1388 3994 1469 4069 libri3
1498 4000 1531 4051 ut
1554 3996 1630 4071 quia

272 4071 309 4134 de
339 4071 496 4135 harmoniis
522 4075 669 4135 radiorum
695 4074 864 4135 sideralium
894 4077 997 4136 dicturi
1021 4095 1136 4151 sumus,
1169 4096 1247 4155 quae
1275 4091 1305 4140 et
1326 4088 1399 4157 quot
1420 4083 1479 4140 sint
1500 4098 1627 4140 numero
1693 4138 1698 4146 ,

273 4162 436 4239 quibusque
458 4165 641 4239 geometricis
663 4163 812 4242 principiis
835 4164 1002 4232 formentur,
1025 4167 1107 4241 prius
1128 4169 1271 4241 sciamus,
1295 4186 1372 4244 quae
1394 4169 1434 4228 sit
1455 4166 1631 4229 barmonia-

271 4265 336 4308 rum
357 4251 492 4324 essentia,
516 4253 587 4311 citra
610 4259 640 4311 et
661 4266 807 4330 sonorum,
831 4255 880 4327 qui
904 4252 952 4311 iric
974 4251 1046 4310 nulli
1069 4261 1146 4326 sunt,
1169 4262 1199 4313 et
1219 4256 1349 4332 ipsorum
1371 4258 1459 4315 etiam
1475 4255 1628 4316 radiorum

273 4335 547 4412 considerationem,
573 4336 772 4416 etquodnam
794 4355 894 4401 ouum
917 4341 1065 4417 proprium
1087 4341 1266 4418 subjectum,
1291 4345 1342 4419 qui
1365 4346 1496 4419 termiai3
1525 4346 1628 4405 sintne

274 4424 304 4482 in
328 4424 414 4485 rebus
438 4432 521 4485 extra
543 4425 735 4499 intellectum,
759 4443 798 4485 an
820 4428 850 4485 in
872 4426 940 4486 sola
959 4429 1074 4500 anima,
1098 4445 1156 4503 quo
1179 4428 1276 4491 medio
1298 4431 1495 4509 percipiantur
1515 4432 1630 4492 intror-

272 4527 395 4589 sumque
417 4515 611 4591 recipiautur3
641 4530 701 4589 qua
721 4529 753 4572 re
776 4513 984 4590 dijudicentur,
1016 4517 1083 4591 quis
1104 4516 1225 4577 effectus
1255 4518 1332 4577 banc
1354 4521 1573 4596 perceptionem
1596 4527 1630 4580 et

350 4734 375 4786 θ)
388 4733 459 4786 Atqui
474 4731 579 4777 Socrates
592 4733 652 4786 apud
665 4735 795 4787 Platonem,
817 4737 902 4778 cliente
914 4736 996 4778 Proeto
1014 4738 1053 4779 tib.
1069 4738 1088 4780 1.
1103 4739 1127 4779 in
1142 4740 1214 4788 Paci..
1234 4741 1342 4782 musicam
1356 4741 1420 4782 ilium
1434 4740 1526 4789 detuit,
1541 4742 1580 4792 qul
1595 4743 1628 4783 ab

273 4788 302 4828 lte
315 4788 451 4836 bumentia,
474 4798 531 4839 qnae
545 4787 623 4829 meunt
636 4790 659 4829 tu
673 4799 756 4839 unsa,
775 4790 919 4840 progreditur
932 4790 960 4832 u
973 4792 1097 4833 intendis·
1110 4793 1236 4833 menia·
1252 4793 1454 4844 proportionesque
1466 4804 1543 4835 wan
1556 4795 1626 4836 inve-

273 4840 404 4889 stigandas,
428 4842 469 4892 qni
481 4841 571 4882 taudem
585 4840 661 4882 evadit
674 4843 720 4893 tpvl
738 4843 762 4884 in
775 4842 934 4894 philosophum
954 4844 1128 4897 expergefactus
1141 4845 1255 4887 wmcrtin
1268 4850 1363 4897 eumue
1375 4845 1411 4888 ‘ad
1424 4847 1626 4899 contemplandum

272 4893 369 4942 primurn
381 4904 459 4936 verum
472 4904 513 4935 eur
527 4894 690 4945 venumque
702 4896 782 4946 ipsam.
