3567 5625
753 455 895 528 Apologia
1436 463 1499 525 tet
1594 513 1599 520 .

149 657 169 698 a
191 638 260 698 Deo
282 640 466 714 sapientiam
489 639 675 712 missamque
693 638 837 711 waren
859 638 925 711 ejeee
946 655 962 697 e
982 639 1095 696 mette
1116 635 1225 696 nucib?
1265 635 1332 697 Non
1354 640 1451 717 igitur,
1475 641 1501 701 si

148 727 284 804 difficiles
312 742 394 784 meae
423 724 700 796 demonstrationes,
732 730 886 799 propterea
913 730 943 782 et
972 724 1124 783 tentabiles
1128 768 1138 798 ,
1172 740 1228 784 nec
1256 726 1282 784 ei
1309 725 1358 787 vel
1387 733 1420 785 tu
1450 727 1500 789 vel

148 816 306 890 quisquam
328 812 404 872 alius
425 827 495 882 uon
508 812 584 872 ultra
606 813 827 887 manutenens,
857 809 983 887 legendo
1005 827 1102 872 meum
1126 828 1214 888 opus,
1245 813 1385 891 proiecit,
1408 832 1500 893 prop-

147 909 228 960 terea
248 904 295 959 rei
317 903 442 970 amate
462 917 527 961 non
549 899 761 976 confinentem
783 896 815 956 id
835 898 938 958 haberi
958 898 1056 960 debet.

236 987 315 1063 Quid
338 1005 408 1047 vero
430 986 556 1064 deniqne
577 997 608 1046 te
630 995 741 1046 sunere
763 984 868 1060 dicam,
892 986 971 1062 quod
994 987 1183 1064 astrologiam
1205 985 1286 1047 illam
1312 1006 1417 1050 vanarn
1435 993 1499 1051 sive

147 1079 206 1135 tuis
229 1078 295 1135 sive
318 1074 516 1135 ldiraudulani
547 1074 646 1134 verbis
667 1090 775 1147 vexas,
810 1091 899 1149 quam
927 1091 982 1151 ego
1016 1074 1180 1135 libramen
1206 1079 1303 1152 operis
1326 1076 1497 1138 Hermonlel

149 1172 256 1240 quarto
286 1163 410 1244 (utnon
440 1163 535 1224 dicam
565 1162 601 1222 de
625 1162 691 1223 aliis
714 1162 787 1220 meis
809 1160 904 1241 libris)
936 1164 1090 1222 aeineera
1117 1161 1303 1242 philosophia
1329 1163 1498 1244 longissime

147 1253 277 1325 secrevi,
307 1268 395 1328 quam
423 1257 455 1308 tn
483 1260 597 1323 nmen,
627 1251 795 1309 comitatam
824 1249 1016 1309 chiromantla
1047 1256 1077 1309 et
1102 1253 1272 1326 gaeomantia
1303 1252 1497 1332 pedissequis,

145 1353 287 1414 magnam
310 1340 405 1415 aporia
427 1338 471 1396 tui
491 1345 606 1417 partem
628 1338 736 1410 iecisti,
760 1353 849 1412 quam
870 1353 929 1396 non
952 1351 1010 1397 uno
1033 1336 1098 1397 loeo
1124 1338 1210 1414 hujus
1234 1340 1328 1417 ipsius
1352 1348 1420 1401 tuae
1443 1341 1498 1402 de·

149 1427 322 1486 cierationis
343 1443 396 1485 seu
418 1430 497 1485 reris
519 1442 572 1484 seu
595 1425 676 1485 ialaia
703 1423 842 1484 laudibus
872 1426 1066 1485 ebuccinasti:
1097 1428 1298 1503 oppositiones
1320 1428 1444 1489 lethales
1467 1436 1497 1489 et

146 1514 296 1574 violentas
325 1513 538 1591 pronunciasti,
568 1515 683 1573 animae
710 1511 812 1571 mundi
839 1514 939 1572 varios
971 1512 1090 1573 effectus
1118 1512 1309 1591 astrologicae
1331 1519 1497 1594 permisisti,

147 1605 264 1661 veteres
288 1618 306 1660 a
330 1598 503 1662 certitudine
525 1599 757 1678 praedictionum
780 1598 1021 1676 astrologicamm
1044 1599 1269 1676 commendasti,
1299 1601 1357 1664 hoc
1378 1607 1444 1682 ipso
1466 1608 1496 1663 in

146 1689 234 1747 titulo
256 1687 348 1765 paulo
370 1690 505 1765 saperius
527 1689 703 1750 electionum
724 1687 967 1764 astrologiearum
990 1687 1141 1765 sortilegia
1162 1688 1201 1748 ad
1222 1691 1330 1750 tribum
1345 1691 1497 1753 lseaselrar

148 1777 247 1852 adque
270 1779 351 1852 ipsas
372 1778 531 1853 scripturae
553 1775 686 1836 retulisti.
733 1777 779 1833 An
802 1792 858 1851 ego
880 1784 910 1834 te
933 1777 1077 1835 somniare
1100 1792 1138 1834 an
1161 1778 1260 1853 potius
1281 1778 1375 1839 iurere
1391 1780 1496 1854 dicam,

147 1867 199 1940 qni
222 1873 256 1923 ut
278 1881 325 1923 me
348 1879 523 1942 quecunque
544 1867 657 1924 ratione
678 1861 845 1936 ulciscaris,
874 1871 927 1922 tua
948 1863 1020 1922 mihi
1042 1864 1162 1923 erimina
1185 1865 1366 1942 exprobras?
1411 1867 1496 1929 Anne

150 1954 240 2011 etiam
271 1953 493 2012 excusationem
525 1952 603 2032 apud
633 1950 768 2011 cordetuo
800 1967 863 2009 eum
886 1954 1072 2020 inventurus,
1105 1950 1185 2027 quod
1213 1953 1415 2013 examinandis
1438 1959 1497 2015 tuie

149 2039 340 2117 analysibua,
362 2037 471 2119 oppido
494 2056 582 2116 quam
604 2037 755 2098 dissolutis
777 2046 807 2097 et
829 2038 974 2112 contusis,
997 2047 1112 2115 tempus
1135 2038 1256 2115 aliquod
1278 2040 1416 2118 perdidi?

237 2126 297 2186 Sed
324 2143 391 2187 ecce
420 2143 533 2187 rursum
563 2143 685 2188 excusso
715 2142 818 2186 somno
841 2125 879 2185 ad
900 2125 1095 2204 obJectionem
1118 2125 1306 2204 diffinitatis
1332 2132 1494 2206 reverteris,

150 2214 391 2291 exprobrationes
413 2217 593 2290 ignorantiae
615 2215 760 2274 humanae
782 2231 819 2273 ex
840 2212 928 2273 Jobie
952 2214 1003 2272 38.
1028 2214 1079 2275 39.
1102 2229 1166 2290 cap.
1192 2213 1295 2275 ultimo
1318 2224 1425 2277 conatu
1448 2222 1496 2277 in-

147 2305 290 2378 geminas,
313 2319 368 2362 nec
390 2295 609 2377 animaduertie,
632 2303 689 2362 hoe
710 2300 814 2362 eodem
837 2302 977 2361 orationis
999 2308 1068 2361 tuas
1090 2308 1217 2362 torrente
1240 2319 1355 2364 omnem
1379 2305 1495 2366 Aristu-

147 2389 214 2449 telis
238 2390 468 2466 disputationem
498 2390 534 2452 de
563 2396 659 2466 motu,
694 2388 730 2449 de
761 2387 861 2462 coelo,
894 2386 930 2447 de
957 2390 1144 2465 generatione
1175 2396 1204 2448 et
1227 2393 1425 2467 eonuptione,
1459 2392 1495 2454 de

145 2479 301 2550 metauris,
334 2475 370 2537 de
400 2481 512 2550 anima,
546 2476 582 2537 de
612 2476 736 2537 historia
766 2475 950 2549 animalium,
984 2493 1084 2536 omnes
1118 2474 1285 2552 Hermeios,
1320 2487 1372 2537 tua
1402 2482 1495 2557 ipsius

148 2586 335 2644 καυχηματα,
367 2580 469 2626 omnes
491 2565 630 2625 Platones
660 2567 814 2641 ipsumque
845 2562 920 2623 adeo
950 2571 1032 2622 tuum
1059 2570 1119 2623 tam
1142 2562 1376 2625 Macroeosmum
1407 2585 1517 2644 qnem-

148 2652 384 2726 Microcosmum,
408 2661 468 2714 tam
491 2661 624 2713 naturam
646 2660 744 2725 tuam,
775 2667 863 2728 quam
886 2650 1060 2711 insidentem
1082 2651 1124 2710 illi
1148 2653 1278 2727 simiam,
1302 2670 1361 2714 uno
1384 2656 1494 2733 impetu

147 2743 218 2818 rapi,
244 2739 397 2818 provolvi,
427 2742 457 2800 in
480 2741 619 2821 abyssum
641 2739 780 2818 demergi.
825 2739 990 2799 Audientur
1011 2740 1110 2818 potius
1138 2741 1308 2818 interpretes
1336 2740 1395 2802 loci
1415 2742 1496 2803 illius

146 2826 272 2904 legitimi
295 2835 324 2887 et
346 2828 447 2889 sobrii.

235 2916 301 2974 Non
330 2933 367 2976 en
393 2920 466 2977 meir
486 2917 574 2976 tinea
596 2917 825 2992 gumwini„
857 2914 1003 2990 lieberto,
1035 2913 1088 2974 sed
1119 2933 1156 2976 ex
1177 2911 1302 2997 {aeterno
1331 2918 1494 2996 sapientiae

150 3019 229 3079 penu
254 3002 405 3078 depromta
427 3012 496 3064 aunt
518 3003 569 3063 ille
594 3005 611 3062 5
635 3020 770 3080 corpora,
804 3002 911 3079 quibus
939 3002 1087 3063 coelorum
1109 3002 1177 3063 idea
1198 3011 1328 3079 constat,
1357 3022 1412 3066 nac
1440 3023 1494 3066 ue-

148 3093 245 3167 gabis,
270 3099 403 3151 aeternas
425 3109 490 3153 esse
512 3092 640 3150 rationes
662 3092 867 3167 geometricas,
891 3094 987 3167 ipsum
1009 3090 1121 3151 scillcet
1143 3093 1234 3172 loyor,
1258 3092 1341 3168 cujus
1364 3094 1494 3171 imdgini,

147 3187 180 3237 ut
202 3196 293 3255 saepe
317 3177 440 3250 dietum,
470 3194 525 3238 nos
547 3178 679 3237 homines
702 3195 817 3261 omnem
846 3184 974 3241 nostram
998 3179 1086 3238 animi
1109 3177 1271 3239 naturalem
1300 3181 1493 3256 aptitudinem

148 3265 186 3324 ad
210 3267 400 3342 percipienda
422 3268 607 3344 geometrica,
632 3282 732 3325 omnes
754 3267 873 3325 notitias
897 3273 1064 3324 concreatae
1087 3273 1223 3343 acceptas
1245 3269 1349 3328 merito
1364 3270 1493 3329 ierimus.

147 3352 215 3411 Non
240 3355 329 3429 igitur
350 3354 417 3414 ideo
439 3353 548 3413 debilia
570 3362 655 3427 sunt,
679 3360 731 3412 aut
749 3353 819 3431 fietu
841 3350 1029 3411 fundamenta
1055 3352 1284 3430 disputationum
1306 3359 1492 3431 geometrica,

147 3443 221 3517 quia
244 3442 272 3498 in
296 3451 392 3500 mente
414 3441 555 3516 hominis,
578 3439 630 3501 aed
652 3440 748 3513 firma,
772 3443 842 3517 quia
865 3457 901 3500 ex
924 3441 1058 3515 imaginis
1080 3440 1137 3499 llsi
1159 3443 1382 3518 participatione
1403 3453 1492 3504 natu·

147 3527 204 3587 rali
229 3527 407 3605 dependent3
438 3546 492 3589 nec
514 3531 538 3587 si
560 3527 649 3588 bomo
671 3530 861 3587 ratiocinatur
887 3543 923 3585 ex
952 3527 1060 3587 lumine
1083 3533 1218 3607 naturae,
1248 3528 1320 3606 quid
1345 3529 1491 3591 coelorum

145 3614 281 3675 aedificio
304 3618 475 3690 conveniat,
506 3626 658 3695 propterea
681 3615 828 3677 coelorum
850 3613 1026 3674 architectus
1049 3614 1192 3675 hnmanae
1221 3619 1338 3692 respicit
1363 3618 1489 3696 regulas,

146 3702 198 3762 aed
223 3704 294 3779 quia
315 3703 390 3765 tales
418 3705 484 3782 ipse
505 3703 621 3780 regulae
652 3722 688 3764 ex
716 3720 749 3763 se
770 3706 835 3780 ipso
862 3701 1004 3762 desumsit
1030 3701 1160 3762 struendi
1183 3702 1301 3781 mundi,
1334 3714 1491 3783 propterea

88 3864 92 3871 .
148 3792 250 3868 imago
276 3794 367 3868 ipsius
389 3790 590 3851 ratiocinando
611 3806 671 3849 non
693 3790 767 3851 alias
788 3791 910 3850 invenit

236 3878 289 3936 hd
319 3880 537 3939 testimonia
565 3895 627 3956 pro
655 3878 857 3938 harmoniis
880 3876 1036 3937 Roberti
1064 3875 1105 3936 de
1127 3876 1328 3939 Fluctibus.
1360 3877 1437 3937 xlitei
1460 3881 1489 3937 in

143 3964 202 4025 hac
223 3975 373 4043 postrema
402 3968 575 4044 repetitione
603 3964 809 4043 philosophiae
832 3972 918 4039 tuae,
951 3981 1039 4041 quam
1065 3971 1098 4023 tu
1120 3964 1215 4041 plenis
1245 3982 1353 4027 norem
1375 3968 1491 4045 paginis

144 4052 245 4126 iniere,
268 4053 334 4131 plus
359 4054 456 4113 decies
477 4056 585 4113 ineerta
606 4055 724 4113 invenio
746 4053 795 4113 vel
811 4069 916 4112 nomen
932 4051 979 4111 vel
996 4054 1115 4111 crimina
1128 4071 1202 4126 mee,
1225 4053 1254 4112 id
1271 4060 1368 4114 nmen
1384 4070 1490 4115 causae

144 4157 206 4199 non
230 4144 332 4221 putavi
359 4144 432 4201 eatis
455 4158 531 4219 esse,
551 4158 604 4200 eur
625 4141 765 4218 prolixior
786 4158 887 4217 essem,
904 4139 1000 4198 inilia
1024 4140 1227 4215 examinanda
1272 4140 1322 4202 Sic
1335 4143 1412 4202 enim
1427 4145 1491 4202 exi-

143 4230 252 4302 stimo,
277 4230 327 4287 rix
349 4245 525 4304 quemquam
548 4228 705 4303 lectorum,
728 4231 792 4287 sive
814 4228 1036 4287 mathematicus
1058 4228 1108 4287 ille
1130 4230 1182 4301 sit,
1209 4228 1274 4288 eive
1294 4228 1491 4309 Homericus,

141 4314 370 4392 perduraturum
399 4316 506 4375 iubae
528 4315 653 4376 lectione
683 4333 777 4392 usque
805 4315 843 4375 ad
865 4316 967 4390 linem,
998 4317 1098 4391 itaque
1128 4331 1234 4374 nomeu
1255 4333 1352 4377 meum
1383 4320 1412 4375 in
1434 4316 1492 4376 hoc

144 4402 224 4463 chao
249 4403 333 4463 lacile
356 4403 557 4479 latitaturum,
580 4402 687 4480 quodsi
709 4407 797 4468 etiam
818 4404 993 4476 inveniatur,
1017 4404 1114 4461 omnia
1136 4409 1233 4463 tamm
1258 4404 1375 4479 objecta
1397 4402 1492 4464 diluta

140 4498 214 4550 suut
236 4492 266 4549 in
288 4492 496 4567 superioribus.
541 4490 587 4550 De
616 4501 668 4550 tua
689 4508 760 4551 vero
782 4489 970 4570 philosophia
998 4489 1065 4565 plus
1088 4487 1201 4565 aliquid
1222 4488 1372 4567 delibare,
1401 4508 1490 4567 qnam
1563 4494 1567 4503 '

141 4577 226 4655 quod
251 4579 341 4638 iaciat
362 4577 400 4638 ad
424 4578 627 4656 explicandum
649 4578 808 4639 lectoribus
830 4577 984 4638 discrimen
1007 4578 1081 4637 inter
1104 4576 1273 4637 harmonice
1295 4585 1346 4638 tua
1368 4586 1398 4640 et
1415 4597 1490 4655 mea,

139 4666 302 4726 eonsilium
324 4666 395 4725 mihi
417 4668 447 4724 in
469 4667 524 4726 hae
545 4666 703 4743 scriptione
724 4682 782 4725 nou
804 4667 868 4724 luit.
913 4665 950 4723 lit
972 4665 1037 4723 linis
1060 4662 1233 4740 mquidem,
1257 4681 1316 4724 nou
1343 4667 1406 4727 sine
1422 4665 1490 4728 iolla

137 4757 256 4832 gratiis
277 4753 337 4812 Dei
355 4753 574 4829 praeeuntibus
596 4760 750 4827 acceptum
770 4754 884 4831 sernas,
916 4752 997 4829 qnod
1016 4753 1145 4811 mnne
1167 4753 1313 4837 incitante
1331 4772 1416 4815 meae
1438 4758 1490 4814 in-

137 4841 249 4902 vidiae
269 4842 395 4920 feliciter
417 4859 494 4917 opus
512 4843 714 4918 perterrearis,
738 4856 793 4916 ego
817 4857 886 4900 vero
910 4839 1050 4899 invidiam
1073 4846 1188 4899 strenue
1207 4839 1328 4917 inficior,
1351 4841 1389 4902 ad
1405 4844 1491 4922 periti

135 4929 264 4991 lectoris
283 4929 427 5007 judicium
450 4945 594 5007 provoco,
624 4943 694 4989 num
716 4944 776 5005 qua
797 4924 957 4989 inridenda
984 4928 1064 5013 bona
1085 4927 1225 5005 reperiat,
1256 4945 1333 5006 quae
1355 4932 1491 5011 imputati

1269 5034 1337 5096 3οθ
