<?xml version="1.0" encoding="UTF-8"?>
<!DOCTYPE html PUBLIC "-//W3C//DTD XHTML 1.0 Transitional//EN"
    "http://www.w3.org/TR/xhtml1/DTD/xhtml1-transitional.dtd">
<html xmlns="http://www.w3.org/1999/xhtml" xml:lang="en" lang="en">
 <head>
  <title>
</title>
<meta http-equiv="Content-Type" content="text/html;charset=utf-8" />
  <meta name='ocr-system' content='tesseract 3.04.00' />
  <meta name='ocr-capabilities' content='ocr_page ocr_carea ocr_par ocr_line ocrx_word'/>
</head>
<body>
  <div class='ocr_page' id='page_1' title='image "./joanniskepleria24frisgoog_0130.png"; bbox 0 0 3567 5625; ppageno 0'>
   <div class='ocr_carea' id='block_1_1' title="bbox 241 428 1148 508">
    <p class='ocr_par' dir='ltr' id='par_1_1' title="bbox 241 428 1148 508">
     <span class='ocr_line' id='line_1_1' title="bbox 241 428 1148 508; baseline -0.004 -18"><span class='ocrx_word' id='word_1_1' title='bbox 241 448 302 508; x_wconf 66' lang='grc' dir='ltr'><strong>ης</strong></span> <span class='ocrx_word' id='word_1_2' title='bbox 683 433 725 488; x_wconf 79' lang='lat' dir='ltr'><strong>lie</strong></span> <span class='ocrx_word' id='word_1_3' title='bbox 743 430 906 503; x_wconf 71' lang='lat' dir='ltr'><strong>Figuratum</strong></span> <span class='ocrx_word' id='word_1_4' title='bbox 923 428 1148 488; x_wconf 59' lang='lat' dir='ltr'><strong>mnarum</strong></span> 
     </span>
    </p>
   </div>
   <div class='ocr_carea' id='block_1_2' title="bbox 326 585 1642 683">
    <p class='ocr_par' dir='ltr' id='par_1_2' title="bbox 326 585 1642 683">
     <span class='ocr_line' id='line_1_2' title="bbox 326 585 1642 683; baseline -0.008 -9"><span class='ocrx_word' id='word_1_5' title='bbox 326 618 374 674; x_wconf 82' lang='lat' dir='ltr'><strong>Fit</strong></span> <span class='ocrx_word' id='word_1_6' title='bbox 396 585 468 672; x_wconf 76' lang='lat' dir='ltr'><strong>enim</strong></span> <span class='ocrx_word' id='word_1_7' title='bbox 491 612 580 683; x_wconf 80' lang='lat' dir='ltr'><strong>figura</strong></span> <span class='ocrx_word' id='word_1_8' title='bbox 605 610 662 666; x_wconf 92' lang='lat' dir='ltr'><strong>illic</strong></span> <span class='ocrx_word' id='word_1_9' title='bbox 683 603 856 680; x_wconf 79' lang='lat' dir='ltr'><strong>parti&#39;quam</strong></span> <span class='ocrx_word' id='word_1_10' title='bbox 880 608 945 678; x_wconf 87' lang='lat' dir='ltr'><strong>toti,</strong></span> <span class='ocrx_word' id='word_1_11' title='bbox 973 610 1018 665; x_wconf 89' lang='lat' dir='ltr'><strong>hio</strong></span> <span class='ocrx_word' id='word_1_12' title='bbox 1035 609 1135 680; x_wconf 79' lang='lat' dir='ltr'><strong>planae</strong></span> <span class='ocrx_word' id='word_1_13' title='bbox 1156 623 1238 677; x_wconf 87' lang='lat' dir='ltr'><strong>qnam</strong></span> <span class='ocrx_word' id='word_1_14' title='bbox 1255 605 1358 674; x_wconf 87' lang='lat' dir='ltr'><strong>solidae</strong></span> <span class='ocrx_word' id='word_1_15' title='bbox 1377 606 1502 678; x_wconf 78' lang='lat' dir='ltr'>similior,</span> <span class='ocrx_word' id='word_1_16' title='bbox 1528 621 1590 664; x_wconf 89' lang='lat' dir='ltr'><strong>cum</strong></span> <span class='ocrx_word' id='word_1_17' title='bbox 1637 623 1642 630; x_wconf 55' lang='lat'><strong>¹</strong></span> 
     </span>
    </p>
   </div>
   <div class='ocr_carea' id='block_1_3' title="bbox 237 684 1595 1702">
    <p class='ocr_par' dir='ltr' id='par_1_3' title="bbox 237 684 1592 1162">
     <span class='ocr_line' id='line_1_3' title="bbox 241 684 1590 759; baseline -0.012 -4"><span class='ocrx_word' id='word_1_18' title='bbox 241 697 328 755; x_wconf 89' lang='lat' dir='ltr'><strong>omnis</strong></span> <span class='ocrx_word' id='word_1_19' title='bbox 346 695 435 752; x_wconf 89' lang='lat' dir='ltr'><strong>solida</strong></span> <span class='ocrx_word' id='word_1_20' title='bbox 457 692 491 749; x_wconf 90' lang='lat' dir='ltr'><strong>ad</strong></span> <span class='ocrx_word' id='word_1_21' title='bbox 508 692 648 746; x_wconf 79' lang='lat' dir='ltr'><strong>mmimnm</strong></span> <span class='ocrx_word' id='word_1_22' title='bbox 664 691 682 745; x_wconf 75' lang='lat' dir='ltr'><strong>l</strong></span> <span class='ocrx_word' id='word_1_23' title='bbox 700 689 896 759; x_wconf 88' lang='lat' dir='ltr'><strong>superficiebus</strong></span> <span class='ocrx_word' id='word_1_24' title='bbox 914 689 1082 745; x_wconf 78' lang='lat' dir='ltr'><strong>terminetur.</strong></span> <span class='ocrx_word' id='word_1_25' title='bbox 1117 687 1201 744; x_wconf 88' lang='lat' dir='ltr'><strong>Utin</strong></span> <span class='ocrx_word' id='word_1_26' title='bbox 1218 687 1291 758; x_wconf 83' lang='lat' dir='ltr'><strong>typis</strong></span> <span class='ocrx_word' id='word_1_27' title='bbox 1313 703 1347 742; x_wconf 87' lang='lat' dir='ltr'><strong>ex</strong></span> <span class='ocrx_word' id='word_1_28' title='bbox 1365 700 1429 742; x_wconf 86' lang='lat' dir='ltr'><strong>aere</strong></span> <span class='ocrx_word' id='word_1_29' title='bbox 1453 684 1590 754; x_wconf 87' lang='lat' dir='ltr'><strong>sequenti·</strong></span> 
     </span>
     <span class='ocr_line' id='line_1_4' title="bbox 239 765 1590 841; baseline -0.011 -8"><span class='ocrx_word' id='word_1_30' title='bbox 239 777 291 833; x_wconf 89' lang='lat' dir='ltr'><strong>bus</strong></span> <span class='ocrx_word' id='word_1_31' title='bbox 309 775 344 832; x_wconf 89' lang='lat' dir='ltr'><strong>ad</strong></span> <span class='ocrx_word' id='word_1_32' title='bbox 361 773 454 828; x_wconf 80' lang='lat' dir='ltr'><strong>literas</strong></span> <span class='ocrx_word' id='word_1_33' title='bbox 471 772 504 841; x_wconf 92' lang='lat' dir='ltr'><strong>A,</strong></span> <span class='ocrx_word' id='word_1_34' title='bbox 523 771 555 840; x_wconf 91' lang='lat' dir='ltr'><strong>B,</strong></span> <span class='ocrx_word' id='word_1_35' title='bbox 574 767 620 824; x_wconf 91' lang='lat' dir='ltr'><strong>ubi</strong></span> <span class='ocrx_word' id='word_1_36' title='bbox 637 766 723 836; x_wconf 84' lang='lat' dir='ltr'><strong>major</strong></span> <span class='ocrx_word' id='word_1_37' title='bbox 739 767 828 838; x_wconf 86' lang='lat' dir='ltr'><strong>figura</strong></span> <span class='ocrx_word' id='word_1_38' title='bbox 846 776 889 823; x_wconf 89' lang='lat' dir='ltr'><strong>est</strong></span> <span class='ocrx_word' id='word_1_39' title='bbox 906 768 1087 839; x_wconf 86' lang='lat' dir='ltr'><strong>heptagonus.</strong></span> <span class='ocrx_word' id='word_1_40' title='bbox 1125 766 1232 839; x_wconf 80' lang='lat' dir='ltr'><strong>Classes</strong></span> <span class='ocrx_word' id='word_1_41' title='bbox 1258 765 1328 822; x_wconf 86' lang='lat' dir='ltr'><strong>istae</strong></span> <span class='ocrx_word' id='word_1_42' title='bbox 1345 765 1416 822; x_wconf 90' lang='lat' dir='ltr'><strong>dnae</strong></span> <span class='ocrx_word' id='word_1_43' title='bbox 1440 782 1501 821; x_wconf 91' lang='lat' dir='ltr'><strong>cnm</strong></span> <span class='ocrx_word' id='word_1_44' title='bbox 1519 765 1590 833; x_wconf 90' lang='lat' dir='ltr'><strong>ipso·</strong></span> 
     </span>
     <span class='ocr_line' id='line_1_5' title="bbox 238 843 1591 923; baseline -0.01 -12"><span class='ocrx_word' id='word_1_45' title='bbox 238 873 299 911; x_wconf 89' lang='lat' dir='ltr'><strong>rum</strong></span> <span class='ocrx_word' id='word_1_46' title='bbox 321 850 556 923; x_wconf 70' lang='lat' dir='ltr'><strong>maioris‘dgurae</strong></span> <span class='ocrx_word' id='word_1_47' title='bbox 578 848 696 904; x_wconf 86' lang='lat' dir='ltr'><strong>laterum</strong></span> <span class='ocrx_word' id='word_1_48' title='bbox 719 862 832 903; x_wconf 88' lang='lat' dir='ltr'><strong>numero</strong></span> <span class='ocrx_word' id='word_1_49' title='bbox 856 856 1004 904; x_wconf 82' lang='lat' dir='ltr'><strong>excurrunt</strong></span> <span class='ocrx_word' id='word_1_50' title='bbox 1027 848 1054 903; x_wconf 89' lang='lat' dir='ltr'><strong>iu</strong></span> <span class='ocrx_word' id='word_1_51' title='bbox 1078 845 1226 917; x_wconf 84' lang='lat' dir='ltr'><strong>Infinitum,</strong></span> <span class='ocrx_word' id='word_1_52' title='bbox 1252 845 1329 902; x_wconf 91' lang='lat' dir='ltr'><strong>initio</strong></span> <span class='ocrx_word' id='word_1_53' title='bbox 1352 844 1427 901; x_wconf 88' lang='lat' dir='ltr'><strong>facto</strong></span> <span class='ocrx_word' id='word_1_54' title='bbox 1450 843 1591 911; x_wconf 89' lang='lat' dir='ltr'><strong>atrigono</strong></span> 
     </span>
     <span class='ocr_line' id='line_1_6' title="bbox 237 922 1591 1001; baseline -0.007 -13"><span class='ocrx_word' id='word_1_55' title='bbox 237 932 373 1001; x_wconf 76' lang='lat' dir='ltr'><strong>numque,</strong></span> <span class='ocrx_word' id='word_1_56' title='bbox 392 930 464 999; x_wconf 90' lang='lat' dir='ltr'><strong>quod</strong></span> <span class='ocrx_word' id='word_1_57' title='bbox 482 930 510 984; x_wconf 91' lang='lat' dir='ltr'><strong>in</strong></span> <span class='ocrx_word' id='word_1_58' title='bbox 521 928 609 984; x_wconf 89' lang='lat' dir='ltr'><strong>classe</strong></span> <span class='ocrx_word' id='word_1_59' title='bbox 620 927 655 997; x_wconf 89' lang='lat' dir='ltr'><strong>A,</strong></span> <span class='ocrx_word' id='word_1_60' title='bbox 674 933 718 982; x_wconf 89' lang='lat' dir='ltr'><strong>est</strong></span> <span class='ocrx_word' id='word_1_61' title='bbox 735 943 770 981; x_wconf 83' lang='lat' dir='ltr'><strong>ex</strong></span> <span class='ocrx_word' id='word_1_62' title='bbox 782 926 987 997; x_wconf 79' lang='lat' dir='ltr'><strong>perfectissimis</strong></span> <span class='ocrx_word' id='word_1_63' title='bbox 1000 926 1171 997; x_wconf 76' lang='lat' dir='ltr'><strong>regularibus</strong></span> <span class='ocrx_word' id='word_1_64' title='bbox 1183 925 1380 997; x_wconf 83' lang='lat' dir='ltr'><strong>congruentiis,</strong></span> <span class='ocrx_word' id='word_1_65' title='bbox 1398 922 1515 984; x_wconf 78' lang='lat' dir='ltr'><strong>transitu</strong></span> <span class='ocrx_word' id='word_1_66' title='bbox 1528 938 1591 978; x_wconf 84' lang='lat' dir='ltr'><strong>vero</strong></span> 
     </span>
     <span class='ocr_line' id='line_1_7' title="bbox 237 1002 1592 1083; baseline -0.012 -13"><span class='ocrx_word' id='word_1_67' title='bbox 237 1014 311 1071; x_wconf 68' lang='lat' dir='ltr'><strong>moto</strong></span> <span class='ocrx_word' id='word_1_68' title='bbox 331 1028 382 1083; x_wconf 93' lang='lat' dir='ltr'><strong>per</strong></span> <span class='ocrx_word' id='word_1_69' title='bbox 404 1018 576 1079; x_wconf 87' lang='lat' dir='ltr'><strong>tetragonum</strong></span> <span class='ocrx_word' id='word_1_70' title='bbox 599 1015 628 1064; x_wconf 89' lang='lat' dir='ltr'><strong>et</strong></span> <span class='ocrx_word' id='word_1_71' title='bbox 649 1015 716 1063; x_wconf 89' lang='lat' dir='ltr'><strong>tunc</strong></span> <span class='ocrx_word' id='word_1_72' title='bbox 737 1009 765 1063; x_wconf 93' lang='lat' dir='ltr'><strong>iu</strong></span> <span class='ocrx_word' id='word_1_73' title='bbox 783 1008 871 1064; x_wconf 87' lang='lat' dir='ltr'><strong>classe</strong></span> <span class='ocrx_word' id='word_1_74' title='bbox 888 1011 929 1079; x_wconf 91' lang='lat' dir='ltr'><strong>B,</strong></span> <span class='ocrx_word' id='word_1_75' title='bbox 946 1006 1088 1063; x_wconf 79' lang='lat' dir='ltr'><strong>incidimus</strong></span> <span class='ocrx_word' id='word_1_76' title='bbox 1106 1007 1203 1062; x_wconf 89' lang='lat' dir='ltr'><strong>iterum</strong></span> <span class='ocrx_word' id='word_1_77' title='bbox 1222 1006 1250 1060; x_wconf 90' lang='lat' dir='ltr'><strong>iu</strong></span> <span class='ocrx_word' id='word_1_78' title='bbox 1268 1022 1350 1062; x_wconf 90' lang='lat' dir='ltr'><strong>uuam</strong></span> <span class='ocrx_word' id='word_1_79' title='bbox 1367 1002 1592 1075; x_wconf 88' lang='lat' dir='ltr'><strong>perfectissimam</strong></span> 
     </span>
     <span class='ocr_line' id='line_1_8' title="bbox 238 1085 1150 1162; baseline -0.009 -16"><span class='ocrx_word' id='word_1_80' title='bbox 238 1092 390 1162; x_wconf 88' lang='lat' dir='ltr'><strong>regularem</strong></span> <span class='ocrx_word' id='word_1_81' title='bbox 407 1089 628 1161; x_wconf 79' lang='lat' dir='ltr'><strong>congruentiam,</strong></span> <span class='ocrx_word' id='word_1_82' title='bbox 647 1095 755 1145; x_wconf 87' lang='lat' dir='ltr'><strong>ceterae</strong></span> <span class='ocrx_word' id='word_1_83' title='bbox 773 1103 866 1143; x_wconf 86' lang='lat' dir='ltr'><strong>omues</strong></span> <span class='ocrx_word' id='word_1_84' title='bbox 884 1085 1060 1158; x_wconf 87' lang='lat' dir='ltr'><strong>imperfectae</strong></span> <span class='ocrx_word' id='word_1_85' title='bbox 1077 1089 1150 1140; x_wconf 89' lang='lat' dir='ltr'><strong>snut.</strong></span> 
     </span>
    </p>

    <p class='ocr_par' dir='ltr' id='par_1_4' title="bbox 238 1176 1594 1439">
     <span class='ocr_line' id='line_1_9' title="bbox 325 1176 1593 1257; baseline -0.002 -15"><span class='ocrx_word' id='word_1_86' title='bbox 325 1177 383 1242; x_wconf 87' lang='lat' dir='ltr'><strong>XI.</strong></span> <span class='ocrx_word' id='word_1_87' title='bbox 406 1182 619 1243; x_wconf 78' lang='lat' dir='ltr'><strong>Definitio.</strong></span> <span class='ocrx_word' id='word_1_88' title='bbox 665 1179 841 1242; x_wconf 86' lang='lat' dir='ltr'><strong>Semieolida</strong></span> <span class='ocrx_word' id='word_1_89' title='bbox 863 1187 922 1256; x_wconf 86' lang='lat' dir='ltr'><strong>est,</strong></span> <span class='ocrx_word' id='word_1_90' title='bbox 951 1197 1028 1257; x_wconf 88' lang='lat' dir='ltr'><strong>qnae</strong></span> <span class='ocrx_word' id='word_1_91' title='bbox 1057 1195 1116 1239; x_wconf 88' lang='lat' dir='ltr'><strong>nou</strong></span> <span class='ocrx_word' id='word_1_92' title='bbox 1146 1180 1272 1239; x_wconf 87' lang='lat' dir='ltr'><strong>sustinet</strong></span> <span class='ocrx_word' id='word_1_93' title='bbox 1293 1194 1394 1238; x_wconf 89' lang='lat' dir='ltr'><strong>omnes</strong></span> <span class='ocrx_word' id='word_1_94' title='bbox 1417 1176 1593 1240; x_wconf 87' lang='lat' dir='ltr'><strong>definitionis</strong></span> 
     </span>
     <span class='ocr_line' id='line_1_10' title="bbox 239 1265 1594 1348; baseline -0.001 -17"><span class='ocrx_word' id='word_1_95' title='bbox 239 1273 359 1348; x_wconf 85' lang='lat' dir='ltr'><strong>quintae</strong></span> <span class='ocrx_word' id='word_1_96' title='bbox 380 1270 559 1348; x_wconf 84' lang='lat' dir='ltr'><strong>particulas3</strong></span> <span class='ocrx_word' id='word_1_97' title='bbox 580 1278 614 1329; x_wconf 92' lang='lat' dir='ltr'><strong>ut</strong></span> <span class='ocrx_word' id='word_1_98' title='bbox 636 1286 702 1330; x_wconf 88' lang='lat' dir='ltr'><strong>cnm</strong></span> <span class='ocrx_word' id='word_1_99' title='bbox 724 1272 834 1348; x_wconf 90' lang='lat' dir='ltr'><strong>aptatis</strong></span> <span class='ocrx_word' id='word_1_100' title='bbox 855 1268 956 1346; x_wconf 84' lang='lat' dir='ltr'><strong>figuris</strong></span> <span class='ocrx_word' id='word_1_101' title='bbox 979 1266 1084 1345; x_wconf 91' lang='lat' dir='ltr'><strong>planis,</strong></span> <span class='ocrx_word' id='word_1_102' title='bbox 1108 1267 1298 1344; x_wconf 86' lang='lat' dir='ltr'><strong>congruentia</strong></span> <span class='ocrx_word' id='word_1_103' title='bbox 1318 1282 1378 1324; x_wconf 93' lang='lat' dir='ltr'><strong>nou</strong></span> <span class='ocrx_word' id='word_1_104' title='bbox 1401 1265 1487 1345; x_wconf 91' lang='lat' dir='ltr'><strong>plana</strong></span> <span class='ocrx_word' id='word_1_105' title='bbox 1509 1267 1540 1326; x_wconf 91' lang='lat' dir='ltr'><strong>in</strong></span> <span class='ocrx_word' id='word_1_106' title='bbox 1562 1287 1594 1330; x_wconf 89' lang='lat' dir='ltr'><strong>se</strong></span> 
     </span>
     <span class='ocr_line' id='line_1_11' title="bbox 238 1352 1571 1439; baseline -0.001 -22"><span class='ocrx_word' id='word_1_107' title='bbox 238 1362 332 1439; x_wconf 90' lang='lat' dir='ltr'><strong>ipsam</strong></span> <span class='ocrx_word' id='word_1_108' title='bbox 354 1357 438 1431; x_wconf 89' lang='lat' dir='ltr'><strong>redit,</strong></span> <span class='ocrx_word' id='word_1_109' title='bbox 461 1357 512 1418; x_wconf 90' lang='lat' dir='ltr'><strong>sed</strong></span> <span class='ocrx_word' id='word_1_110' title='bbox 535 1357 674 1434; x_wconf 88' lang='lat' dir='ltr'><strong>relinquit</strong></span> <span class='ocrx_word' id='word_1_111' title='bbox 695 1356 813 1434; x_wconf 83' lang='lat' dir='ltr'><strong>hiatus3</strong></span> <span class='ocrx_word' id='word_1_112' title='bbox 842 1355 878 1417; x_wconf 91' lang='lat' dir='ltr'><strong>de</strong></span> <span class='ocrx_word' id='word_1_113' title='bbox 901 1363 998 1417; x_wconf 90' lang='lat' dir='ltr'><strong>cetero</strong></span> <span class='ocrx_word' id='word_1_114' title='bbox 1026 1357 1135 1416; x_wconf 86' lang='lat' dir='ltr'><strong>tuearis</strong></span> <span class='ocrx_word' id='word_1_115' title='bbox 1167 1355 1346 1432; x_wconf 89' lang='lat' dir='ltr'><strong>praescripta</strong></span> <span class='ocrx_word' id='word_1_116' title='bbox 1369 1352 1424 1413; x_wconf 88' lang='lat' dir='ltr'><strong>def.</strong></span> <span class='ocrx_word' id='word_1_117' title='bbox 1450 1355 1468 1413; x_wconf 84' lang='lat'><strong>6</strong></span> <span class='ocrx_word' id='word_1_118' title='bbox 1491 1361 1522 1414; x_wconf 89' lang='lat' dir='ltr'><strong>et</strong></span> <span class='ocrx_word' id='word_1_119' title='bbox 1544 1358 1571 1416; x_wconf 87' lang='grc'><strong>7.</strong></span> 
     </span>
    </p>

    <p class='ocr_par' dir='ltr' id='par_1_5' title="bbox 238 1439 1595 1702">
     <span class='ocr_line' id='line_1_12' title="bbox 325 1439 1595 1524; baseline -0.002 -20"><span class='ocrx_word' id='word_1_120' title='bbox 325 1443 398 1505; x_wconf 92' lang='lat' dir='ltr'><strong>XII.</strong></span> <span class='ocrx_word' id='word_1_121' title='bbox 422 1443 628 1506; x_wconf 72' lang='lat' dir='ltr'><strong>Definitio.</strong></span> <span class='ocrx_word' id='word_1_122' title='bbox 673 1446 800 1522; x_wconf 76' lang='lat' dir='ltr'><strong>Figurae</strong></span> <span class='ocrx_word' id='word_1_123' title='bbox 822 1445 929 1524; x_wconf 88' lang='lat' dir='ltr'><strong>planae</strong></span> <span class='ocrx_word' id='word_1_124' title='bbox 944 1460 1090 1520; x_wconf 86' lang='lat' dir='ltr'><strong>congruae</strong></span> <span class='ocrx_word' id='word_1_125' title='bbox 1113 1448 1189 1516; x_wconf 84' lang='lat' dir='ltr'><strong>snut,</strong></span> <span class='ocrx_word' id='word_1_126' title='bbox 1213 1460 1289 1519; x_wconf 90' lang='lat' dir='ltr'><strong>quaa</strong></span> <span class='ocrx_word' id='word_1_127' title='bbox 1312 1439 1362 1501; x_wconf 85' lang='lat' dir='ltr'><strong>vel</strong></span> <span class='ocrx_word' id='word_1_128' title='bbox 1377 1440 1502 1502; x_wconf 84' lang='lat' dir='ltr'><strong>aolidem</strong></span> <span class='ocrx_word' id='word_1_129' title='bbox 1516 1442 1595 1520; x_wconf 86' lang='lat' dir='ltr'><strong>fign-</strong></span> 
     </span>
     <span class='ocr_line' id='line_1_13' title="bbox 238 1530 1595 1612; baseline -0.002 -17"><span class='ocrx_word' id='word_1_130' title='bbox 238 1553 300 1595; x_wconf 88' lang='lat' dir='ltr'><strong>ram</strong></span> <span class='ocrx_word' id='word_1_131' title='bbox 324 1532 515 1607; x_wconf 90' lang='lat' dir='ltr'><strong>concludunt,</strong></span> <span class='ocrx_word' id='word_1_132' title='bbox 539 1533 586 1592; x_wconf 86' lang='lat' dir='ltr'><strong>vol</strong></span> <span class='ocrx_word' id='word_1_133' title='bbox 609 1532 760 1612; x_wconf 78' lang='lat' dir='ltr'><strong>planitiem</strong></span> <span class='ocrx_word' id='word_1_134' title='bbox 781 1537 844 1594; x_wconf 89' lang='lat' dir='ltr'><strong>sine</strong></span> <span class='ocrx_word' id='word_1_135' title='bbox 866 1533 950 1592; x_wconf 91' lang='lat' dir='ltr'><strong>hiatn</strong></span> <span class='ocrx_word' id='word_1_136' title='bbox 973 1531 1107 1610; x_wconf 82' lang='lat' dir='ltr'><strong>explent,</strong></span> <span class='ocrx_word' id='word_1_137' title='bbox 1131 1531 1288 1592; x_wconf 79' lang='lat' dir='ltr'><strong>existentes</strong></span> <span class='ocrx_word' id='word_1_138' title='bbox 1311 1532 1393 1610; x_wconf 88' lang='lat' dir='ltr'><strong>ipsae</strong></span> <span class='ocrx_word' id='word_1_139' title='bbox 1414 1530 1525 1608; x_wconf 86' lang='lat' dir='ltr'><strong>figurae</strong></span> <span class='ocrx_word' id='word_1_140' title='bbox 1547 1551 1595 1592; x_wconf 88' lang='lat' dir='ltr'><strong>rc·</strong></span> 
     </span>
     <span class='ocr_line' id='line_1_14' title="bbox 238 1618 677 1702; baseline -0.011 -18"><span class='ocrx_word' id='word_1_141' title='bbox 238 1625 354 1702; x_wconf 75' lang='lat' dir='ltr'><strong>gulones</strong></span> <span class='ocrx_word' id='word_1_142' title='bbox 377 1618 426 1681; x_wconf 87' lang='lat' dir='ltr'><strong>rel</strong></span> <span class='ocrx_word' id='word_1_143' title='bbox 448 1620 677 1698; x_wconf 84' lang='lat' dir='ltr'><strong>semiregnlares.</strong></span> 
     </span>
    </p>
   </div>
   <div class='ocr_carea' id='block_1_4' title="bbox 212 1721 1597 2155">
    <p class='ocr_par' dir='ltr' id='par_1_6' title="bbox 212 1721 1597 2155">
     <span class='ocr_line' id='line_1_15' title="bbox 325 1721 1595 1806; baseline 0.004 -20"><span class='ocrx_word' id='word_1_144' title='bbox 325 1725 414 1786; x_wconf 88' lang='lat' dir='ltr'>XIII.</span> <span class='ocrx_word' id='word_1_145' title='bbox 437 1726 642 1787; x_wconf 86' lang='lat' dir='ltr'><strong>Definitio.</strong></span> <span class='ocrx_word' id='word_1_146' title='bbox 686 1726 869 1804; x_wconf 86' lang='lat' dir='ltr'><strong>lucongrnae</strong></span> <span class='ocrx_word' id='word_1_147' title='bbox 886 1724 1020 1784; x_wconf 84' lang='lat' dir='ltr'><strong>dicantur</strong></span> <span class='ocrx_word' id='word_1_148' title='bbox 1034 1722 1105 1783; x_wconf 86' lang='lat' dir='ltr'><strong>illae</strong></span> <span class='ocrx_word' id='word_1_149' title='bbox 1119 1721 1230 1802; x_wconf 87' lang='lat' dir='ltr'><strong>figurae</strong></span> <span class='ocrx_word' id='word_1_150' title='bbox 1245 1725 1351 1803; x_wconf 91' lang='lat' dir='ltr'><strong>planae</strong></span> <span class='ocrx_word' id='word_1_151' title='bbox 1366 1727 1516 1806; x_wconf 85' lang='lat' dir='ltr'><strong>regulares</strong></span> <span class='ocrx_word' id='word_1_152' title='bbox 1538 1731 1595 1790; x_wconf 88' lang='lat' dir='ltr'><strong>cir-</strong></span> 
     </span>
     <span class='ocr_line' id='line_1_16' title="bbox 212 1807 1596 1895; baseline 0.001 -18"><span class='ocrx_word' id='word_1_153' title='bbox 212 1814 364 1891; x_wconf 81' lang='lat' dir='ltr'><strong>,culoqno</strong></span> <span class='ocrx_word' id='word_1_154' title='bbox 394 1815 551 1892; x_wconf 82' lang='lat' dir='ltr'><strong>inscriptae</strong></span> <span class='ocrx_word' id='word_1_155' title='bbox 580 1812 737 1895; x_wconf 86' lang='lat' dir='ltr'><strong>(siquIdem</strong></span> <span class='ocrx_word' id='word_1_156' title='bbox 765 1822 833 1874; x_wconf 90' lang='lat' dir='ltr'><strong>sunt</strong></span> <span class='ocrx_word' id='word_1_157' title='bbox 855 1807 1055 1891; x_wconf 69' lang='lat' dir='ltr'><strong>inscription),</strong></span> <span class='ocrx_word' id='word_1_158' title='bbox 1088 1829 1164 1887; x_wconf 90' lang='lat' dir='ltr'><strong>quae</strong></span> <span class='ocrx_word' id='word_1_159' title='bbox 1194 1830 1289 1889; x_wconf 89' lang='lat' dir='ltr'><strong>neque</strong></span> <span class='ocrx_word' id='word_1_160' title='bbox 1318 1813 1442 1878; x_wconf 83' lang='lat' dir='ltr'><strong>solidam</strong></span> <span class='ocrx_word' id='word_1_161' title='bbox 1473 1815 1596 1894; x_wconf 82' lang='lat' dir='ltr'><strong>figuram</strong></span> 
     </span>
     <span class='ocr_line' id='line_1_17' title="bbox 239 1899 1596 1982; baseline 0.004 -19"><span class='ocrx_word' id='word_1_162' title='bbox 239 1903 391 1982; x_wconf 88' lang='lat' dir='ltr'><strong>sphaerico</strong></span> <span class='ocrx_word' id='word_1_163' title='bbox 414 1900 602 1980; x_wconf 87' lang='lat' dir='ltr'><strong>inscriptilem</strong></span> <span class='ocrx_word' id='word_1_164' title='bbox 625 1919 724 1962; x_wconf 89' lang='lat' dir='ltr'><strong>secum</strong></span> <span class='ocrx_word' id='word_1_165' title='bbox 748 1904 839 1979; x_wconf 81' lang='lat' dir='ltr'><strong>Ipsae,</strong></span> <span class='ocrx_word' id='word_1_166' title='bbox 863 1907 915 1960; x_wconf 92' lang='lat' dir='ltr'><strong>aut</strong></span> <span class='ocrx_word' id='word_1_167' title='bbox 939 1916 1005 1960; x_wconf 89' lang='lat' dir='ltr'><strong>cnm</strong></span> <span class='ocrx_word' id='word_1_168' title='bbox 1029 1899 1095 1958; x_wconf 89' lang='lat' dir='ltr'><strong>aliis</strong></span> <span class='ocrx_word' id='word_1_169' title='bbox 1118 1916 1190 1961; x_wconf 90' lang='lat' dir='ltr'><strong>suaa</strong></span> <span class='ocrx_word' id='word_1_170' title='bbox 1212 1900 1260 1960; x_wconf 88' lang='lat' dir='ltr'><strong>vel</strong></span> <span class='ocrx_word' id='word_1_171' title='bbox 1283 1901 1403 1963; x_wconf 86' lang='lat' dir='ltr'><strong>alterius</strong></span> <span class='ocrx_word' id='word_1_172' title='bbox 1427 1902 1529 1966; x_wconf 87' lang='lat' dir='ltr'><strong>classis</strong></span> <span class='ocrx_word' id='word_1_173' title='bbox 1550 1906 1596 1968; x_wconf 87' lang='lat' dir='ltr'><strong>ef-</strong></span> 
     </span>
     <span class='ocr_line' id='line_1_18' title="bbox 238 1986 1597 2069; baseline 0.002 -18"><span class='ocrx_word' id='word_1_174' title='bbox 238 1991 377 2064; x_wconf 89' lang='lat' dir='ltr'><strong>formant,</strong></span> <span class='ocrx_word' id='word_1_175' title='bbox 408 1992 466 2048; x_wconf 81' lang='lat' dir='ltr'><strong>nini</strong></span> <span class='ocrx_word' id='word_1_176' title='bbox 497 1990 694 2068; x_wconf 86' lang='lat' dir='ltr'><strong>imperfectam</strong></span> <span class='ocrx_word' id='word_1_177' title='bbox 724 1996 851 2064; x_wconf 76' lang='lat' dir='ltr'><strong>mnium,</strong></span> <span class='ocrx_word' id='word_1_178' title='bbox 883 2004 979 2063; x_wconf 87' lang='lat' dir='ltr'><strong>neque</strong></span> <span class='ocrx_word' id='word_1_179' title='bbox 1001 1986 1121 2066; x_wconf 86' lang='lat' dir='ltr'><strong>planum</strong></span> <span class='ocrx_word' id='word_1_180' title='bbox 1143 1995 1276 2048; x_wconf 88' lang='lat' dir='ltr'><strong>sternunt</strong></span> <span class='ocrx_word' id='word_1_181' title='bbox 1298 1990 1346 2049; x_wconf 88' lang='lat' dir='ltr'><strong>rel</strong></span> <span class='ocrx_word' id='word_1_182' title='bbox 1367 1992 1449 2069; x_wconf 89' lang='lat' dir='ltr'><strong>ipsae</strong></span> <span class='ocrx_word' id='word_1_183' title='bbox 1468 1994 1543 2052; x_wconf 86' lang='lat' dir='ltr'><strong>inter</strong></span> <span class='ocrx_word' id='word_1_184' title='bbox 1564 2013 1597 2055; x_wconf 90' lang='lat' dir='ltr'><strong>se</strong></span> 
     </span>
     <span class='ocr_line' id='line_1_19' title="bbox 239 2073 1596 2155; baseline 0.004 -17"><span class='ocrx_word' id='word_1_185' title='bbox 239 2079 383 2155; x_wconf 84' lang='lat' dir='ltr'><strong>singulae,</strong></span> <span class='ocrx_word' id='word_1_186' title='bbox 406 2075 455 2138; x_wconf 81' lang='lat' dir='ltr'><strong>rel</strong></span> <span class='ocrx_word' id='word_1_187' title='bbox 479 2095 545 2138; x_wconf 89' lang='lat' dir='ltr'><strong>cum</strong></span> <span class='ocrx_word' id='word_1_188' title='bbox 567 2077 661 2138; x_wconf 88' lang='lat' dir='ltr'><strong>stellis</strong></span> <span class='ocrx_word' id='word_1_189' title='bbox 683 2094 754 2137; x_wconf 88' lang='lat' dir='ltr'><strong>snae</strong></span> <span class='ocrx_word' id='word_1_190' title='bbox 779 2075 890 2151; x_wconf 89' lang='lat' dir='ltr'><strong>classis,</strong></span> <span class='ocrx_word' id='word_1_191' title='bbox 915 2075 962 2135; x_wconf 89' lang='lat' dir='ltr'><strong>vel</strong></span> <span class='ocrx_word' id='word_1_192' title='bbox 977 2091 1042 2135; x_wconf 90' lang='lat' dir='ltr'><strong>cum</strong></span> <span class='ocrx_word' id='word_1_193' title='bbox 1065 2073 1165 2151; x_wconf 80' lang='lat' dir='ltr'><strong>figuris</strong></span> <span class='ocrx_word' id='word_1_194' title='bbox 1188 2084 1217 2136; x_wconf 86' lang='lat' dir='ltr'><strong>et</strong></span> <span class='ocrx_word' id='word_1_195' title='bbox 1239 2075 1332 2137; x_wconf 85' lang='lat' dir='ltr'><strong>stellis</strong></span> <span class='ocrx_word' id='word_1_196' title='bbox 1354 2078 1456 2140; x_wconf 85' lang='lat' dir='ltr'><strong>classis</strong></span> <span class='ocrx_word' id='word_1_197' title='bbox 1478 2078 1596 2143; x_wconf 89' lang='lat' dir='ltr'><strong>alterius</strong></span> 
     </span>
    </p>
   </div>
   <div class='ocr_carea' id='block_1_5' title="bbox 239 2180 1598 2478">
    <p class='ocr_par' dir='ltr' id='par_1_7' title="bbox 239 2180 1598 2478">
     <span class='ocr_line' id='line_1_20' title="bbox 239 2180 1597 2322; baseline 0.005 -19"><span class='ocrx_word' id='word_1_198' title='bbox 239 2180 465 2317; x_wconf 43' lang='lat' dir='ltr'><strong>amaillblirfr‘ota,</strong></span> <span class='ocrx_word' id='word_1_199' title='bbox 484 2246 593 2302; x_wconf 85' lang='lat' dir='ltr'><strong>excludi</strong></span> <span class='ocrx_word' id='word_1_200' title='bbox 612 2246 803 2317; x_wconf 88' lang='lat' dir='ltr'><strong>septangulum</strong></span> <span class='ocrx_word' id='word_1_201' title='bbox 822 2245 943 2313; x_wconf 80' lang='lat' dir='ltr'><strong>attalia,</strong></span> <span class='ocrx_word' id='word_1_202' title='bbox 961 2259 1017 2299; x_wconf 88' lang='lat' dir='ltr'><strong>nou</strong></span> <span class='ocrx_word' id='word_1_203' title='bbox 1035 2243 1174 2317; x_wconf 87' lang='lat' dir='ltr'><strong>obstante,</strong></span> <span class='ocrx_word' id='word_1_204' title='bbox 1199 2248 1272 2317; x_wconf 89' lang='lat' dir='ltr'><strong>quod</strong></span> <span class='ocrx_word' id='word_1_205' title='bbox 1290 2249 1356 2305; x_wconf 80' lang='lat' dir='ltr'><strong>blna</strong></span> <span class='ocrx_word' id='word_1_206' title='bbox 1372 2248 1506 2320; x_wconf 90' lang='lat' dir='ltr'><strong>parallela</strong></span> <span class='ocrx_word' id='word_1_207' title='bbox 1524 2261 1597 2322; x_wconf 90' lang='lat' dir='ltr'><strong>sept.</strong></span> 
     </span>
     <span class='ocr_line' id='line_1_21' title="bbox 240 2324 1598 2399; baseline 0 -12"><span class='ocrx_word' id='word_1_208' title='bbox 240 2329 341 2399; x_wconf 82' lang='lat' dir='ltr'><strong>augule</strong></span> <span class='ocrx_word' id='word_1_209' title='bbox 362 2326 405 2382; x_wconf 84' lang='lat' dir='ltr'><strong>rel</strong></span> <span class='ocrx_word' id='word_1_210' title='bbox 424 2330 441 2381; x_wconf 81' lang='lat'><strong>&#39;1</strong></span> <span class='ocrx_word' id='word_1_211' title='bbox 460 2327 614 2397; x_wconf 87' lang='lat' dir='ltr'><strong>quadratis,</strong></span> <span class='ocrx_word' id='word_1_212' title='bbox 637 2326 679 2381; x_wconf 82' lang='lat' dir='ltr'><strong>rel</strong></span> <span class='ocrx_word' id='word_1_213' title='bbox 703 2327 737 2381; x_wconf 86' lang='grc'><strong>14</strong></span> <span class='ocrx_word' id='word_1_214' title='bbox 759 2325 902 2396; x_wconf 90' lang='lat' dir='ltr'><strong>trinngulis</strong></span> <span class='ocrx_word' id='word_1_215' title='bbox 933 2324 1029 2393; x_wconf 85' lang='lat' dir='ltr'><strong>adjuta</strong></span> <span class='ocrx_word' id='word_1_216' title='bbox 1053 2325 1224 2394; x_wconf 85' lang='lat' dir='ltr'><strong>regularibus</strong></span> <span class='ocrx_word' id='word_1_217' title='bbox 1247 2328 1365 2385; x_wconf 83' lang='lat' dir='ltr'><strong>solidum</strong></span> <span class='ocrx_word' id='word_1_218' title='bbox 1392 2329 1500 2384; x_wconf 91' lang='lat' dir='ltr'><strong>omnino</strong></span> <span class='ocrx_word' id='word_1_219' title='bbox 1526 2330 1598 2387; x_wconf 87' lang='lat' dir='ltr'><strong>clau·</strong></span> 
     </span>
     <span class='ocr_line' id='line_1_22' title="bbox 240 2404 1598 2478; baseline -0.009 -14"><span class='ocrx_word' id='word_1_220' title='bbox 240 2409 322 2478; x_wconf 87' lang='lat' dir='ltr'><strong>dunt;</strong></span> <span class='ocrx_word' id='word_1_221' title='bbox 340 2406 405 2477; x_wconf 86' lang='lat' dir='ltr'><strong>quia</strong></span> <span class='ocrx_word' id='word_1_222' title='bbox 421 2410 529 2459; x_wconf 87' lang='lat' dir='ltr'><strong>tautum</strong></span> <span class='ocrx_word' id='word_1_223' title='bbox 545 2405 610 2461; x_wconf 90' lang='lat' dir='ltr'><strong>bina</strong></span> <span class='ocrx_word' id='word_1_224' title='bbox 627 2404 790 2474; x_wconf 85' lang='lat' dir='ltr'><strong>septangula</strong></span> <span class='ocrx_word' id='word_1_225' title='bbox 807 2410 983 2474; x_wconf 86' lang='lat' dir='ltr'><strong>concurrunt,</strong></span> <span class='ocrx_word' id='word_1_226' title='bbox 1007 2404 1094 2473; x_wconf 81' lang='lat' dir='ltr'><strong>fitque</strong></span> <span class='ocrx_word' id='word_1_227' title='bbox 1109 2405 1200 2476; x_wconf 83' lang='lat' dir='ltr'><strong>ligura</strong></span> <span class='ocrx_word' id='word_1_228' title='bbox 1218 2406 1380 2466; x_wconf 87' lang='lat' dir='ltr'><strong>dleciformis</strong></span> <span class='ocrx_word' id='word_1_229' title='bbox 1403 2415 1432 2463; x_wconf 88' lang='lat' dir='ltr'><strong>et</strong></span> <span class='ocrx_word' id='word_1_230' title='bbox 1448 2409 1546 2478; x_wconf 70' lang='lat' dir='ltr'><strong>pinnae</strong></span> <span class='ocrx_word' id='word_1_231' title='bbox 1564 2409 1598 2464; x_wconf 69' lang='lat' dir='ltr'><strong>gi.</strong></span> 
     </span>
    </p>
   </div>
   <div class='ocr_carea' id='block_1_6' title="bbox 145 2483 1599 2568">
    <p class='ocr_par' dir='ltr' id='par_1_8' title="bbox 145 2483 1599 2568">
     <span class='ocr_line' id='line_1_23' title="bbox 145 2483 1599 2568; baseline -0.003 -23"><span class='ocrx_word' id='word_1_232' title='bbox 145 2549 149 2568; x_wconf 68' lang='lat'><strong>,</strong></span> <span class='ocrx_word' id='word_1_233' title='bbox 239 2490 325 2557; x_wconf 81' lang='lat' dir='ltr'><strong>milis,</strong></span> <span class='ocrx_word' id='word_1_234' title='bbox 356 2500 526 2558; x_wconf 87' lang='lat' dir='ltr'><strong>nequaquam</strong></span> <span class='ocrx_word' id='word_1_235' title='bbox 555 2500 619 2540; x_wconf 86' lang='lat' dir='ltr'><strong>reru</strong></span> <span class='ocrx_word' id='word_1_236' title='bbox 644 2483 824 2554; x_wconf 87' lang='lat' dir='ltr'><strong>globiformis,</strong></span> <span class='ocrx_word' id='word_1_237' title='bbox 856 2483 1042 2553; x_wconf 81' lang='lat' dir='ltr'><strong>sphaeroides.</strong></span> <span class='ocrx_word' id='word_1_238' title='bbox 1083 2485 1153 2540; x_wconf 88' lang='lat' dir='ltr'><strong>Vide</strong></span> <span class='ocrx_word' id='word_1_239' title='bbox 1180 2487 1208 2542; x_wconf 90' lang='lat' dir='ltr'><strong>in</strong></span> <span class='ocrx_word' id='word_1_240' title='bbox 1233 2485 1322 2557; x_wconf 85' lang='lat' dir='ltr'><strong>ligura</strong></span> <span class='ocrx_word' id='word_1_241' title='bbox 1348 2486 1396 2542; x_wconf 92' lang='lat' dir='ltr'><strong>fol.</strong></span> <span class='ocrx_word' id='word_1_242' title='bbox 1424 2501 1480 2557; x_wconf 91' lang='lat' dir='ltr'><strong>seq.</strong></span> <span class='ocrx_word' id='word_1_243' title='bbox 1505 2486 1599 2541; x_wconf 88' lang='lat' dir='ltr'><strong>literas</strong></span> 
     </span>
    </p>
   </div>
   <div class='ocr_carea' id='block_1_7' title="bbox 168 2554 1613 2983">
    <p class='ocr_par' dir='ltr' id='par_1_9' title="bbox 168 2554 1613 2983">
     <span class='ocr_line' id='line_1_24' title="bbox 241 2554 1599 2636; baseline 0.002 -18"><span class='ocrx_word' id='word_1_244' title='bbox 241 2567 273 2636; x_wconf 80' lang='lat' dir='ltr'><strong>A,</strong></span> <span class='ocrx_word' id='word_1_245' title='bbox 293 2569 324 2624; x_wconf 86' lang='grc' dir='ltr'><strong>Β,</strong></span> <span class='ocrx_word' id='word_1_246' title='bbox 361 2569 406 2624; x_wconf 75' lang='lat' dir='ltr'><strong>Sis</strong></span> <span class='ocrx_word' id='word_1_247' title='bbox 424 2554 942 2633; x_wconf 70' lang='lat' dir='ltr'><strong>euiumexolnditnrquindecangulnm,</strong></span> <span class='ocrx_word' id='word_1_248' title='bbox 961 2562 1164 2635; x_wconf 84' lang='lat' dir='ltr'><strong>nonobstante,</strong></span> <span class='ocrx_word' id='word_1_249' title='bbox 1183 2565 1256 2635; x_wconf 91' lang='lat' dir='ltr'><strong>quod</strong></span> <span class='ocrx_word' id='word_1_250' title='bbox 1268 2565 1404 2636; x_wconf 84' lang='lat' dir='ltr'><strong>aliquibus</strong></span> <span class='ocrx_word' id='word_1_251' title='bbox 1417 2565 1524 2634; x_wconf 91' lang='lat' dir='ltr'><strong>angulis</strong></span> <span class='ocrx_word' id='word_1_252' title='bbox 1538 2582 1599 2621; x_wconf 88' lang='lat' dir='ltr'><strong>cum</strong></span> 
     </span>
     <span class='ocr_line' id='line_1_25' title="bbox 168 2640 1613 2732; baseline -0.002 -31"><span class='ocrx_word' id='word_1_253' title='bbox 168 2724 172 2732; x_wconf 86' lang='lat'><strong>.</strong></span> <span class='ocrx_word' id='word_1_254' title='bbox 240 2643 335 2715; x_wconf 87' lang='lat' dir='ltr'><strong>figuris</strong></span> <span class='ocrx_word' id='word_1_255' title='bbox 353 2648 476 2716; x_wconf 84' lang='lat' dir='ltr'><strong>cognatis</strong></span> <span class='ocrx_word' id='word_1_256' title='bbox 495 2647 585 2702; x_wconf 88' lang='lat' dir='ltr'><strong>locum</strong></span> <span class='ocrx_word' id='word_1_257' title='bbox 603 2644 631 2697; x_wconf 92' lang='lat' dir='ltr'><strong>in</strong></span> <span class='ocrx_word' id='word_1_258' title='bbox 649 2642 732 2711; x_wconf 84' lang='lat' dir='ltr'><strong>piano</strong></span> <span class='ocrx_word' id='word_1_259' title='bbox 746 2640 852 2711; x_wconf 69' lang='lat' dir='ltr'><strong>expiet,</strong></span> <span class='ocrx_word' id='word_1_260' title='bbox 870 2642 1001 2710; x_wconf 84' lang='lat' dir='ltr'><strong>quiahoc</strong></span> <span class='ocrx_word' id='word_1_261' title='bbox 1012 2657 1067 2696; x_wconf 92' lang='lat' dir='ltr'><strong>non</strong></span> <span class='ocrx_word' id='word_1_262' title='bbox 1079 2640 1146 2697; x_wconf 84' lang='lat' dir='ltr'><strong>facit</strong></span> <span class='ocrx_word' id='word_1_263' title='bbox 1158 2642 1333 2699; x_wconf 63' lang='lat' dir='ltr'><strong>moumchoa</strong></span> <span class='ocrx_word' id='word_1_264' title='bbox 1345 2643 1469 2699; x_wconf 83' lang='lat' dir='ltr'><strong>omnibns</strong></span> <span class='ocrx_word' id='word_1_265' title='bbox 1482 2643 1613 2714; x_wconf 73' lang='lat' dir='ltr'><strong>angulh..</strong></span> 
     </span>
     <span class='ocr_line' id='line_1_26' title="bbox 327 2734 1600 2825; baseline -0.005 -24"><span class='ocrx_word' id='word_1_266' title='bbox 327 2741 415 2804; x_wconf 87' lang='lat' dir='ltr'><strong>XIV.</strong></span> <span class='ocrx_word' id='word_1_267' title='bbox 438 2736 672 2819; x_wconf 88' lang='lat' dir='ltr'><strong>Propositio.</strong></span> <span class='ocrx_word' id='word_1_268' title='bbox 719 2735 902 2825; x_wconf 82' lang='lat' dir='ltr'><strong>Augnlornm</strong></span> <span class='ocrx_word' id='word_1_269' title='bbox 923 2734 1078 2813; x_wconf 88' lang='lat' dir='ltr'><strong>planorum</strong></span> <span class='ocrx_word' id='word_1_270' title='bbox 1104 2752 1165 2796; x_wconf 91' lang='lat' dir='ltr'><strong>non</strong></span> <span class='ocrx_word' id='word_1_271' title='bbox 1186 2737 1341 2815; x_wconf 89' lang='lat' dir='ltr'><strong>pauciores</strong></span> <span class='ocrx_word' id='word_1_272' title='bbox 1363 2754 1452 2815; x_wconf 88' lang='lat' dir='ltr'><strong>quam</strong></span> <span class='ocrx_word' id='word_1_273' title='bbox 1474 2737 1547 2798; x_wconf 90' lang='lat' dir='ltr'><strong>terni</strong></span> <span class='ocrx_word' id='word_1_274' title='bbox 1569 2739 1600 2795; x_wconf 88' lang='lat' dir='ltr'><strong>iu</strong></span> 
     </span>
     <span class='ocr_line' id='line_1_27' title="bbox 240 2830 525 2911; baseline -0.018 -20"><span class='ocrx_word' id='word_1_275' title='bbox 240 2830 330 2911; x_wconf 91' lang='lat' dir='ltr'><strong>plano</strong></span> <span class='ocrx_word' id='word_1_276' title='bbox 353 2833 525 2908; x_wconf 84' lang='lat' dir='ltr'><strong>congruunt.</strong></span> 
     </span>
     <span class='ocr_line' id='line_1_28' title="bbox 327 2907 1599 2983; baseline -0.004 -14"><span class='ocrx_word' id='word_1_277' title='bbox 327 2914 397 2969; x_wconf 87' lang='lat' dir='ltr'><strong>Nam</strong></span> <span class='ocrx_word' id='word_1_278' title='bbox 415 2912 487 2968; x_wconf 85' lang='lat' dir='ltr'><strong>oIrca</strong></span> <span class='ocrx_word' id='word_1_279' title='bbox 504 2907 647 2978; x_wconf 86' lang='lat' dir='ltr'><strong>quodlibet</strong></span> <span class='ocrx_word' id='word_1_280' title='bbox 664 2921 813 2983; x_wconf 81' lang='lat' dir='ltr'><strong>concursus</strong></span> <span class='ocrx_word' id='word_1_281' title='bbox 825 2914 957 2975; x_wconf 88' lang='lat' dir='ltr'><strong>punctum</strong></span> <span class='ocrx_word' id='word_1_282' title='bbox 969 2909 1013 2959; x_wconf 89' lang='lat' dir='ltr'><strong>est</strong></span> <span class='ocrx_word' id='word_1_283' title='bbox 1031 2920 1136 2960; x_wconf 87' lang='lat' dir='ltr'><strong>summa</strong></span> <span class='ocrx_word' id='word_1_284' title='bbox 1148 2915 1265 2976; x_wconf 88' lang='lat' dir='ltr'><strong>quatuor</strong></span> <span class='ocrx_word' id='word_1_285' title='bbox 1277 2912 1415 2964; x_wconf 81' lang='lat' dir='ltr'><strong>rectomm</strong></span> <span class='ocrx_word' id='word_1_286' title='bbox 1426 2907 1599 2979; x_wconf 72' lang='lat' dir='ltr'><strong>angulorum:</strong></span> 
     </span>
    </p>
   </div>
   <div class='ocr_carea' id='block_1_8' title="bbox 241 2983 1675 3140">
    <p class='ocr_par' dir='ltr' id='par_1_10' title="bbox 241 2983 1675 3140">
     <span class='ocr_line' id='line_1_29' title="bbox 241 2983 1675 3060; baseline -0.005 -10"><span class='ocrx_word' id='word_1_287' title='bbox 241 3002 270 3050; x_wconf 90' lang='lat' dir='ltr'><strong>at</strong></span> <span class='ocrx_word' id='word_1_288' title='bbox 287 2992 388 3049; x_wconf 90' lang='lat' dir='ltr'><strong>nullius</strong></span> <span class='ocrx_word' id='word_1_289' title='bbox 406 2991 510 3060; x_wconf 84' lang='lat' dir='ltr'><strong>figurae</strong></span> <span class='ocrx_word' id='word_1_290' title='bbox 529 2986 644 3056; x_wconf 88' lang='lat' dir='ltr'><strong>angulus</strong></span> <span class='ocrx_word' id='word_1_291' title='bbox 663 2991 764 3056; x_wconf 90' lang='lat' dir='ltr'><strong>aequat</strong></span> <span class='ocrx_word' id='word_1_292' title='bbox 780 3000 914 3041; x_wconf 88' lang='lat' dir='ltr'><strong>summam</strong></span> <span class='ocrx_word' id='word_1_293' title='bbox 931 2983 1047 3038; x_wconf 91' lang='lat' dir='ltr'><strong>duorum</strong></span> <span class='ocrx_word' id='word_1_294' title='bbox 1065 2993 1210 3057; x_wconf 86' lang='lat' dir='ltr'><strong>rectorum,</strong></span> <span class='ocrx_word' id='word_1_295' title='bbox 1230 2986 1313 3054; x_wconf 87' lang='lat' dir='ltr'><strong>igitur</strong></span> <span class='ocrx_word' id='word_1_296' title='bbox 1330 2985 1384 3042; x_wconf 93' lang='lat' dir='ltr'><strong>dno</strong></span> <span class='ocrx_word' id='word_1_297' title='bbox 1398 2987 1601 3058; x_wconf 86' lang='lat' dir='ltr'><strong>quanticunque</strong></span> <span class='ocrx_word' id='word_1_298' title='bbox 1672 3046 1675 3051; x_wconf 76' lang='grc'>,</span> 
     </span>
     <span class='ocr_line' id='line_1_30' title="bbox 241 3062 1600 3140; baseline -0.001 -15"><span class='ocrx_word' id='word_1_299' title='bbox 241 3070 334 3140; x_wconf 88' lang='lat' dir='ltr'><strong>anguli</strong></span> <span class='ocrx_word' id='word_1_300' title='bbox 351 3075 416 3124; x_wconf 90' lang='lat' dir='ltr'><strong>suut</strong></span> <span class='ocrx_word' id='word_1_301' title='bbox 433 3068 524 3124; x_wconf 91' lang='lat' dir='ltr'><strong>adhuc</strong></span> <span class='ocrx_word' id='word_1_302' title='bbox 543 3068 661 3122; x_wconf 83' lang='lat' dir='ltr'><strong>mluores</strong></span> <span class='ocrx_word' id='word_1_303' title='bbox 674 3073 793 3137; x_wconf 90' lang='lat' dir='ltr'><strong>quatuor</strong></span> <span class='ocrx_word' id='word_1_304' title='bbox 803 3064 901 3119; x_wconf 89' lang='lat' dir='ltr'><strong>rectis:</strong></span> <span class='ocrx_word' id='word_1_305' title='bbox 921 3062 975 3118; x_wconf 92' lang='lat' dir='ltr'><strong>dno</strong></span> <span class='ocrx_word' id='word_1_306' title='bbox 988 3063 1071 3133; x_wconf 87' lang='lat' dir='ltr'><strong>igitur</strong></span> <span class='ocrx_word' id='word_1_307' title='bbox 1087 3081 1143 3120; x_wconf 88' lang='lat' dir='ltr'><strong>uon</strong></span> <span class='ocrx_word' id='word_1_308' title='bbox 1156 3062 1266 3135; x_wconf 86' lang='lat' dir='ltr'><strong>explent</strong></span> <span class='ocrx_word' id='word_1_309' title='bbox 1278 3065 1427 3136; x_wconf 87' lang='lat' dir='ltr'><strong>planitiem,</strong></span> <span class='ocrx_word' id='word_1_310' title='bbox 1445 3083 1495 3137; x_wconf 88' lang='lat' dir='ltr'><strong>per</strong></span> <span class='ocrx_word' id='word_1_311' title='bbox 1508 3066 1562 3122; x_wconf 90' lang='lat' dir='ltr'><strong>def.</strong></span> <span class='ocrx_word' id='word_1_312' title='bbox 1576 3070 1600 3123; x_wconf 89' lang='lat' dir='ltr'><strong>l.</strong></span> 
     </span>
    </p>
   </div>
   <div class='ocr_carea' id='block_1_9' title="bbox 174 3154 1602 3329">
    <p class='ocr_par' dir='ltr' id='par_1_11' title="bbox 174 3154 1602 3329">
     <span class='ocr_line' id='line_1_31' title="bbox 329 3154 1602 3243; baseline -0.002 -22"><span class='ocrx_word' id='word_1_313' title='bbox 329 3161 399 3222; x_wconf 86' lang='lat' dir='ltr'><strong>XV.</strong></span> <span class='ocrx_word' id='word_1_314' title='bbox 422 3162 652 3243; x_wconf 84' lang='lat' dir='ltr'><strong>Propositio.</strong></span> <span class='ocrx_word' id='word_1_315' title='bbox 698 3156 882 3237; x_wconf 87' lang='lat' dir='ltr'><strong>Angnlorum</strong></span> <span class='ocrx_word' id='word_1_316' title='bbox 905 3154 1065 3235; x_wconf 59' lang='lat' dir='ltr'><strong>,planorum</strong></span> <span class='ocrx_word' id='word_1_317' title='bbox 1099 3173 1157 3217; x_wconf 90' lang='lat' dir='ltr'><strong>non</strong></span> <span class='ocrx_word' id='word_1_318' title='bbox 1179 3159 1333 3235; x_wconf 85' lang='lat' dir='ltr'><strong>pauciores</strong></span> <span class='ocrx_word' id='word_1_319' title='bbox 1355 3176 1444 3236; x_wconf 82' lang='lat' dir='ltr'><strong>quau</strong></span> <span class='ocrx_word' id='word_1_320' title='bbox 1466 3162 1540 3219; x_wconf 88' lang='lat' dir='ltr'><strong>terni</strong></span> <span class='ocrx_word' id='word_1_321' title='bbox 1562 3158 1602 3219; x_wconf 92' lang='lat' dir='ltr'><strong>ad</strong></span> 
     </span>
     <span class='ocr_line' id='line_1_32' title="bbox 174 3243 1185 3329; baseline -0.009 -17"><span class='ocrx_word' id='word_1_322' title='bbox 174 3324 176 3329; x_wconf 68' lang='lat'><strong>,</strong></span> <span class='ocrx_word' id='word_1_323' title='bbox 242 3249 371 3311; x_wconf 86' lang='lat' dir='ltr'><strong>solidum</strong></span> <span class='ocrx_word' id='word_1_324' title='bbox 393 3251 534 3327; x_wconf 89' lang='lat' dir='ltr'><strong>angulum</strong></span> <span class='ocrx_word' id='word_1_325' title='bbox 556 3248 740 3310; x_wconf 90' lang='lat' dir='ltr'><strong>formandum</strong></span> <span class='ocrx_word' id='word_1_326' title='bbox 764 3251 927 3321; x_wconf 87' lang='lat' dir='ltr'><strong>congruunt</strong></span> <span class='ocrx_word' id='word_1_327' title='bbox 948 3243 997 3305; x_wconf 84' lang='lat' dir='ltr'><strong>vel</strong></span> <span class='ocrx_word' id='word_1_328' title='bbox 1020 3252 1185 3321; x_wconf 72' lang='lat' dir='ltr'><strong>morgunt.</strong></span> 
     </span>
    </p>
   </div>
   <div class='ocr_carea' id='block_1_10' title="bbox 242 3325 1603 3481">
    <p class='ocr_par' dir='ltr' id='par_1_12' title="bbox 242 3325 1603 3481">
     <span class='ocr_line' id='line_1_33' title="bbox 329 3325 1603 3401; baseline -0.002 -13"><span class='ocrx_word' id='word_1_329' title='bbox 329 3332 391 3389; x_wconf 92' lang='lat' dir='ltr'><strong>Bini</strong></span> <span class='ocrx_word' id='word_1_330' title='bbox 412 3334 484 3388; x_wconf 89' lang='lat' dir='ltr'><strong>euim</strong></span> <span class='ocrx_word' id='word_1_331' title='bbox 504 3349 558 3388; x_wconf 91' lang='lat' dir='ltr'><strong>non</strong></span> <span class='ocrx_word' id='word_1_332' title='bbox 575 3331 707 3388; x_wconf 82' lang='lat' dir='ltr'><strong>lateribus</strong></span> <span class='ocrx_word' id='word_1_333' title='bbox 725 3335 846 3397; x_wconf 75' lang='lat' dir='ltr'><strong>mutum,</strong></span> <span class='ocrx_word' id='word_1_334' title='bbox 869 3327 919 3382; x_wconf 89' lang='lat' dir='ltr'><strong>aed</strong></span> <span class='ocrx_word' id='word_1_335' title='bbox 939 3325 1005 3381; x_wconf 89' lang='lat' dir='ltr'><strong>totis</strong></span> <span class='ocrx_word' id='word_1_336' title='bbox 1033 3326 1197 3397; x_wconf 88' lang='lat' dir='ltr'><strong>planitiebus</strong></span> <span class='ocrx_word' id='word_1_337' title='bbox 1223 3337 1404 3397; x_wconf 87' lang='lat' dir='ltr'><strong>congruerent</strong></span> <span class='ocrx_word' id='word_1_338' title='bbox 1428 3328 1551 3401; x_wconf 88' lang='lat' dir='ltr'><strong>nihrlqne</strong></span> <span class='ocrx_word' id='word_1_339' title='bbox 1568 3330 1603 3386; x_wconf 91' lang='lat' dir='ltr'><strong>de</strong></span> 
     </span>
     <span class='ocr_line' id='line_1_34' title="bbox 242 3405 1551 3481; baseline -0.005 -14"><span class='ocrx_word' id='word_1_340' title='bbox 242 3428 356 3481; x_wconf 89' lang='lat' dir='ltr'><strong>corpore</strong></span> <span class='ocrx_word' id='word_1_341' title='bbox 374 3411 463 3468; x_wconf 90' lang='lat' dir='ltr'><strong>solido</strong></span> <span class='ocrx_word' id='word_1_342' title='bbox 482 3411 742 3481; x_wconf 88' lang='lat' dir='ltr'><strong>complecterentur:</strong></span> <span class='ocrx_word' id='word_1_343' title='bbox 760 3406 833 3477; x_wconf 91' lang='lat' dir='ltr'><strong>quod</strong></span> <span class='ocrx_word' id='word_1_344' title='bbox 852 3412 895 3460; x_wconf 91' lang='lat' dir='ltr'><strong>est</strong></span> <span class='ocrx_word' id='word_1_345' title='bbox 913 3414 1009 3463; x_wconf 89' lang='lat' dir='ltr'><strong>contra</strong></span> <span class='ocrx_word' id='word_1_346' title='bbox 1026 3405 1080 3463; x_wconf 90' lang='lat' dir='ltr'><strong>def.</strong></span> <span class='ocrx_word' id='word_1_347' title='bbox 1100 3407 1191 3477; x_wconf 84' lang='lat' dir='ltr'><strong>anguli</strong></span> <span class='ocrx_word' id='word_1_348' title='bbox 1209 3407 1289 3463; x_wconf 91' lang='lat' dir='ltr'><strong>solidi</strong></span> <span class='ocrx_word' id='word_1_349' title='bbox 1307 3406 1381 3478; x_wconf 88' lang='lat' dir='ltr'><strong>apud</strong></span> <span class='ocrx_word' id='word_1_350' title='bbox 1398 3406 1551 3463; x_wconf 82' lang='lat' dir='ltr'><strong>Euclidem.</strong></span> 
     </span>
    </p>
   </div>
   <div class='ocr_carea' id='block_1_11' title="bbox 174 3499 1606 4203">
    <p class='ocr_par' dir='ltr' id='par_1_13' title="bbox 243 3499 1604 3669">
     <span class='ocr_line' id='line_1_35' title="bbox 330 3499 1604 3583; baseline -0.004 -18"><span class='ocrx_word' id='word_1_351' title='bbox 330 3503 418 3565; x_wconf 88' lang='lat' dir='ltr'><strong>XVI.</strong></span> <span class='ocrx_word' id='word_1_352' title='bbox 440 3504 682 3583; x_wconf 90' lang='lat' dir='ltr'><strong>Propositio.</strong></span> <span class='ocrx_word' id='word_1_353' title='bbox 730 3499 912 3579; x_wconf 85' lang='lat' dir='ltr'><strong>Angnlorum</strong></span> <span class='ocrx_word' id='word_1_354' title='bbox 942 3501 971 3558; x_wconf 92' lang='lat' dir='ltr'><strong>in</strong></span> <span class='ocrx_word' id='word_1_355' title='bbox 1000 3499 1088 3579; x_wconf 91' lang='lat' dir='ltr'><strong>plano</strong></span> <span class='ocrx_word' id='word_1_356' title='bbox 1112 3502 1332 3577; x_wconf 86' lang='lat' dir='ltr'><strong>congruentium</strong></span> <span class='ocrx_word' id='word_1_357' title='bbox 1355 3518 1469 3562; x_wconf 88' lang='lat' dir='ltr'><strong>summa</strong></span> <span class='ocrx_word' id='word_1_358' title='bbox 1490 3518 1604 3582; x_wconf 88' lang='lat' dir='ltr'><strong>semper</strong></span> 
     </span>
     <span class='ocr_line' id='line_1_36' title="bbox 243 3586 1603 3669; baseline -0.003 -15"><span class='ocrx_word' id='word_1_359' title='bbox 243 3601 288 3655; x_wconf 87' lang='lat' dir='ltr'><strong>ast</strong></span> <span class='ocrx_word' id='word_1_360' title='bbox 311 3596 331 3652; x_wconf 79' lang='lat'>4</span> <span class='ocrx_word' id='word_1_361' title='bbox 353 3599 506 3669; x_wconf 87' lang='lat' dir='ltr'><strong>rectorum,</strong></span> <span class='ocrx_word' id='word_1_362' title='bbox 528 3609 681 3669; x_wconf 88' lang='lat' dir='ltr'><strong>nunquam</strong></span> <span class='ocrx_word' id='word_1_363' title='bbox 701 3589 811 3667; x_wconf 88' lang='lat' dir='ltr'><strong>major:</strong></span> <span class='ocrx_word' id='word_1_364' title='bbox 835 3590 1056 3664; x_wconf 85' lang='lat' dir='ltr'><strong>congruentium</strong></span> <span class='ocrx_word' id='word_1_365' title='bbox 1072 3590 1102 3646; x_wconf 93' lang='lat' dir='ltr'><strong>iu</strong></span> <span class='ocrx_word' id='word_1_366' title='bbox 1118 3586 1212 3648; x_wconf 91' lang='lat' dir='ltr'><strong>aolldo</strong></span> <span class='ocrx_word' id='word_1_367' title='bbox 1236 3596 1281 3649; x_wconf 88' lang='lat' dir='ltr'><strong>eet</strong></span> <span class='ocrx_word' id='word_1_368' title='bbox 1300 3589 1395 3649; x_wconf 90' lang='lat' dir='ltr'><strong>minor</strong></span> <span class='ocrx_word' id='word_1_369' title='bbox 1408 3589 1465 3649; x_wconf 90' lang='lat' dir='ltr'><strong>hac</strong></span> <span class='ocrx_word' id='word_1_370' title='bbox 1477 3606 1603 3650; x_wconf 84' lang='lat' dir='ltr'><strong>summa.</strong></span> 
     </span>
    </p>

    <p class='ocr_par' dir='ltr' id='par_1_14' title="bbox 174 3670 1606 4203">
     <span class='ocr_line' id='line_1_37' title="bbox 329 3670 1605 3746; baseline -0.004 -14"><span class='ocrx_word' id='word_1_371' title='bbox 329 3677 362 3732; x_wconf 93' lang='lat' dir='ltr'><strong>In</strong></span> <span class='ocrx_word' id='word_1_372' title='bbox 380 3676 462 3746; x_wconf 88' lang='lat' dir='ltr'><strong>plano</strong></span> <span class='ocrx_word' id='word_1_373' title='bbox 480 3693 506 3731; x_wconf 90' lang='lat' dir='ltr'><strong>n.</strong></span> <span class='ocrx_word' id='word_1_374' title='bbox 525 3692 580 3730; x_wconf 91' lang='lat' dir='ltr'><strong>non</strong></span> <span class='ocrx_word' id='word_1_375' title='bbox 598 3674 691 3745; x_wconf 88' lang='lat' dir='ltr'><strong>plures</strong></span> <span class='ocrx_word' id='word_1_376' title='bbox 709 3675 726 3728; x_wconf 82' lang='grc'><strong>4</strong></span> <span class='ocrx_word' id='word_1_377' title='bbox 744 3672 828 3728; x_wconf 89' lang='lat' dir='ltr'><strong>rectis</strong></span> <span class='ocrx_word' id='word_1_378' title='bbox 846 3686 930 3725; x_wconf 89' lang='lat' dir='ltr'><strong>uuum</strong></span> <span class='ocrx_word' id='word_1_379' title='bbox 947 3677 1081 3739; x_wconf 90' lang='lat' dir='ltr'><strong>punctum</strong></span> <span class='ocrx_word' id='word_1_380' title='bbox 1098 3670 1288 3727; x_wconf 73' lang='lat' dir='ltr'><strong>cucumstant:</strong></span> <span class='ocrx_word' id='word_1_381' title='bbox 1307 3687 1373 3742; x_wconf 84' lang='lat' dir='ltr'><strong>ergo</strong></span> <span class='ocrx_word' id='word_1_382' title='bbox 1392 3686 1453 3727; x_wconf 88' lang='lat' dir='ltr'><strong>cum</strong></span> <span class='ocrx_word' id='word_1_383' title='bbox 1470 3679 1605 3742; x_wconf 86' lang='lat' dir='ltr'><strong>aequatur</strong></span> 
     </span>
     <span class='ocr_line' id='line_1_38' title="bbox 243 3748 1605 3824; baseline -0.004 -14"><span class='ocrx_word' id='word_1_384' title='bbox 243 3770 349 3813; x_wconf 87' lang='lat' dir='ltr'><strong>summa</strong></span> <span class='ocrx_word' id='word_1_385' title='bbox 372 3756 389 3809; x_wconf 83' lang='grc'>4</span> <span class='ocrx_word' id='word_1_386' title='bbox 408 3762 558 3824; x_wconf 86' lang='lat' dir='ltr'><strong>rectorum,</strong></span> <span class='ocrx_word' id='word_1_387' title='bbox 585 3762 651 3811; x_wconf 91' lang='lat' dir='ltr'><strong>tuuc</strong></span> <span class='ocrx_word' id='word_1_388' title='bbox 674 3753 767 3809; x_wconf 89' lang='lat' dir='ltr'><strong>hiatus</strong></span> <span class='ocrx_word' id='word_1_389' title='bbox 792 3751 885 3807; x_wconf 93' lang='lat' dir='ltr'><strong>nullus</strong></span> <span class='ocrx_word' id='word_1_390' title='bbox 903 3748 1078 3819; x_wconf 81' lang='lat' dir='ltr'><strong>reliuquitur,</strong></span> <span class='ocrx_word' id='word_1_391' title='bbox 1101 3756 1130 3804; x_wconf 96' lang='lat' dir='ltr'><strong>et</strong></span> <span class='ocrx_word' id='word_1_392' title='bbox 1148 3764 1198 3819; x_wconf 85' lang='lat' dir='ltr'><strong>per</strong></span> <span class='ocrx_word' id='word_1_393' title='bbox 1219 3748 1273 3805; x_wconf 90' lang='lat' dir='ltr'><strong>dai.</strong></span> <span class='ocrx_word' id='word_1_394' title='bbox 1293 3753 1317 3806; x_wconf 87' lang='lat' dir='ltr'><strong>i.</strong></span> <span class='ocrx_word' id='word_1_395' title='bbox 1337 3750 1514 3821; x_wconf 90' lang='lat' dir='ltr'><strong>congruentia</strong></span> <span class='ocrx_word' id='word_1_396' title='bbox 1538 3756 1605 3805; x_wconf 87' lang='lat' dir='ltr'><strong>tunc</strong></span> 
     </span>
     <span class='ocr_line' id='line_1_39' title="bbox 174 3826 1604 3903; baseline -0.004 -15"><span class='ocrx_word' id='word_1_397' title='bbox 174 3826 176 3836; x_wconf 86' lang='lat'>&#39;</span> <span class='ocrx_word' id='word_1_398' title='bbox 243 3838 286 3888; x_wconf 90' lang='lat' dir='ltr'><strong>est</strong></span> <span class='ocrx_word' id='word_1_399' title='bbox 303 3832 331 3888; x_wconf 91' lang='lat' dir='ltr'><strong>iu</strong></span> <span class='ocrx_word' id='word_1_400' title='bbox 349 3831 440 3903; x_wconf 91' lang='lat' dir='ltr'><strong>plano.</strong></span> <span class='ocrx_word' id='word_1_401' title='bbox 478 3834 507 3888; x_wconf 89' lang='lat' dir='ltr'><strong>Si</strong></span> <span class='ocrx_word' id='word_1_402' title='bbox 525 3831 638 3902; x_wconf 89' lang='lat' dir='ltr'><strong>planum</strong></span> <span class='ocrx_word' id='word_1_403' title='bbox 657 3836 783 3887; x_wconf 89' lang='lat' dir='ltr'><strong>sternunt</strong></span> <span class='ocrx_word' id='word_1_404' title='bbox 801 3828 902 3898; x_wconf 89' lang='lat' dir='ltr'><strong>anguli,</strong></span> <span class='ocrx_word' id='word_1_405' title='bbox 920 3826 956 3884; x_wconf 90' lang='lat' dir='ltr'><strong>ad</strong></span> <span class='ocrx_word' id='word_1_406' title='bbox 975 3827 1140 3885; x_wconf 85' lang='lat' dir='ltr'><strong>soliditatem</strong></span> <span class='ocrx_word' id='word_1_407' title='bbox 1157 3843 1213 3884; x_wconf 88' lang='lat' dir='ltr'><strong>nou</strong></span> <span class='ocrx_word' id='word_1_408' title='bbox 1230 3836 1386 3898; x_wconf 87' lang='lat' dir='ltr'><strong>assurgunt.</strong></span> <span class='ocrx_word' id='word_1_409' title='bbox 1421 3829 1460 3884; x_wconf 81' lang='lat' dir='ltr'><strong>Et</strong></span> <span class='ocrx_word' id='word_1_410' title='bbox 1476 3827 1604 3903; x_wconf 74' lang='lat' dir='ltr'><strong>ricism&#39;nn¹</strong></span> 
     </span>
     <span class='ocr_line' id='line_1_40' title="bbox 246 3907 1606 3983; baseline -0.002 -17"><span class='ocrx_word' id='word_1_411' title='bbox 246 3910 269 3966; x_wconf 87' lang='lat' dir='ltr'><strong>ai</strong></span> <span class='ocrx_word' id='word_1_412' title='bbox 288 3912 381 3982; x_wconf 90' lang='lat' dir='ltr'><strong>anguli</strong></span> <span class='ocrx_word' id='word_1_413' title='bbox 399 3912 486 3981; x_wconf 89' lang='lat' dir='ltr'><strong>aptati</strong></span> <span class='ocrx_word' id='word_1_414' title='bbox 504 3911 532 3965; x_wconf 92' lang='lat' dir='ltr'><strong>iu</strong></span> <span class='ocrx_word' id='word_1_415' title='bbox 550 3911 633 3981; x_wconf 91' lang='lat' dir='ltr'><strong>plano</strong></span> <span class='ocrx_word' id='word_1_416' title='bbox 651 3910 813 3978; x_wconf 83' lang='lat' dir='ltr'><strong>reIInqunnt</strong></span> <span class='ocrx_word' id='word_1_417' title='bbox 829 3909 950 3983; x_wconf 87' lang='lat' dir='ltr'><strong>hiatum,</strong></span> <span class='ocrx_word' id='word_1_418' title='bbox 976 3909 1085 3982; x_wconf 90' lang='lat' dir='ltr'><strong>quaudo</strong></span> <span class='ocrx_word' id='word_1_419' title='bbox 1105 3924 1148 3965; x_wconf 89' lang='lat' dir='ltr'><strong>sc..</strong></span> <span class='ocrx_word' id='word_1_420' title='bbox 1167 3915 1232 3967; x_wconf 85' lang='lat' dir='ltr'><strong>suut</strong></span> <span class='ocrx_word' id='word_1_421' title='bbox 1249 3909 1367 3965; x_wconf 88' lang='lat' dir='ltr'><strong>miuorea</strong></span> <span class='ocrx_word' id='word_1_422' title='bbox 1387 3907 1516 3974; x_wconf 76' lang='lat' dir='ltr'><strong>trectis,</strong></span> <span class='ocrx_word' id='word_1_423' title='bbox 1538 3913 1606 3963; x_wconf 87' lang='lat' dir='ltr'><strong>tunc</strong></span> 
     </span>
     <span class='ocr_line' id='line_1_41' title="bbox 245 3987 1606 4058; baseline -0.002 -13"><span class='ocrx_word' id='word_1_424' title='bbox 245 3990 371 4047; x_wconf 87' lang='lat' dir='ltr'><strong>adductis</strong></span> <span class='ocrx_word' id='word_1_425' title='bbox 390 3988 497 4045; x_wconf 89' lang='lat' dir='ltr'><strong>duobus</strong></span> <span class='ocrx_word' id='word_1_426' title='bbox 515 3988 646 4044; x_wconf 90' lang='lat' dir='ltr'><strong>lateribus</strong></span> <span class='ocrx_word' id='word_1_427' title='bbox 665 3988 737 4044; x_wconf 81' lang='lat' dir='ltr'><strong>clrca</strong></span> <span class='ocrx_word' id='word_1_428' title='bbox 754 3987 860 4042; x_wconf 88' lang='lat' dir='ltr'><strong>hiatum</strong></span> <span class='ocrx_word' id='word_1_429' title='bbox 877 3997 907 4045; x_wconf 88' lang='lat' dir='ltr'><strong>et</strong></span> <span class='ocrx_word' id='word_1_430' title='bbox 925 3989 1037 4049; x_wconf 81' lang='lat' dir='ltr'><strong>excluso</strong></span> <span class='ocrx_word' id='word_1_431' title='bbox 1055 3989 1133 4044; x_wconf 89' lang='lat' dir='ltr'><strong>hiatu</strong></span> <span class='ocrx_word' id='word_1_432' title='bbox 1160 4003 1272 4044; x_wconf 87' lang='lat' dir='ltr'><strong>necesse</strong></span> <span class='ocrx_word' id='word_1_433' title='bbox 1294 3996 1337 4044; x_wconf 88' lang='lat' dir='ltr'><strong>est</strong></span> <span class='ocrx_word' id='word_1_434' title='bbox 1359 4002 1503 4058; x_wconf 88' lang='lat' dir='ltr'><strong>assurgere</strong></span> <span class='ocrx_word' id='word_1_435' title='bbox 1521 4002 1606 4057; x_wconf 88' lang='lat' dir='ltr'><strong>angu-</strong></span> 
     </span>
     <span class='ocr_line' id='line_1_42' title="bbox 245 4065 1606 4139; baseline -0.003 -15"><span class='ocrx_word' id='word_1_436' title='bbox 245 4069 302 4124; x_wconf 91' lang='lat' dir='ltr'><strong>lum</strong></span> <span class='ocrx_word' id='word_1_437' title='bbox 320 4075 348 4124; x_wconf 90' lang='lat' dir='ltr'><strong>et</strong></span> <span class='ocrx_word' id='word_1_438' title='bbox 366 4067 486 4123; x_wconf 87' lang='lat' dir='ltr'><strong>solidari.</strong></span> <span class='ocrx_word' id='word_1_439' title='bbox 522 4068 555 4123; x_wconf 92' lang='lat' dir='ltr'><strong>ln</strong></span> <span class='ocrx_word' id='word_1_440' title='bbox 573 4068 705 4137; x_wconf 86' lang='lat' dir='ltr'><strong>figurali</strong></span> <span class='ocrx_word' id='word_1_441' title='bbox 723 4068 782 4138; x_wconf 79' lang='lat' dir='ltr'><strong>typi</strong></span> <span class='ocrx_word' id='word_1_442' title='bbox 800 4069 878 4124; x_wconf 88' lang='lat' dir='ltr'><strong>aenei</strong></span> <span class='ocrx_word' id='word_1_443' title='bbox 897 4070 943 4127; x_wconf 90' lang='lat' dir='ltr'><strong>fol.</strong></span> <span class='ocrx_word' id='word_1_444' title='bbox 963 4084 1020 4139; x_wconf 89' lang='lat' dir='ltr'><strong>seq.</strong></span> <span class='ocrx_word' id='word_1_445' title='bbox 1045 4076 1109 4123; x_wconf 90' lang='lat' dir='ltr'><strong>snnt</strong></span> <span class='ocrx_word' id='word_1_446' title='bbox 1125 4067 1192 4138; x_wconf 88' lang='lat' dir='ltr'><strong>picti</strong></span> <span class='ocrx_word' id='word_1_447' title='bbox 1215 4075 1272 4123; x_wconf 90' lang='lat' dir='ltr'><strong>tres</strong></span> <span class='ocrx_word' id='word_1_448' title='bbox 1298 4067 1445 4137; x_wconf 86' lang='lat' dir='ltr'><strong>pentagoni</strong></span> <span class='ocrx_word' id='word_1_449' title='bbox 1467 4066 1496 4122; x_wconf 88' lang='lat' dir='ltr'><strong>iu</strong></span> <span class='ocrx_word' id='word_1_450' title='bbox 1519 4065 1606 4137; x_wconf 88' lang='lat' dir='ltr'><strong>plani·</strong></span> 
     </span>
     <span class='ocr_line' id='line_1_43' title="bbox 248 4146 589 4203; baseline -0.009 0"><span class='ocrx_word' id='word_1_451' title='bbox 248 4147 314 4203; x_wconf 71' lang='lat' dir='ltr'><strong>dem</strong></span> <span class='ocrx_word' id='word_1_452' title='bbox 332 4146 409 4202; x_wconf 78' lang='lat' dir='ltr'><strong>amati</strong></span> <span class='ocrx_word' id='word_1_453' title='bbox 428 4153 456 4201; x_wconf 91' lang='lat' dir='ltr'><strong>et</strong></span> <span class='ocrx_word' id='word_1_454' title='bbox 472 4147 589 4203; x_wconf 85' lang='lat' dir='ltr'><strong>hlautes.</strong></span> 
     </span>
    </p>
   </div>
   <div class='ocr_carea' id='block_1_12' title="bbox 247 4237 1691 4408">
    <p class='ocr_par' dir='ltr' id='par_1_15' title="bbox 247 4237 1691 4408">
     <span class='ocr_line' id='line_1_44' title="bbox 332 4237 1691 4321; baseline -0.002 -21"><span class='ocrx_word' id='word_1_455' title='bbox 332 4239 435 4300; x_wconf 86' lang='lat' dir='ltr'>XVII.</span> <span class='ocrx_word' id='word_1_456' title='bbox 457 4239 698 4318; x_wconf 82' lang='lat' dir='ltr'><strong>ProposItio.</strong></span> <span class='ocrx_word' id='word_1_457' title='bbox 743 4241 853 4318; x_wconf 82' lang='lat' dir='ltr'><strong>Figura</strong></span> <span class='ocrx_word' id='word_1_458' title='bbox 866 4242 1072 4321; x_wconf 82' lang='lat' dir='ltr'><strong>imparilatara,</strong></span> <span class='ocrx_word' id='word_1_459' title='bbox 1088 4243 1173 4318; x_wconf 87' lang='lat' dir='ltr'><strong>cujus</strong></span> <span class='ocrx_word' id='word_1_460' title='bbox 1188 4247 1327 4321; x_wconf 85' lang='lat' dir='ltr'><strong>aptantur</strong></span> <span class='ocrx_word' id='word_1_461' title='bbox 1341 4240 1482 4301; x_wconf 85' lang='lat' dir='ltr'><strong>lateribus</strong></span> <span class='ocrx_word' id='word_1_462' title='bbox 1495 4237 1606 4316; x_wconf 67' lang='grc' dir='ltr'>Ηςεεεε</span> <span class='ocrx_word' id='word_1_463' title='bbox 1687 4256 1691 4263; x_wconf 63' lang='grc'><em>“</em></span> 
     </span>
     <span class='ocr_line' id='line_1_45' title="bbox 247 4325 1605 4408; baseline -0.004 -19"><span class='ocrx_word' id='word_1_464' title='bbox 247 4328 370 4389; x_wconf 86' lang='lat' dir='ltr'><strong>duarum</strong></span> <span class='ocrx_word' id='word_1_465' title='bbox 390 4329 562 4407; x_wconf 87' lang='lat' dir='ltr'><strong>specierum,</strong></span> <span class='ocrx_word' id='word_1_466' title='bbox 585 4344 644 4388; x_wconf 92' lang='lat' dir='ltr'><strong>non</strong></span> <span class='ocrx_word' id='word_1_467' title='bbox 667 4333 765 4407; x_wconf 87' lang='lat' dir='ltr'><strong>potest</strong></span> <span class='ocrx_word' id='word_1_468' title='bbox 778 4329 898 4407; x_wconf 62' lang='lat' dir='ltr'><strong>aequm</strong></span> <span class='ocrx_word' id='word_1_469' title='bbox 913 4330 1007 4391; x_wconf 86' lang='lat' dir='ltr'><strong>forma</strong></span> <span class='ocrx_word' id='word_1_470' title='bbox 1021 4331 1159 4390; x_wconf 88' lang='lat' dir='ltr'><strong>omnibus</strong></span> <span class='ocrx_word' id='word_1_471' title='bbox 1178 4330 1295 4408; x_wconf 90' lang='lat' dir='ltr'><strong>angulis</strong></span> <span class='ocrx_word' id='word_1_472' title='bbox 1318 4345 1489 4390; x_wconf 88' lang='lat' dir='ltr'><strong>concurrere</strong></span> <span class='ocrx_word' id='word_1_473' title='bbox 1511 4325 1559 4386; x_wconf 86' lang='lat' dir='ltr'><strong>vel</strong></span> <span class='ocrx_word' id='word_1_474' title='bbox 1576 4327 1605 4383; x_wconf 92' lang='lat' dir='ltr'><strong>in</strong></span> 
     </span>
    </p>
   </div>
   <div class='ocr_carea' id='block_1_13' title="bbox 248 4410 1607 4650">
    <p class='ocr_par' dir='ltr' id='par_1_16' title="bbox 248 4410 1607 4650">
     <span class='ocr_line' id='line_1_46' title="bbox 248 4410 586 4496; baseline 0.003 -21"><span class='ocrx_word' id='word_1_475' title='bbox 248 4416 336 4496; x_wconf 89' lang='lat' dir='ltr'><strong>plano</strong></span> <span class='ocrx_word' id='word_1_476' title='bbox 360 4416 407 4476; x_wconf 86' lang='lat' dir='ltr'><strong>rel</strong></span> <span class='ocrx_word' id='word_1_477' title='bbox 430 4418 459 4474; x_wconf 93' lang='lat' dir='ltr'><strong>in</strong></span> <span class='ocrx_word' id='word_1_478' title='bbox 481 4410 586 4476; x_wconf 81' lang='lat' dir='ltr'><strong>solido.</strong></span> 
     </span>
     <span class='ocr_line' id='line_1_47' title="bbox 334 4494 1607 4571; baseline -0.002 -18"><span class='ocrx_word' id='word_1_479' title='bbox 334 4499 404 4553; x_wconf 89' lang='lat' dir='ltr'><strong>Nam</strong></span> <span class='ocrx_word' id='word_1_480' title='bbox 421 4498 453 4555; x_wconf 85' lang='lat' dir='ltr'><strong>fit</strong></span> <span class='ocrx_word' id='word_1_481' title='bbox 469 4497 497 4552; x_wconf 91' lang='lat' dir='ltr'><strong>iu</strong></span> <span class='ocrx_word' id='word_1_482' title='bbox 516 4513 571 4553; x_wconf 93' lang='lat' dir='ltr'><strong>uno</strong></span> <span class='ocrx_word' id='word_1_483' title='bbox 589 4497 675 4568; x_wconf 87' lang='lat' dir='ltr'><strong>ipsius</strong></span> <span class='ocrx_word' id='word_1_484' title='bbox 693 4498 864 4570; x_wconf 88' lang='lat' dir='ltr'><strong>angulorum,</strong></span> <span class='ocrx_word' id='word_1_485' title='bbox 882 4506 914 4555; x_wconf 92' lang='lat' dir='ltr'><strong>nt</strong></span> <span class='ocrx_word' id='word_1_486' title='bbox 926 4499 1048 4571; x_wconf 74' lang='lat' dir='ltr'><strong>eiusdem</strong></span> <span class='ocrx_word' id='word_1_487' title='bbox 1060 4500 1161 4569; x_wconf 88' lang='lat' dir='ltr'><strong>speciei</strong></span> <span class='ocrx_word' id='word_1_488' title='bbox 1172 4499 1277 4570; x_wconf 87' lang='lat' dir='ltr'><strong>figurae</strong></span> <span class='ocrx_word' id='word_1_489' title='bbox 1292 4498 1419 4569; x_wconf 89' lang='lat' dir='ltr'><strong>utriuqne</strong></span> <span class='ocrx_word' id='word_1_490' title='bbox 1432 4501 1514 4565; x_wconf 88' lang='lat' dir='ltr'><strong>stent,</strong></span> <span class='ocrx_word' id='word_1_491' title='bbox 1533 4494 1607 4567; x_wconf 91' lang='lat' dir='ltr'><strong>quod</strong></span> 
     </span>
     <span class='ocr_line' id='line_1_48' title="bbox 248 4577 1427 4650; baseline -0.002 -16"><span class='ocrx_word' id='word_1_492' title='bbox 248 4579 276 4634; x_wconf 91' lang='lat' dir='ltr'><strong>in</strong></span> <span class='ocrx_word' id='word_1_493' title='bbox 294 4578 391 4634; x_wconf 86' lang='lat' dir='ltr'><strong>ceteris</strong></span> <span class='ocrx_word' id='word_1_494' title='bbox 410 4577 516 4648; x_wconf 89' lang='lat' dir='ltr'><strong>angulis</strong></span> <span class='ocrx_word' id='word_1_495' title='bbox 534 4595 590 4634; x_wconf 90' lang='lat' dir='ltr'><strong>non</strong></span> <span class='ocrx_word' id='word_1_496' title='bbox 608 4578 647 4634; x_wconf 81' lang='lat' dir='ltr'><strong>fut.</strong></span> <span class='ocrx_word' id='word_1_497' title='bbox 683 4579 772 4648; x_wconf 87' lang='lat' dir='ltr'><strong>Hujus</strong></span> <span class='ocrx_word' id='word_1_498' title='bbox 787 4580 826 4635; x_wconf 89' lang='lat' dir='ltr'><strong>rei</strong></span> <span class='ocrx_word' id='word_1_499' title='bbox 845 4594 928 4637; x_wconf 90' lang='lat' dir='ltr'><strong>causa</strong></span> <span class='ocrx_word' id='word_1_500' title='bbox 946 4580 1006 4637; x_wconf 86' lang='lat' dir='ltr'><strong>ride</strong></span> <span class='ocrx_word' id='word_1_501' title='bbox 1023 4579 1138 4650; x_wconf 86' lang='lat' dir='ltr'><strong>figuram</strong></span> <span class='ocrx_word' id='word_1_502' title='bbox 1156 4580 1177 4636; x_wconf 83' lang='lat' dir='ltr'>C</span> <span class='ocrx_word' id='word_1_503' title='bbox 1194 4579 1252 4650; x_wconf 76' lang='lat' dir='ltr'><strong>typi</strong></span> <span class='ocrx_word' id='word_1_504' title='bbox 1270 4578 1348 4634; x_wconf 87' lang='lat' dir='ltr'><strong>aenei</strong></span> <span class='ocrx_word' id='word_1_505' title='bbox 1366 4578 1427 4649; x_wconf 64' lang='lat' dir='ltr'><strong>seq.</strong></span> 
     </span>
    </p>
   </div>
   <div class='ocr_carea' id='block_1_14' title="bbox 336 4666 1608 4750">
    <p class='ocr_par' dir='ltr' id='par_1_17' title="bbox 336 4666 1608 4750">
     <span class='ocr_line' id='line_1_49' title="bbox 336 4666 1608 4750; baseline -0.001 -21"><span class='ocrx_word' id='word_1_506' title='bbox 336 4669 455 4729; x_wconf 86' lang='lat' dir='ltr'>XVIII.</span> <span class='ocrx_word' id='word_1_507' title='bbox 478 4671 712 4748; x_wconf 88' lang='lat' dir='ltr'><strong>Propositio.</strong></span> <span class='ocrx_word' id='word_1_508' title='bbox 758 4670 883 4730; x_wconf 90' lang='lat' dir='ltr'><strong>Planum</strong></span> <span class='ocrx_word' id='word_1_509' title='bbox 898 4671 999 4741; x_wconf 60' lang='lat' dir='ltr'><strong>locum,</strong></span> <span class='ocrx_word' id='word_1_510' title='bbox 1010 4672 1218 4750; x_wconf 88' lang='lat' dir='ltr'><strong>perfectissime</strong></span> <span class='ocrx_word' id='word_1_511' title='bbox 1234 4671 1351 4749; x_wconf 85' lang='lat' dir='ltr'><strong>explent</strong></span> <span class='ocrx_word' id='word_1_512' title='bbox 1365 4669 1455 4749; x_wconf 83' lang='lat' dir='ltr'><strong>plena</strong></span> <span class='ocrx_word' id='word_1_513' title='bbox 1475 4666 1608 4747; x_wconf 86' lang='lat' dir='ltr'><strong>ejusdem</strong></span> 
     </span>
    </p>
   </div>
   <div class='ocr_carea' id='block_1_15' title="bbox 249 4758 1608 4992">
    <p class='ocr_par' dir='ltr' id='par_1_18' title="bbox 249 4758 1608 4992">
     <span class='ocr_line' id='line_1_50' title="bbox 251 4758 1428 4837; baseline -0.001 -18"><span class='ocrx_word' id='word_1_514' title='bbox 251 4758 362 4836; x_wconf 83' lang='lat' dir='ltr'><strong>figurae</strong></span> <span class='ocrx_word' id='word_1_515' title='bbox 384 4764 497 4817; x_wconf 90' lang='lat' dir='ltr'><strong>tautum</strong></span> <span class='ocrx_word' id='word_1_516' title='bbox 520 4760 590 4819; x_wconf 87' lang='lat' dir='ltr'><strong>tria:</strong></span> <span class='ocrx_word' id='word_1_517' title='bbox 613 4760 719 4836; x_wconf 89' lang='lat' dir='ltr'><strong>trigoni</strong></span> <span class='ocrx_word' id='word_1_518' title='bbox 744 4760 816 4833; x_wconf 88' lang='lat' dir='ltr'><strong>seui,</strong></span> <span class='ocrx_word' id='word_1_519' title='bbox 839 4764 986 4836; x_wconf 87' lang='lat' dir='ltr'><strong>tetragoni</strong></span> <span class='ocrx_word' id='word_1_520' title='bbox 1008 4762 1149 4837; x_wconf 80' lang='lat' dir='ltr'><strong>quaterni,</strong></span> <span class='ocrx_word' id='word_1_521' title='bbox 1173 4758 1321 4836; x_wconf 83' lang='lat' dir='ltr'><strong>hexagoni</strong></span> <span class='ocrx_word' id='word_1_522' title='bbox 1343 4759 1428 4819; x_wconf 88' lang='lat' dir='ltr'><strong>terni.</strong></span> 
     </span>
     <span class='ocr_line' id='line_1_51' title="bbox 336 4839 1608 4914; baseline 0 -18"><span class='ocrx_word' id='word_1_523' title='bbox 336 4841 407 4896; x_wconf 83' lang='lat' dir='ltr'><strong>Nam</strong></span> <span class='ocrx_word' id='word_1_524' title='bbox 424 4856 474 4909; x_wconf 82' lang='lat' dir='ltr'><strong>per</strong></span> <span class='ocrx_word' id='word_1_525' title='bbox 490 4841 512 4896; x_wconf 92' lang='lat'><strong>1.</strong></span> <span class='ocrx_word' id='word_1_526' title='bbox 532 4843 573 4896; x_wconf 81' lang='lat'><strong>33.</strong></span> <span class='ocrx_word' id='word_1_527' title='bbox 590 4840 673 4909; x_wconf 69' lang='lat' dir='ltr'><strong>hnjns</strong></span> <span class='ocrx_word' id='word_1_528' title='bbox 696 4842 796 4910; x_wconf 84' lang='lat' dir='ltr'><strong>trigoni</strong></span> <span class='ocrx_word' id='word_1_529' title='bbox 814 4839 930 4911; x_wconf 86' lang='lat' dir='ltr'><strong>angulus</strong></span> <span class='ocrx_word' id='word_1_530' title='bbox 949 4849 992 4898; x_wconf 87' lang='lat' dir='ltr'><strong>est</strong></span> <span class='ocrx_word' id='word_1_531' title='bbox 1008 4843 1025 4914; x_wconf 66' lang='lat' dir='ltr'><strong>i</strong></span> <span class='ocrx_word' id='word_1_532' title='bbox 1043 4843 1124 4899; x_wconf 88' lang='lat' dir='ltr'><strong>unius</strong></span> <span class='ocrx_word' id='word_1_533' title='bbox 1135 4842 1211 4912; x_wconf 83' lang='lat' dir='ltr'><strong>renti,</strong></span> <span class='ocrx_word' id='word_1_534' title='bbox 1235 4857 1285 4898; x_wconf 83' lang='lat' dir='ltr'><strong>sex</strong></span> <span class='ocrx_word' id='word_1_535' title='bbox 1297 4855 1362 4911; x_wconf 84' lang='lat' dir='ltr'><strong>argo</strong></span> <span class='ocrx_word' id='word_1_536' title='bbox 1375 4841 1467 4911; x_wconf 88' lang='lat' dir='ltr'><strong>auguli</strong></span> <span class='ocrx_word' id='word_1_537' title='bbox 1480 4855 1608 4898; x_wconf 87' lang='lat' dir='ltr'><strong>sanorum</strong></span> 
     </span>
     <span class='ocr_line' id='line_1_52' title="bbox 249 4919 984 4992; baseline 0.004 -15"><span class='ocrx_word' id='word_1_538' title='bbox 249 4920 418 4992; x_wconf 88' lang='lat' dir='ltr'><strong>trigonorum</strong></span> <span class='ocrx_word' id='word_1_539' title='bbox 436 4928 501 4976; x_wconf 84' lang='lat' dir='ltr'><strong>snut</strong></span> <span class='ocrx_word' id='word_1_540' title='bbox 523 4920 565 4991; x_wconf 58' lang='lat' dir='ltr'><strong>tf,</strong></span> <span class='ocrx_word' id='word_1_541' title='bbox 583 4919 611 4975; x_wconf 90' lang='lat' dir='ltr'><strong>ld</strong></span> <span class='ocrx_word' id='word_1_542' title='bbox 629 4928 673 4976; x_wconf 88' lang='lat' dir='ltr'><strong>est</strong></span> <span class='ocrx_word' id='word_1_543' title='bbox 690 4921 707 4974; x_wconf 82' lang='lat'>4</span> <span class='ocrx_word' id='word_1_544' title='bbox 724 4921 834 4992; x_wconf 73' lang='lat' dir='ltr'><strong>integri:</strong></span> <span class='ocrx_word' id='word_1_545' title='bbox 859 4921 931 4980; x_wconf 81' lang='lat' dir='ltr'><strong>Vide</strong></span> <span class='ocrx_word' id='word_1_546' title='bbox 948 4922 984 4981; x_wconf 82' lang='lat' dir='ltr'><strong>li.</strong></span> 
     </span>
    </p>
   </div>
   <div class='ocr_carea' id='block_1_16' title="bbox 0 0 1803 5625">
    <p class='ocr_par' dir='ltr' id='par_1_19' title="bbox 0 0 1803 5625">
     <span class='ocr_line' id='line_1_53' title="bbox 0 0 1803 5625; baseline 0 0"><span class='ocrx_word' id='word_1_547' title='bbox 0 0 1803 5625; x_wconf 95' lang='lat' dir='ltr'><strong> </strong></span> 
     </span>
    </p>
   </div>
  </div>
 </body>
</html>
