3567 5625
659 417 743 473 Liber
758 417 805 473 Ill.
824 417 912 488 caput
927 418 988 473 vn.
1435 422 1498 483 256

233 595 311 672 Quid
334 597 415 673 quod
437 604 467 656 et
488 615 591 657 sensus
613 597 733 674 quidam
755 596 801 657 vel
825 604 921 656 tactus
944 595 991 655 vel
1014 594 1132 655 auditus
1147 595 1274 658 Telluris
1293 598 1384 674 globo
1406 598 1526 657 inesse,

149 684 279 757 videtur,
314 694 484 759 argumento
515 684 585 759 lroc,
617 686 696 762 quod
724 688 868 744 constanti
891 685 1079 762 plurimarum
1102 688 1323 760 provinciarum
1347 684 1502 744 traditione

148 771 350 845 confirmatur,
379 777 403 830 si
434 774 499 849 quis
528 775 556 829 in
580 773 786 831 altissimorum
816 776 958 831 montium
986 774 1138 832 eacumina
1161 776 1281 847 enisus,
1313 771 1446 851 lapillum
1472 773 1502 828 in

147 860 261 932 biatus,
293 876 367 934 qnos
390 861 500 919 babent
521 859 563 917 illi
587 861 842 936 profundissimos,
866 860 1013 935 conjiciat,
1035 860 1112 919 uude
1134 859 1211 919 solet
1234 864 1355 920 excitari
1378 862 1500 932 sorbus,
1555 904 1558 913 .

149 954 199 1006 aut
221 949 247 1004 si
269 949 299 1003 in
321 947 418 1011 lacurn
441 956 611 1031 montanum
633 946 698 1022 (qui
721 947 823 1025 procul
842 946 934 1005 dubio
958 956 987 1006 et
1010 949 1065 1022 ipsi
1088 947 1178 1005 iundo
1194 944 1320 1030 carent),
1343 949 1501 1023 evestigio

60 1037 65 1049 '
148 1044 338 1109 tempestates
361 1037 491 1094 excitari.
536 1034 585 1094 Sic
613 1037 690 1093 enirn
713 1046 742 1093 et
765 1034 921 1107 animalia,
951 1037 975 1092 si
1005 1037 1072 1110 quis
1104 1037 1133 1091 in
1163 1044 1278 1095 teneros
1309 1039 1424 1095 aurium
1446 1051 1501 1093 na·

148 1124 261 1180 riumre
282 1129 396 1181 meatus
430 1121 551 1181 titillans
587 1122 697 1198 aliquid
721 1125 845 1193 inserat,
878 1121 997 1181 borrore
1021 1132 1154 1199 correpta
1176 1133 1265 1199 caput
1288 1131 1429 1200 quassant
1450 1131 1502 1180 aut

150 1212 179 1267 in
202 1226 304 1268 cursus
326 1226 358 1269 se
380 1211 583 1285 praecipitant

236 1297 312 1357 Sunt
333 1305 366 1355 et
384 1298 429 1356 sui
452 1299 536 1356 certis
559 1296 683 1356 Telluris
706 1297 848 1355 tractibus
870 1295 1028 1371 languores
1044 1303 1073 1354 et
1088 1297 1219 1356 internae
1243 1300 1387 1356 viscerum
1411 1297 1501 1356 vicis-

150 1382 308 1460 situdines;
330 1383 475 1443 interdum
498 1386 575 1443 euim
590 1384 710 1443 humore
731 1385 821 1442 nimio
838 1383 997 1455 abundant,
1022 1383 1165 1442 interdum
1188 1384 1332 1444 cruditate
1354 1393 1405 1444 aut
1428 1400 1501 1444 cou-

152 1475 290 1531 coctiouis
314 1472 531 1548 imperfectione
554 1472 702 1544 laborant,
730 1470 848 1547 quaudo
879 1470 945 1530 loco
979 1469 1145 1546 pluviarum
1167 1476 1407 1549 tempestivarum
1430 1475 1501 1531 meri

153 1562 230 1617 venti
252 1562 445 1636 proveniunt,
469 1559 614 1618 interdum
636 1559 727 1619 veluti
759 1576 849 1617 causa
881 1566 1014 1632 correpta
1045 1558 1117 1616 nibil
1140 1559 1283 1635 humoris,
1314 1559 1366 1619 sed
1391 1576 1442 1637 pro
1465 1576 1500 1618 eo

153 1647 324 1722 sulphureos
346 1645 454 1706 balitus
477 1658 529 1706 aut
551 1647 684 1707 madores
713 1646 884 1722 pestilentes
918 1644 1070 1705 exsudant
1115 1644 1221 1723 Itaque
1249 1664 1308 1706 non
1343 1647 1448 1724 iniuria
1469 1649 1500 1704 in

153 1734 225 1794 libro
248 1734 284 1793 de
306 1733 393 1792 Nova
413 1733 505 1793 Stella
528 1733 578 1794 iol.
604 1737 674 1793 173.
701 1740 743 1805 (li.
761 1737 829 1804 721.)
856 1750 956 1791 omnes
980 1735 1175 1792 concoctionis
1198 1733 1367 1806 facultates,
1391 1743 1502 1793 attrac-

155 1823 261 1895 tricem,
285 1825 476 1895 retenuicem,
499 1821 679 1896 epultricem,
702 1820 806 1879 imilla
821 1820 1004 1895 quaerendas
1027 1819 1174 1894 admonui,
1199 1824 1308 1899 quippe
1330 1822 1433 1882 barum
1455 1821 1501 1882 ai*-

155 1909 294 1968 iectiones
314 1916 385 1966 suut
404 1908 497 1967 morbi
521 1908 572 1966 illl.

239 1994 316 2071 Quid
347 2012 416 2055 vero
447 1995 569 2053 similius
598 2003 642 2054 est
670 1995 868 2070 respirationis
897 1992 1066 2053 animalium
1097 1998 1273 2054 terrestrium
1303 2004 1334 2055 et
1358 1998 1502 2074 imprimis

155 2085 389 2159 reciprocationis
411 2082 490 2140 illius
513 2084 651 2159 piscium,
682 2081 752 2140 dum
780 2083 899 2141 sorbent
928 2098 1021 2157 aquas
1051 2099 1099 2141 ore
1128 2085 1349 2160 exprimuntque
1373 2086 1501 2143 vicissim

154 2187 204 2245 per
226 2169 395 2243 brauebias,
419 2187 506 2244 quam
529 2169 579 2229 ille
602 2170 743 2227 mirabilis
764 2167 863 2227 fluxus
883 2179 912 2227 et
935 2169 1061 2228 refluxus
1085 2173 1186 2229 oceani
1209 2171 1420 2244 semiditonus,
1450 2175 1500 2247 qui

156 2259 207 2317 etsi
231 2257 269 2316 ad
284 2256 386 2315 Lunae
408 2268 504 2316 motus
519 2274 550 2316 se
573 2255 783 2328 accommodat,
805 2259 848 2314 sic
871 2264 903 2314 ut
925 2256 1076 2331 probabile
1091 2257 1163 2315 mibi
1184 2260 1223 2316 sit
1244 2260 1340 2317 visum
1363 2263 1391 2316 in
1414 2276 1502 2336 prae·

153 2345 262 2404 latione
284 2343 563 2403 Commentariorum
585 2343 704 2419 Martis,
733 2343 827 2401 undas
850 2362 869 2402 a
890 2343 976 2401 Luna
997 2344 1088 2416 trabi,
1117 2354 1151 2403 ut
1178 2347 1284 2405 terrum
1315 2363 1334 2404 a
1356 2354 1500 2421 magnete,

156 2435 260 2492 virtute
282 2448 423 2507 corporea
445 2434 584 2490 unitionis
606 2449 771 2508 corporum,
795 2430 873 2506 quod
898 2442 927 2488 et
949 2447 1041 2508 nuper
1063 2433 1091 2487 in
1114 2432 1330 2507 prolegomenis
1355 2433 1501 2510 preme·

155 2519 255 2591 ridum,
279 2536 338 2595 quo
360 2518 426 2577 loco
450 2518 575 2577 Davidls
598 2519 724 2578 Fabricii
753 2520 919 2594 opinionem
942 2521 1085 2590 examino,
1109 2523 1211 2595 repetii
1234 2529 1274 2585 (ll
1292 2526 1379 2585 tior:
1403 2529 1501 2579 tamen

154 2607 267 2681 siquis
290 2606 433 2682 disputet,
456 2605 603 2665 Tellurem
625 2604 663 2663 ad
686 2604 765 2664 Solis
788 2612 817 2663 et
838 2604 941 2663 Lunae
963 2612 1073 2663 motum
1097 2606 1317 2665 accommodare
1339 2624 1422 2666 suam
1446 2625 1501 2666 ve·

154 2693 205 2752 luti
228 2695 467 2777 respirationem,
492 2696 568 2752 sicut
590 2693 728 2771 animalia
750 2693 845 2751 somni
867 2692 1093 2769 vigiliarumque
1116 2692 1331 2753 vicissitudines
1354 2708 1419 2755 cum
1442 2693 1500 2752 diei

154 2784 308 2857 noctisque
329 2780 439 2840 babent
462 2781 595 2840 casdem:
621 2783 697 2840 huuc
719 2796 774 2856 epo
797 2797 855 2839 uon
879 2781 985 2856 iniquis
1008 2781 1125 2840 auribus
1149 2781 1326 2842 audiendum
1349 2784 1377 2839 in
1400 2781 1500 2860 pbilo-

156 2869 259 2945 sopbia
281 2872 451 2941 censuerim,
476 2871 644 2944 praesertim
666 2871 691 2927 si
714 2867 866 2927 accederet
887 2868 1009 2944 aliquod
1025 2869 1163 2928 iudicium
1185 2870 1356 2929 flexibilium
1379 2871 1407 2927 in
1430 2887 1501 2946 pro·

155 2957 244 3015 tundo
267 2955 376 3015 Terrae
403 2959 544 3032 partium,
578 2973 653 3031 quae
686 2959 778 3013 vicem
810 2959 972 3015 sustineant
1003 2958 1174 3031 pulmonum
1204 2966 1256 3015 aut
1290 2958 1500 3016 branchiarum.

154 3043 228 3103 Narn
251 3045 276 3103 si
300 3043 367 3102 talis
389 3043 491 3119 aliqua
513 3052 618 3101 natura
640 3044 679 3101 sit
700 3043 833 3116 illarum,
862 3044 959 3119 qualis
988 3053 1033 3102 est
1063 3048 1138 3103 ae'ris
1161 3048 1260 3116 nostri,
1285 3044 1500 3104 condensabilis

153 3138 182 3189 et
203 3130 362 3202 extensilis,
383 3131 446 3205 jam
469 3147 526 3189 non
550 3147 623 3206 opus
646 3131 699 3188 erit
722 3128 759 3188 ad
773 3130 848 3188 banc
863 3133 1082 3207 respirationem
1104 3141 1184 3190 ructu
1208 3132 1369 3207 superficiei
1385 3133 1500 3204 Terrae,

153 3219 280 3294 analogo
302 3216 414 3276 scilicet
436 3218 526 3276 motui
549 3217 747 3277 musculorum
770 3216 1014 3294 diaphragmatis,
1044 3221 1072 3275 in
1104 3236 1223 3296 corpore
1253 3220 1380 3280 humano
1407 3222 1502 3296 respi-

152 3315 243 3364 rante.
297 3303 381 3379 Quae
409 3323 479 3364 vero
507 3307 599 3382 possit
633 3306 728 3379 aptior
756 3322 820 3362 esse
848 3309 923 3364 ratio
952 3307 1128 3381 receptionis
1155 3323 1304 3382 aquarum·
1325 3309 1502 3367 marinarum

153 3396 308 3451 introrsum
330 3394 360 3449 in
384 3392 510 3451 culinam
532 3393 623 3452 veluti
646 3390 845 3464 metallorum,
879 3396 936 3451 nisi
958 3392 1031 3451 baec
1052 3396 1118 3469 ipsa
1145 3411 1198 3470 per
1219 3397 1335 3468 euripos
1358 3398 1431 3454 istos
1453 3412 1502 3453 sc-

152 3480 314 3537 midiurnos
336 3479 517 3555 perpetuos?
562 3478 639 3554 Quid
662 3478 743 3537 aliud
765 3482 907 3556 suspicari
929 3479 999 3538 iacit
1021 3497 1107 3539 casus
1129 3480 1179 3539 ille
1201 3482 1360 3556 mirabilis,
1384 3482 1501 3557 quando

154 3568 255 3643 paucis
277 3568 362 3624 anum
384 3575 452 3626 aute
475 3584 563 3641 quam
584 3568 749 3643 frequentia
777 3579 968 3626 mercatorum
991 3559 1182 3643 Antv'erpiam
1211 3567 1370 3640 desereret,
1402 3569 1496 3627 fluxus

156 3665 184 3712 et
204 3654 332 3712 refluxus
355 3669 496 3724 oceanum
519 3655 565 3712 die
589 3654 715 3729 quodam
739 3653 866 3712 deseruit
893 3653 1102 3733 (exterruitque
1133 3657 1283 3714 civitatem
1306 3672 1364 3714 non
1388 3655 1501 3714 medio·

156 3736 267 3822 ariter),
289 3740 374 3799 Luna
397 3757 511 3800 cursum
533 3759 618 3799 suum
639 3759 697 3800 nou
721 3739 871 3799 deseruit?
903 3741 1046 3799 Nimirum
1068 3740 1159 3801 Terra
1182 3745 1247 3817 ipsa
1269 3759 1389 3820 compos
1413 3743 1500 3818 bujus
1544 3788 1547 3796 ,

156 3830 409 3906 reciprocationis,
437 3828 506 3888 licet
527 3827 577 3886 illa
599 3837 679 3887 motu
709 3827 833 3885 naturali
866 3830 1036 3904 participet,
1067 3832 1210 3888 continuit
1231 3847 1320 3889 uuam
1342 3830 1421 3888 illius
1444 3829 1501 3889 diei

158 3917 385 3991 respirationem,
408 3917 484 3975 sicut
505 3918 667 3974 animantes
683 3913 825 3973 interdum
841 3917 989 3974 continent
1005 3919 1140 3989 animam,
1164 3920 1300 3994 quamvis
1314 3927 1411 3977 motus
1435 3915 1501 3975 dia·

158 4003 334 4078 pbragmatis
364 4005 427 4078 ipse
454 4004 541 4061 etiam
569 4001 698 4062 naturali
726 4004 832 4060 mixtus
862 4005 909 4060 sit.
954 4001 1129 4079 Quanquam
1151 4008 1257 4064 rectius
1280 4005 1353 4065 lorte
1376 4007 1503 4081 respira·

159 4090 263 4148 tionem
287 4090 432 4164 aliquam,
456 4089 563 4148 Terrae
585 4093 788 4162 necessariam,
811 4107 848 4150 cx
870 4092 987 4150 animae
1009 4095 1182 4167 praesentia,
1205 4111 1294 4168 quam
1315 4095 1444 4153 animam
1466 4110 1502 4153 ex

160 4180 355 4253 respiratione,
378 4178 604 4253 probaverimus.
1287 4241 1289 4244 ,

241 4264 318 4323 Nam
340 4271 372 4322 ut
390 4271 450 4333 jam
472 4264 554 4324 velut
576 4284 606 4323 re
630 4274 722 4336 certa,
755 4265 833 4341 quod
857 4266 896 4324 sit
924 4267 953 4322 in
976 4264 1095 4325 Tellure
1118 4268 1228 4340 anima,
1259 4266 1297 4324 ad
1321 4265 1503 4344 contempla-

125 4381 129 4386 ·
160 4352 264 4410 donem
292 4350 357 4427 ejus
387 4354 531 4411 essentiae
561 4354 728 4425 veniamus,
761 4352 898 4429 equidem
926 4353 976 4412 illa
1012 4370 1069 4412 non
1097 4362 1209 4412 tautum
1240 4353 1339 4430 aliqua
1368 4354 1418 4413 lux
1448 4361 1502 4425 est,

161 4438 251 4511 qualis
274 4449 320 4522 est
342 4440 451 4512 ignium
475 4449 504 4498 et
526 4440 771 4514 ducisdularum,
794 4458 813 4498 a
835 4458 867 4500 se
890 4442 957 4516 ipsa
978 4440 1121 4517 pendeus,
1146 4459 1203 4499 non
1225 4443 1264 4499 ab
1288 4441 1502 4522 illuminatione

161 4540 195 4582 ex
208 4525 284 4599 Sole,
307 4533 477 4601 argumento
491 4526 564 4598 boc,
589 4527 667 4602 quod
689 4527 803 4587 lucidos
825 4527 1007 4604 planetarum
1021 4526 1120 4586 radios
1142 4528 1359 4603 quodammodo
1382 4545 1503 4604 persen·

161 4611 257 4688 tiscat3
279 4612 333 4672 sed
355 4612 441 4689 plane
463 4614 580 4673 damma
602 4613 746 4690 quaedam
767 4633 832 4674 esse
858 4616 974 4675 videtur
996 4610 1203 4696 (respiratione
1227 4616 1339 4675 scilicet
1362 4634 1414 4675 seu
1437 4633 1502 4674 sor-

161 4698 266 4760 bitione
288 4696 448 4780 fovenda),
480 4712 648 4777 argumento
673 4701 776 4761 caloris
799 4703 979 4762 subterranei
1001 4705 1132 4778 perpetui
1156 4711 1185 4762 et
1207 4702 1370 4782 sensibilis,
1401 4702 1501 4778 cujus-

160 4786 237 4845 modi
257 4790 320 4848 sine
345 4789 443 4846 aalma
456 4789 554 4849 nullus
577 4798 645 4848 actu
659 4790 688 4845 in
710 4792 832 4849 materia
847 4790 926 4849 nuda
948 4798 1102 4866 perennat3
1126 4798 1156 4848 at
1170 4807 1207 4849 ue
1228 4793 1361 4865 potentia
1383 4789 1501 4867 quidem

158 4874 233 4934 inser
254 4878 285 4933 in
306 4875 395 4936 rebus
416 4876 456 4936 ab
477 4876 647 4936 animalium
667 4879 858 4953 stirpiumque
880 4877 1045 4938 substantia
1059 4879 1240 4953 meantibus,
1263 4880 1320 4937 uisi
1342 4878 1381 4939 ab
1403 4880 1501 4938 anima
1548 4925 1556 4950 ,
