3567 5625
754 427 895 500 apologia
1051 381 1059 402 Ι
1388 425 1391 434 ’
1433 436 1496 499 tlt
1556 435 1560 446 ’

145 626 281 756 (11111111οῇ.
309 610 437 670 inveniet
467 611 554 686 louge
584 609 673 669 aliam
706 608 808 669 Martis
840 607 993 687 periodum
1021 615 1178 685 ceteraque
1210 611 1269 669 tais
1302 619 1359 671 non
1395 575 1501 690 parum

177 715 250 757 ssim
274 715 311 756 ra.

235 784 295 845 Sed
323 786 440 861 quaeris
464 778 534 864 (nec
561 784 617 843 hoc
648 783 757 844 insulse
787 783 898 843 dictum
927 779 1007 864 ris):
1037 799 1104 842 cunr
1135 783 1318 860 planetarum
1340 794 1437 846 motus
1468 789 1498 846 111
1609 802 1619 810 ·

145 879 279 949 tempore
300 872 360 946 fiat,
383 874 434 931 c'ur
456 888 512 947 ego
535 880 697 949 temporum
720 874 894 934 varietatem
915 870 1068 931 recusem?
1113 869 1190 946 Quia
1211 889 1270 932 uon
1294 891 1394 947 omne,
1418 874 1497 950 quod

145 977 215 1022 cum
236 962 365 1020 motibus
389 967 434 1019 eet
456 958 652 1035 conjunctum,
677 963 821 1019 concurrit
842 968 873 1018 et
894 959 932 1018 ad
955 959 1130 1022 harmonias.
1176 959 1256 1020 Nihil
1279 965 1356 1021 euim
1384 962 1423 1020 ad
1446 979 1498 1023 eas

72 1091 77 1101 .
145 1048 242 1107 iacies·
262 1047 363 1108 Lunae
387 1047 555 1120 variabilis,
584 1049 639 1107 etsi
661 1063 719 1105 nou
742 1048 804 1106 sine
826 1046 883 1106 hac
910 1045 1040 1106 succedit
1063 1046 1164 1106 Lunae
1189 1057 1297 1108 motus.
1344 1046 1497 1124 Quatenus

146 1153 218 1195 nero
242 1135 367 1195 tarditas
389 1134 436 1192 rel
460 1133 593 1194 celeritas
616 1134 690 1194 alias
713 1132 774 1194 alia
796 1132 932 1194 definitur
952 1150 1004 1212 per
1026 1142 1155 1210 tempus,
1185 1147 1337 1213 respectus
1358 1139 1497 1214 temporis

144 1226 226 1302 prior
249 1223 329 1283 valet
351 1238 406 1282 nec
427 1241 447 1281 a
468 1240 514 1281 me
528 1231 678 1281 recusatus
701 1229 755 1294 est,
777 1229 811 1279 ut
825 1220 895 1280 dixi.
940 1220 999 1280 Sed
1018 1238 1115 1297 neque
1130 1222 1187 1282 hoc
1202 1221 1384 1286 dissimulare
1399 1241 1497 1284 coram

146 1311 257 1370 lectore
280 1327 345 1370 meo
368 1327 506 1386 possum,
539 1311 753 1369 concinniorem
775 1311 804 1367 ln
827 1325 894 1368 meo
916 1325 1004 1390 opere
1032 1326 1121 1385 quam
1143 1310 1191 1370 hio
1219 1310 1298 1388 apud
1323 1321 1351 1370 te
1374 1313 1497 1372 moeniti

145 1415 254 1457 vocum
285 1399 413 1457 musicae
442 1397 583 1474 figuratae
612 1396 845 1456 distributionem
875 1398 949 1455 inter
974 1396 1117 1474 planetas.
1160 1397 1236 1457 Nam
1265 1398 1303 1459 ad
1331 1397 1497 1459 harmonias

145 1486 272 1546 duorum
295 1485 367 1543 nihil
389 1487 522 1557 interest,
541 1493 605 1544 tota
627 1484 769 1561 cujusque
791 1483 930 1560 periodus
952 1492 1025 1559 quot
1047 1489 1161 1542 constet
1183 1483 1296 1559 diebus,
1320 1485 1372 1545 sed
1390 1489 1497 1562 quonia

145 1583 296 1634 momento
316 1583 407 1649 quam
430 1575 469 1630 sit
485 1572 554 1648 ejus
577 1583 673 1631 motus
696 1571 796 1631 tardus
819 1563 867 1631 vel
891 1570 987 1645 velox,
1011 1571 1068 1630 hoc
1083 1572 1211 1647 interest,
1235 1575 1264 1632 in
1284 1573 1404 1651 periodo
1427 1590 1497 1634 voro

146 1662 290 1722 contusae
312 1663 411 1719 insunt
434 1676 534 1719 omnes
556 1660 708 1719 tarditates
730 1658 964 1734 celeritatesque,

234 1748 454 1808 Semibreribus
477 1755 630 1808 contentus
658 1748 698 1805 lui
722 1746 892 1823 plerumque
922 1762 1012 1805 sonos
1033 1762 1114 1806 meos
1136 1747 1266 1824 signare,
1297 1765 1356 1807 nou
1379 1758 1496 1825 propter

147 1838 361 1912 iuramentiu‘m
388 1835 647 1911 miliariorum„
666 1833 925 1912 differentiarum,
957 1832 1009 1892 sed
1040 1840 1073 1891 ut
1099 1832 1238 1894 haberem
1266 1837 1354 1896 etiam
1387 1839 1416 1894 iu
1446 1845 1497 1896 tuo
1593 1891 1595 1904 ‚
1681 1815 1687 1828 ⁸

146 1941 254 2000 opere,
287 1921 326 1981 ad
358 1921 438 1998 quod
466 1922 603 1981 lectorem
634 1924 827 1996 remitterem,
859 1921 910 1998 qui
937 1929 1072 1980 notarum
1100 1922 1315 1982 arbitraturum
1347 1925 1498 1988 edendam

145 2013 247 2088 magni
270 2011 419 2070 aestimas
538 2041 541 2048 ·

235 2094 383 2174 Oedipum
407 2112 476 2156 sero
499 2096 591 2164 mitte,
614 2095 664 2171 qui
686 2096 824 2171 aenigma
846 2094 916 2153 mihi
939 2094 997 2153 hoc
1018 2102 1101 2153 tuum
1125 2093 1284 2168 dissolvat,
1309 2096 1387 2173 quod
1406 2097 1496 2172 jubes

144 2203 278 2260 corpora
299 2202 368 2243 men
390 2182 600 2260 1111111111νί1
628 2199 738 2243 eonon
759 2185 793 2240 in
815 2185 914 2241 nescio
942 2198 1006 2258 quo
1034 2185 1235 2259 proportione.
1281 2184 1344 2261 ligo
1367 2201 1421 2244 uec
1444 2188 1497 2243 tri·

144 2271 289 2349 angulare
312 2288 416 2348 corpus
439 2273 513 2329 inter
535 2267 675 2330 coelestia
697 2286 861 2348 cognosco,
889 2286 944 2328 nec
965 2284 1054 2328 aouos
1077 2271 1106 2330 iu
1130 2270 1213 2330 coelo
1236 2278 1345 2333 statuo.
1390 2270 1497 2332 ’11111-

145 2361 237 2420 iidron
261 2358 380 2436 quidem
402 2365 500 2416 statuo
524 2359 597 2416 inter
620 2359 705 2418 orbes
727 2356 816 2417 «lovis
839 2366 868 2416 et
891 2355 1005 2429 Martia,
1029 2367 1060 2416 at
1082 2356 1113 2416 id
1135 2373 1193 2416 non
1217 2359 1291 2432 soni,
1315 2357 1368 2418 sed
1390 2360 1498 2436 ampli-

145 2448 256 2508 tudinis
280 2464 378 2506 causa.
423 2444 510 2504 Alias
532 2444 719 2521 postmodum
741 2443 884 2504 accedunt
906 2460 1023 2516 causae,
1047 2461 1123 2521 quae
1146 2453 1243 2504 motus
1266 2445 1371 2505 horum
1392 2446 1499 2524 plane·

145 2545 245 2596 tarum
270 2533 405 2593 ordinant
425 2534 454 2590 in
477 2534 665 2609 proportione
687 2547 825 2592 sonorum
847 2527 1147 2610 concordantium³⁶l

239 2624 368 2694 Asseris,
392 2629 527 2680 notarum
549 2620 779 2696 speculationem
812 2619 946 2696 indicere
969 2620 1084 2694 inperiti
1105 2636 1270 2680 1111111111
1293 2622 1498 2696 inquisitione,

144 2729 198 2769 aec
227 2727 288 2768 ease
315 2711 407 2785 parui
433 2703 593 2780 mummii,
623 2726 702 2784 qnae
730 2715 821 2768 notos
849 2710 911 2765 ant
938 2707 1095 2783 partemue.
1127 2706 1255 2782 Quaere
1283 2721 1388 2767 causas
1417 2709 1497 2766 arbi·

145 2800 253 2861 trariae
276 2797 461 2875 perfectionis
484 2795 667 2868 arbitrariae,
698 2813 757 2855 uon
786 2793 931 2871 impedi03
961 2793 1031 2853 mihi
1061 2793 1097 2855 de
1119 2796 1303 2857 naturalibus
1325 2797 1423 2857 canals
1453 2803 1500 2857 eat

147 2902 261 2959 serm03
286 2893 337 2944 aut
358 2893 391 2943 tu
412 2883 483 2943 mihi
506 2882 606 2956 dicito,
628 2901 705 2960 qaae
728 2898 819 2943 causa
840 2882 984 2943 naturalis
1005 2882 1248 2943 sonos-docuerit
1269 2885 1315 2944 his
1336 2886 1414 2945 uotis
1437 2885 1499 2961 sig·

146 2991 232 3046 nare,
262 2989 322 3031 nou
349 2972 431 3044 aliis,
461 2987 576 3045 quaeve
603 2973 643 3030 sit
672 2988 763 3030 causa
791 2970 951 3044 naturalis,
982 2986 1033 3029 cur
1053 2979 1126 3030 uota
1154 2970 1280 3032 caudata
1309 2973 1349 3032 sit
1369 2973 1499 3050 m'urima,

147 3078 250 3120 careus
283 3057 378 3119 cauda
410 3059 597 3133 semihrenia,
630 3057 773 3134 quadrata
804 3057 926 3116 brevia?
977 3056 1052 3116 111111
1084 3075 1139 3135 ego
1173 3058 1291 3137 quidem
1323 3058 1499 3135 longitudini

146 3148 262 3207 mudae
292 3147 471 3207 censuissem
501 3148 608 3206 rectius
636 3145 769 3207 admetiri
799 3160 853 3205 nos
885 3146 974 3203 etiam
1003 3150 1134 3222 tempus,
1166 3149 1193 3207 si
1221 3149 1278 3208 mel
1312 3164 1358 3208 rea
1387 3147 1499 3207 arbitrii

146 3237 251 3295 inisset
275 3235 367 3293 initio.

237 3320 364 3380 Omnino
394 3335 463 3379 reru
493 3319 616 3378 festivus
646 3338 692 3394 ss,
726 3321 777 3396 qui
799 3337 818 3379 a
840 3326 886 3378 m‘e
910 3319 999 3377 etiam
1024 3335 1142 3393 pausus
1163 3320 1273 3395 erigis,
1306 3337 1371 3380 eum
1393 3321 1499 3391 necin

150 3404 246 3486 pausa
276 3409 315 3465 sit
341 3407 508 3478 harumnia,
537 3405 574 3465 de
604 3424 727 3482 quarum
757 3418 823 3466 ortu
852 3405 923 3464 mihi
954 3404 1163 3482 disputandum
1191 3415 1269 3479 erat,
1303 3424 1356 3467 nec
1385 3407 1500 3467 coeldm

147 3513 286 3574 uuquam
308 3503 428 3573 pauset,
452 3510 508 3569 rgo
532 3509 600 3552 vero
623 3493 794 3554 coelestium
815 3494 1036 3571 proportionum
1058 3506 1148 3552 causa
1169 3495 1342 3571 scripserim.
1393 3512 1401 3533 ·

234 3581 296 3643 Sed
318 3581 384 3640 linis
406 3580 483 3640 hauc
505 3580 638 3658 analysin
663 3588 843 3658 argumento,
868 3579 947 3656 qnod
969 3581 1099 3656 speciem
1120 3579 1210 3639 habet
1231 3598 1290 3641 nou
1309 3587 1498 3641 contemnen-

147 3671 231 3732 dam:
265 3671 390 3729 sienim
419 3670 449 3727 in
472 3667 599 3728 humana
621 3672 733 3729 musica
760 3676 828 3727 sunt
850 3665 1035 3727 adhibendae
1061 3683 1214 3726 mensurae
1242 3677 1419 3745 temporum,
1451 3671 1497 3727 vi·

146 3759 254 3820 deutur
276 3773 329 3817 eae
351 3758 405 3816 tibi
427 3771 482 3817 uec
504 3773 523 3817 a
544 3754 720 3816 coelestibus
742 3758 846 3816 abesse
867 3771 964 3831 posse.
1010 3752 1096 3829 Quod
1119 3754 1271 3815 confirmas
1294 3755 1395 3814 diviua
1409 3754 1497 3814 lern-

147 3847 239 3907 hlicbi
261 3846 415 3917 sententia,
440 3860 517 3919 quae
540 3843 675 3920 equidem
698 3842 807 3904 sellem
827 3846 884 3903 mei
906 3842 974 3901 libri
996 3841 1049 3901 lv.
1074 3844 1172 3920 capita
1194 3845 1223 3901 2.
1246 3852 1278 3923 et
1299 3845 1328 3903 3.
1351 3860 1406 3903 ceu
1429 3859 1497 3921 pre·
1584 3866 1588 3873 ⁴

147 3938 224 3994 tiosa
254 3950 372 4008 gemma
399 3930 513 3991 radiare
536 3931 757 4008 collustrarique
768 3928 823 4010 ⁸³),
855 3931 911 3990 etsi
940 3928 1112 3991 (1111111111
1138 3932 1300 3991 animarum
1331 3948 1367 3988 ex
1388 3930 1497 3989 mundo

150 4019 329 4096 intelligibili
352 4019 535 4079 Christianus
563 4014 651 4079 homo
679 4035 737 4078 uon
768 4018 826 4078 alio
856 4033 943 4076 sensu
974 4025 1071 4094 potest
1100 4020 1229 4095 recipcre
1258 4016 1498 4095 aPy'thagorioo

147 4107 341 4186 philosopho,
364 4124 453 4183 quam
477 4124 563 4183 quem
586 4125 641 4183 ego
664 4107 795 4185 expressi
817 4104 895 4165 dicto
917 4103 968 4167 sol.
994 4107 1073 4181 224,
1102 4114 1246 4182 quatenns
1267 4104 1378 4173 seilicet
1401 4108 1497 4182 imago

149 4199 291 4257 1111111111
314 4197 402 4271 ctiam
424 4193 595 4254 naturaliter
617 4194 726 4255 relucet
748 4196 777 4252 in
801 4193 907 4252 animis
930 4195 1044 4252 creatis.

236 4281 296 4342 Sed
319 4281 357 4342 ad
380 4290 583 4358 argumentum
604 4290 744 4345 revertar.
788 4281 853 4340 Nou
876 4281 1022 4356 sequitur,
1046 4278 1187 4346 Iluberis,
1219 4297 1238 4338 a
1260 4290 1347 4339 cantu
1369 4279 1497 4340 humano

149 4371 186 4430 ad
208 4380 308 4430 motus
331 4367 481 4429 coelestes.
526 4368 602 4429 Nam
627 4376 793 4446 quaesunt
821 4370 851 4426 in
873 4367 1003 4427 humano
1026 4375 1114 4427 cantu
1135 4365 1319 4439 1111111111,
1349 4383 1408 4426 non
1430 4376 1499 4426 suut

148 4458 286 4518 1111111111
313 4474 350 4517 ex
377 4456 546 4516 harmonica
578 4459 844 4534 contemperatione
874 4462 1006 4514 motuum
1036 4453 1222 4528 coelestium,
1256 4453 1308 4513 ssd
1335 4462 1394 4513 tam
1425 4454 1499 4514 haec

148 4564 238 4622 quam
260 4545 322 4617 illa,
346 4543 392 4603 uel
416 4552 467 4604 tuo
483 4542 653 4607 ι111111111111
675 4552 803 4616 auctore,
827 4540 1007 4601 descendunt
1028 4559 1063 4600 ex
1088 4540 1161 4599 ideis
1182 4540 1281 4600 mundi
1297 4541 1498 4619 intelligibilis.

148 4633 232 4694 Sicut
253 4640 360 4692 'autem
384 4630 568 4692 lamblichus
598 4631 796 4695 diversitatem
823 4632 954 4707 ipsarum
982 4630 1144 4688 animarum
1169 4627 1344 4702 introducit,
1375 4645 1499 4706 quarum

135 4739 208 4801 ‚uua
228 4722 344 4796 magis,
378 4720 438 4779 alia
459 4721 555 4779 minus
577 4718 702 4779 atbcitur
724 4718 898 4790 harmoniis,
929 4719 972 4775 sie
994 4714 1086 4774 multo
1109 4715 1202 4791 magle
1225 4714 1341 4776 diversa
1364 4716 1499 4791 subjecta

149 4815 234 4884 aaut,
257 4810 286 4866 ln
310 4807 418 4883 quibus
440 4806 608 4866 harmoniae
629 4803 788 4864 secuudum
811 4805 905 4881 magis
928 4811 958 4867 et
979 4805 1075 4863 minus
1101 4806 1311 4882 repraesentari
1332 4810 1498 4880 potueruut,

153 4897 182 4954 in
210 4896 341 4955 motibus
371 4892 488 4969 quidem
520 4893 702 4970 planetarum
730 4892 889 4953 secundum
919 4909 1008 4952 unum
1039 4889 1135 4955 solum
1164 4893 1303 4968 temporis
1325 4898 1498 4971 respectum,

1277 4997 1344 5059 ut*
