<?xml version="1.0" encoding="UTF-8"?>
<!DOCTYPE html PUBLIC "-//W3C//DTD XHTML 1.0 Transitional//EN"
    "http://www.w3.org/TR/xhtml1/DTD/xhtml1-transitional.dtd">
<html xmlns="http://www.w3.org/1999/xhtml" xml:lang="en" lang="en">
 <head>
  <title>
</title>
<meta http-equiv="Content-Type" content="text/html;charset=utf-8" />
  <meta name='ocr-system' content='tesseract 3.04.00' />
  <meta name='ocr-capabilities' content='ocr_page ocr_carea ocr_par ocr_line ocrx_word'/>
</head>
<body>
  <div class='ocr_page' id='page_1' title='image "./joanniskepleria24frisgoog_0477.png"; bbox 0 0 3567 5625; ppageno 0'>
   <div class='ocr_carea' id='block_1_1' title="bbox 794 397 1537 468">
    <p class='ocr_par' dir='ltr' id='par_1_1' title="bbox 794 397 1537 468">
     <span class='ocr_line' id='line_1_1' title="bbox 794 397 1537 468; baseline 0.017 -16"><span class='ocrx_word' id='word_1_1' title='bbox 794 397 935 468; x_wconf 76' lang='lat' dir='ltr'><strong>Apologia.</strong></span> <span class='ocrx_word' id='word_1_2' title='bbox 1474 403 1537 464; x_wconf 79' lang='lat'><strong><em>453</em></strong></span> 
     </span>
    </p>
   </div>
   <div class='ocr_carea' id='block_1_2' title="bbox 192 573 1633 653">
    <p class='ocr_par' dir='ltr' id='par_1_2' title="bbox 192 573 1633 653">
     <span class='ocr_line' id='line_1_2' title="bbox 192 573 1633 653; baseline 0.004 -19"><span class='ocrx_word' id='word_1_3' title='bbox 192 573 263 635; x_wconf 87' lang='lat' dir='ltr'><strong><em>Non</em></strong></span> <span class='ocrx_word' id='word_1_4' title='bbox 286 578 320 634; x_wconf 91' lang='lat' dir='ltr'><strong><em>in</em></strong></span> <span class='ocrx_word' id='word_1_5' title='bbox 342 575 376 635; x_wconf 91' lang='lat' dir='ltr'><strong><em>id</em></strong></span> <span class='ocrx_word' id='word_1_6' title='bbox 395 595 453 637; x_wconf 86' lang='lat' dir='ltr'><strong><em>esse</em></strong></span> <span class='ocrx_word' id='word_1_7' title='bbox 477 577 591 637; x_wconf 80' lang='lat' dir='ltr'><strong><em>dixeras</em></strong></span> <span class='ocrx_word' id='word_1_8' title='bbox 611 576 806 653; x_wconf 71' lang='lat' dir='ltr'><strong><em>pyramidem</em></strong></span> <span class='ocrx_word' id='word_1_9' title='bbox 828 582 924 649; x_wconf 86' lang='lat' dir='ltr'><strong><em>tuam,</em></strong></span> <span class='ocrx_word' id='word_1_10' title='bbox 947 585 983 638; x_wconf 84' lang='lat' dir='ltr'><strong><em>nt</em></strong></span> <span class='ocrx_word' id='word_1_11' title='bbox 1004 580 1069 652; x_wconf 65' lang='lat' dir='ltr'><strong><em>dus</em></strong></span> <span class='ocrx_word' id='word_1_12' title='bbox 1083 580 1230 638; x_wconf 88' lang='lat' dir='ltr'><strong><em>materiae</em></strong></span> <span class='ocrx_word' id='word_1_13' title='bbox 1252 578 1439 639; x_wconf 70' lang='lat' dir='ltr'><strong><em>identitatem</em></strong></span> <span class='ocrx_word' id='word_1_14' title='bbox 1464 597 1537 640; x_wconf 89' lang='lat' dir='ltr'><strong><em>con·</em></strong></span> <span class='ocrx_word' id='word_1_15' title='bbox 1630 573 1633 578; x_wconf 69' lang='grc'><strong>’</strong></span> 
     </span>
    </p>
   </div>
   <div class='ocr_carea' id='block_1_3' title="bbox 125 664 1560 3100">
    <p class='ocr_par' dir='ltr' id='par_1_3' title="bbox 188 664 1540 917">
     <span class='ocr_line' id='line_1_3' title="bbox 192 664 1540 742; baseline 0.004 -21"><span class='ocrx_word' id='word_1_16' title='bbox 192 664 410 741; x_wconf 78' lang='lat' dir='ltr'><strong><em>sideraremus5</em></strong></span> <span class='ocrx_word' id='word_1_17' title='bbox 440 673 472 723; x_wconf 90' lang='lat' dir='ltr'><strong><em>at</em></strong></span> <span class='ocrx_word' id='word_1_18' title='bbox 499 666 562 741; x_wconf 89' lang='lat' dir='ltr'><strong><em>jam</em></strong></span> <span class='ocrx_word' id='word_1_19' title='bbox 593 664 630 723; x_wconf 89' lang='lat' dir='ltr'><strong><em>ad</em></strong></span> <span class='ocrx_word' id='word_1_20' title='bbox 660 673 785 724; x_wconf 80' lang='lat' dir='ltr'><strong><em>mentem</em></strong></span> <span class='ocrx_word' id='word_1_21' title='bbox 815 681 953 737; x_wconf 80' lang='lat' dir='ltr'>revocas,</span> <span class='ocrx_word' id='word_1_22' title='bbox 982 667 1154 742; x_wconf 70' lang='lat' dir='ltr'><strong><em>pyramidis</em></strong></span> <span class='ocrx_word' id='word_1_23' title='bbox 1180 665 1409 726; x_wconf 74' lang='lat' dir='ltr'><strong><em>mathematicae</em></strong></span> <span class='ocrx_word' id='word_1_24' title='bbox 1438 683 1540 727; x_wconf 87' lang='lat' dir='ltr'><strong><em>omnes</em></strong></span> 
     </span>
     <span class='ocr_line' id='line_1_4' title="bbox 188 752 1537 829; baseline 0.004 -20"><span class='ocrx_word' id='word_1_25' title='bbox 188 759 292 825; x_wconf 83' lang='lat' dir='ltr'><strong><em>partes</em></strong></span> <span class='ocrx_word' id='word_1_26' title='bbox 316 770 374 810; x_wconf 86' lang='lat' dir='ltr'><strong><em>esse</em></strong></span> <span class='ocrx_word' id='word_1_27' title='bbox 395 752 527 826; x_wconf 76' lang='lat' dir='ltr'><strong><em>ejsudem</em></strong></span> <span class='ocrx_word' id='word_1_28' title='bbox 551 755 710 824; x_wconf 87' lang='lat' dir='ltr'><strong><em>materiae,</em></strong></span> <span class='ocrx_word' id='word_1_29' title='bbox 733 769 890 826; x_wconf 82' lang='lat' dir='ltr'><strong><em>unamque</em></strong></span> <span class='ocrx_word' id='word_1_30' title='bbox 912 753 976 825; x_wconf 77' lang='lat' dir='ltr'><strong><em>ejrss</em></strong></span> <span class='ocrx_word' id='word_1_31' title='bbox 996 761 1113 829; x_wconf 87' lang='lat' dir='ltr'><strong><em>partem</em></strong></span> <span class='ocrx_word' id='word_1_32' title='bbox 1136 755 1350 829; x_wconf 83' lang='lat' dir='ltr'><strong><em>homopeneam</em></strong></span> <span class='ocrx_word' id='word_1_33' title='bbox 1372 771 1442 812; x_wconf 77' lang='lat' dir='ltr'><strong><em>narn</em></strong></span> <span class='ocrx_word' id='word_1_34' title='bbox 1464 755 1537 827; x_wconf 88' lang='lat' dir='ltr'><strong><em>alia,</em></strong></span> 
     </span>
     <span class='ocr_line' id='line_1_5' title="bbox 190 838 1416 917; baseline 0.002 -22"><span class='ocrx_word' id='word_1_35' title='bbox 190 838 316 914; x_wconf 81' lang='lat' dir='ltr'><strong><em>ideoque</em></strong></span> <span class='ocrx_word' id='word_1_36' title='bbox 339 838 380 896; x_wconf 92' lang='lat' dir='ltr'><strong><em>ad</em></strong></span> <span class='ocrx_word' id='word_1_37' title='bbox 401 840 554 904; x_wconf 86' lang='lat' dir='ltr'><strong><em>meliorem</em></strong></span> <span class='ocrx_word' id='word_1_38' title='bbox 576 840 699 909; x_wconf 80' lang='lat' dir='ltr'><strong><em>suhjecti</em></strong></span> <span class='ocrx_word' id='word_1_39' title='bbox 720 841 948 914; x_wconf 68' lang='lat' dir='ltr'><strong><em>explicationem</em></strong></span> <span class='ocrx_word' id='word_1_40' title='bbox 973 848 1000 898; x_wconf 90' lang='lat' dir='ltr'><strong><em>te</em></strong></span> <span class='ocrx_word' id='word_1_41' title='bbox 1019 842 1121 917; x_wconf 74' lang='lat' dir='ltr'><strong><em>secisse</em></strong></span> <span class='ocrx_word' id='word_1_42' title='bbox 1141 848 1244 916; x_wconf 86' lang='lat' dir='ltr'><strong><em>partes</em></strong></span> <span class='ocrx_word' id='word_1_43' title='bbox 1267 842 1416 917; x_wconf 76' lang='lat' dir='ltr'><strong><em>crepantes.</em></strong></span> 
     </span>
    </p>

    <p class='ocr_par' dir='ltr' id='par_1_4' title="bbox 125 925 1560 2663">
     <span class='ocr_line' id='line_1_6' title="bbox 280 925 1538 1005; baseline 0.004 -23"><span class='ocrx_word' id='word_1_44' title='bbox 280 926 466 1002; x_wconf 75' lang='lat' dir='ltr'><strong><em>Pyramidum</em></strong></span> <span class='ocrx_word' id='word_1_45' title='bbox 488 937 569 986; x_wconf 89' lang='lat' dir='ltr'><strong><em>taam</em></strong></span> <span class='ocrx_word' id='word_1_46' title='bbox 592 927 661 984; x_wconf 90' lang='lat' dir='ltr'><strong><em>dum</em></strong></span> <span class='ocrx_word' id='word_1_47' title='bbox 684 925 770 985; x_wconf 89' lang='lat' dir='ltr'><strong><em>doces</em></strong></span> <span class='ocrx_word' id='word_1_48' title='bbox 793 926 980 1003; x_wconf 87' lang='lat' dir='ltr'><strong><em>physicarum</em></strong></span> <span class='ocrx_word' id='word_1_49' title='bbox 1003 928 1279 1005; x_wconf 79' lang='lat' dir='ltr'><strong><em>contemplationum</em></strong></span> <span class='ocrx_word' id='word_1_50' title='bbox 1303 945 1394 987; x_wconf 87' lang='lat' dir='ltr'><strong><em>eausa</em></strong></span> <span class='ocrx_word' id='word_1_51' title='bbox 1419 945 1538 1005; x_wconf 88' lang='lat' dir='ltr'><strong><em>expres·</em></strong></span> 
     </span>
     <span class='ocr_line' id='line_1_7' title="bbox 193 1013 1541 1090; baseline 0.004 -21"><span class='ocrx_word' id='word_1_52' title='bbox 193 1029 274 1082; x_wconf 88' lang='lat' dir='ltr'><strong><em>sam,</em></strong></span> <span class='ocrx_word' id='word_1_53' title='bbox 306 1013 512 1084; x_wconf 81' lang='lat' dir='ltr'><strong><em>arcadicis,</em></strong></span> <span class='ocrx_word' id='word_1_54' title='bbox 546 1033 614 1073; x_wconf 89' lang='lat' dir='ltr'><strong><em>eam</em></strong></span> <span class='ocrx_word' id='word_1_55' title='bbox 636 1016 733 1089; x_wconf 69' lang='lat' dir='ltr'><strong><em>mosn&#39;s</em></strong></span> <span class='ocrx_word' id='word_1_56' title='bbox 756 1032 813 1071; x_wconf 87' lang='lat' dir='ltr'><strong><em>esse</em></strong></span> <span class='ocrx_word' id='word_1_57' title='bbox 833 1013 1011 1090; x_wconf 73' lang='lat' dir='ltr'><strong><em>formalem,</em></strong></span> <span class='ocrx_word' id='word_1_58' title='bbox 1041 1032 1135 1090; x_wconf 84' lang='lat' dir='ltr'><strong><em>qnam</em></strong></span> <span class='ocrx_word' id='word_1_59' title='bbox 1165 1023 1201 1074; x_wconf 86' lang='lat' dir='ltr'><strong><em>ut</em></strong></span> <span class='ocrx_word' id='word_1_60' title='bbox 1225 1016 1280 1074; x_wconf 86' lang='lat' dir='ltr'><strong><em>suh</em></strong></span> <span class='ocrx_word' id='word_1_61' title='bbox 1302 1013 1541 1075; x_wconf 76' lang='lat' dir='ltr'><strong><em>consideratione</em></strong></span> 
     </span>
     <span class='ocr_line' id='line_1_8' title="bbox 192 1099 1538 1179; baseline 0.004 -23"><span class='ocrx_word' id='word_1_62' title='bbox 192 1099 407 1158; x_wconf 86' lang='lat' dir='ltr'><strong><em>mathenmlica</em></strong></span> <span class='ocrx_word' id='word_1_63' title='bbox 429 1101 640 1175; x_wconf 73' lang='lat' dir='ltr'><strong><em>comprehendi</em></strong></span> <span class='ocrx_word' id='word_1_64' title='bbox 659 1104 759 1178; x_wconf 88' lang='lat' dir='ltr'><strong><em>possit.</em></strong></span> <span class='ocrx_word' id='word_1_65' title='bbox 806 1100 932 1159; x_wconf 87' lang='lat' dir='ltr'><strong><em>Rursum</em></strong></span> <span class='ocrx_word' id='word_1_66' title='bbox 955 1100 1067 1178; x_wconf 88' lang='lat' dir='ltr'><strong><em>aliquid</em></strong></span> <span class='ocrx_word' id='word_1_67' title='bbox 1089 1102 1227 1178; x_wconf 85' lang='lat' dir='ltr'><strong><em>proficio,</em></strong></span> <span class='ocrx_word' id='word_1_68' title='bbox 1262 1102 1341 1179; x_wconf 89' lang='lat' dir='ltr'><strong><em>quod</em></strong></span> <span class='ocrx_word' id='word_1_69' title='bbox 1364 1103 1442 1162; x_wconf 89' lang='lat' dir='ltr'><strong><em>enim</em></strong></span> <span class='ocrx_word' id='word_1_70' title='bbox 1465 1101 1538 1162; x_wconf 88' lang='lat' dir='ltr'><strong><em>hoc-</em></strong></span> 
     </span>
     <span class='ocr_line' id='line_1_9' title="bbox 192 1186 1537 1266; baseline 0.001 -22"><span class='ocrx_word' id='word_1_71' title='bbox 192 1195 276 1245; x_wconf 91' lang='lat' dir='ltr'><strong><em>tenus</em></strong></span> <span class='ocrx_word' id='word_1_72' title='bbox 298 1187 417 1247; x_wconf 86' lang='lat' dir='ltr'><strong><em>scholae</em></strong></span> <span class='ocrx_word' id='word_1_73' title='bbox 439 1196 610 1247; x_wconf 72' lang='lat' dir='ltr'><strong><em>cannetum</em></strong></span> <span class='ocrx_word' id='word_1_74' title='bbox 635 1187 777 1260; x_wconf 86' lang='lat' dir='ltr'><strong><em>dixerunt,</em></strong></span> <span class='ocrx_word' id='word_1_75' title='bbox 801 1196 833 1247; x_wconf 91' lang='lat' dir='ltr'><strong><em>tu</em></strong></span> <span class='ocrx_word' id='word_1_76' title='bbox 856 1186 988 1265; x_wconf 89' lang='lat' dir='ltr'><strong><em>appellas</em></strong></span> <span class='ocrx_word' id='word_1_77' title='bbox 1008 1191 1147 1266; x_wconf 76' lang='lat' dir='ltr'><strong><em>formale.</em></strong></span> <span class='ocrx_word' id='word_1_78' title='bbox 1192 1187 1280 1249; x_wconf 90' lang='lat' dir='ltr'><strong><em>Utere</em></strong></span> <span class='ocrx_word' id='word_1_79' title='bbox 1312 1191 1434 1249; x_wconf 83' lang='lat' dir='ltr'><strong><em>vocibus</em></strong></span> <span class='ocrx_word' id='word_1_80' title='bbox 1457 1190 1537 1248; x_wconf 89' lang='lat' dir='ltr'><strong><em>arhi-</em></strong></span> 
     </span>
     <span class='ocr_line' id='line_1_10' title="bbox 192 1275 1538 1352; baseline 0.001 -19"><span class='ocrx_word' id='word_1_81' title='bbox 192 1282 267 1333; x_wconf 88' lang='lat' dir='ltr'><strong><em>tratu</em></strong></span> <span class='ocrx_word' id='word_1_82' title='bbox 292 1284 358 1348; x_wconf 91' lang='lat' dir='ltr'><strong><em>tuo,</em></strong></span> <span class='ocrx_word' id='word_1_83' title='bbox 391 1275 461 1334; x_wconf 89' lang='lat' dir='ltr'><strong><em>mihi</em></strong></span> <span class='ocrx_word' id='word_1_84' title='bbox 485 1275 646 1334; x_wconf 83' lang='lat' dir='ltr'><strong><em>formalitas</em></strong></span> <span class='ocrx_word' id='word_1_85' title='bbox 678 1277 772 1334; x_wconf 91' lang='lat' dir='ltr'><strong><em>omnis</em></strong></span> <span class='ocrx_word' id='word_1_86' title='bbox 804 1293 839 1334; x_wconf 85' lang='lat' dir='ltr'><strong><em>ex</em></strong></span> <span class='ocrx_word' id='word_1_87' title='bbox 862 1278 1022 1352; x_wconf 82' lang='lat' dir='ltr'><strong><em>geometria</em></strong></span> <span class='ocrx_word' id='word_1_88' title='bbox 1050 1283 1108 1347; x_wconf 87' lang='lat' dir='ltr'><strong><em>eet,</em></strong></span> <span class='ocrx_word' id='word_1_89' title='bbox 1138 1276 1241 1350; x_wconf 79' lang='lat' dir='ltr'><strong><em>saltem</em></strong></span> <span class='ocrx_word' id='word_1_90' title='bbox 1274 1276 1411 1350; x_wconf 90' lang='lat' dir='ltr'><strong><em>mentali,</em></strong></span> <span class='ocrx_word' id='word_1_91' title='bbox 1443 1279 1538 1336; x_wconf 88' lang='lat' dir='ltr'><strong><em>omnis</em></strong></span> 
     </span>
     <span class='ocr_line' id='line_1_11' title="bbox 194 1361 1560 1441; baseline 0.004 -21"><span class='ocrx_word' id='word_1_92' title='bbox 194 1361 354 1439; x_wconf 80' lang='lat' dir='ltr'><strong><em>applicatio</em></strong></span> <span class='ocrx_word' id='word_1_93' title='bbox 377 1364 504 1438; x_wconf 87' lang='lat' dir='ltr'><strong><em>partium</em></strong></span> <span class='ocrx_word' id='word_1_94' title='bbox 528 1380 705 1439; x_wconf 89' lang='lat' dir='ltr'><strong><em>operumque</em></strong></span> <span class='ocrx_word' id='word_1_95' title='bbox 727 1370 849 1423; x_wconf 89' lang='lat' dir='ltr'><strong><em>naturae</em></strong></span> <span class='ocrx_word' id='word_1_96' title='bbox 872 1363 910 1422; x_wconf 92' lang='lat' dir='ltr'><strong><em>ad</em></strong></span> <span class='ocrx_word' id='word_1_97' title='bbox 933 1366 1086 1424; x_wconf 90' lang='lat' dir='ltr'><strong><em>materiam</em></strong></span> <span class='ocrx_word' id='word_1_98' title='bbox 1107 1363 1203 1441; x_wconf 85' lang='lat' dir='ltr'><strong><em>adque</em></strong></span> <span class='ocrx_word' id='word_1_99' title='bbox 1218 1364 1381 1440; x_wconf 88' lang='lat' dir='ltr'><strong><em>subjectum</em></strong></span> <span class='ocrx_word' id='word_1_100' title='bbox 1405 1363 1535 1424; x_wconf 84' lang='lat' dir='ltr'><strong><em>retertur.</em></strong></span> <span class='ocrx_word' id='word_1_101' title='bbox 1557 1410 1560 1428; x_wconf 90' lang='lat'><em>.</em></span> 
     </span>
     <span class='ocr_line' id='line_1_12' title="bbox 192 1447 1536 1529; baseline 0.003 -24"><span class='ocrx_word' id='word_1_102' title='bbox 192 1449 314 1508; x_wconf 77' lang='lat' dir='ltr'><strong><em>Interim</em></strong></span> <span class='ocrx_word' id='word_1_103' title='bbox 337 1451 503 1510; x_wconf 79' lang='lat' dir='ltr'><strong><em>meminisse</em></strong></span> <span class='ocrx_word' id='word_1_104' title='bbox 527 1461 555 1509; x_wconf 90' lang='lat' dir='ltr'><strong><em>te</em></strong></span> <span class='ocrx_word' id='word_1_105' title='bbox 578 1450 666 1509; x_wconf 86' lang='lat' dir='ltr'><strong><em>velim</em></strong></span> <span class='ocrx_word' id='word_1_106' title='bbox 688 1451 828 1527; x_wconf 89' lang='lat' dir='ltr'><strong><em>postulati</em></strong></span> <span class='ocrx_word' id='word_1_107' title='bbox 852 1454 908 1510; x_wconf 90' lang='lat' dir='ltr'><strong><em>mei</em></strong></span> <span class='ocrx_word' id='word_1_108' title='bbox 925 1447 1039 1528; x_wconf 71' lang='lat' dir='ltr'><strong><em>analpsi</em></strong></span> <span class='ocrx_word' id='word_1_109' title='bbox 1055 1452 1237 1529; x_wconf 82' lang='lat' dir='ltr'><strong><em>praecedenti</em></strong></span> <span class='ocrx_word' id='word_1_110' title='bbox 1258 1469 1328 1511; x_wconf 89' lang='lat' dir='ltr'><strong><em>sane</em></strong></span> <span class='ocrx_word' id='word_1_111' title='bbox 1344 1469 1433 1528; x_wconf 88' lang='lat' dir='ltr'><strong><em>quam</em></strong></span> <span class='ocrx_word' id='word_1_112' title='bbox 1447 1455 1536 1528; x_wconf 89' lang='lat' dir='ltr'><strong><em>aequi</em></strong></span> 
     </span>
     <span class='ocr_line' id='line_1_13' title="bbox 192 1536 1543 1616; baseline 0.004 -24"><span class='ocrx_word' id='word_1_113' title='bbox 192 1536 280 1593; x_wconf 69' lang='lat' dir='ltr'><strong><em>iilius.</em></strong></span> <span class='ocrx_word' id='word_1_114' title='bbox 327 1537 404 1596; x_wconf 86' lang='lat' dir='ltr'><strong><em>Dum</em></strong></span> <span class='ocrx_word' id='word_1_115' title='bbox 428 1539 504 1597; x_wconf 86' lang='lat' dir='ltr'><strong><em>enim</em></strong></span> <span class='ocrx_word' id='word_1_116' title='bbox 528 1536 701 1615; x_wconf 87' lang='lat' dir='ltr'><strong><em>persuadere</em></strong></span> <span class='ocrx_word' id='word_1_117' title='bbox 725 1541 779 1610; x_wconf 85' lang='lat' dir='ltr'><strong><em>vis,</em></strong></span> <span class='ocrx_word' id='word_1_118' title='bbox 801 1542 834 1596; x_wconf 89' lang='lat' dir='ltr'><strong><em>in</em></strong></span> <span class='ocrx_word' id='word_1_119' title='bbox 856 1539 911 1598; x_wconf 83' lang='lat' dir='ltr'><strong><em>hoc</em></strong></span> <span class='ocrx_word' id='word_1_120' title='bbox 926 1541 1029 1612; x_wconf 76' lang='lat' dir='ltr'><strong><em>jacere</em></strong></span> <span class='ocrx_word' id='word_1_121' title='bbox 1050 1556 1168 1598; x_wconf 87' lang='lat' dir='ltr'><strong><em>omnem</em></strong></span> <span class='ocrx_word' id='word_1_122' title='bbox 1195 1542 1391 1599; x_wconf 85' lang='lat' dir='ltr'><strong><em>intentionem</em></strong></span> <span class='ocrx_word' id='word_1_123' title='bbox 1414 1539 1543 1616; x_wconf 88' lang='lat' dir='ltr'><strong><em>sapien-&#39;</em></strong></span> 
     </span>
     <span class='ocr_line' id='line_1_14' title="bbox 192 1625 1536 1703; baseline 0.004 -23"><span class='ocrx_word' id='word_1_124' title='bbox 192 1633 256 1681; x_wconf 86' lang='lat' dir='ltr'><strong><em>turn</em></strong></span> <span class='ocrx_word' id='word_1_125' title='bbox 280 1625 461 1685; x_wconf 75' lang='lat' dir='ltr'><strong><em>hannoniae</em></strong></span> <span class='ocrx_word' id='word_1_126' title='bbox 482 1628 715 1703; x_wconf 84' lang='lat' dir='ltr'><strong><em>proportionum</em></strong></span> <span class='ocrx_word' id='word_1_127' title='bbox 737 1631 766 1684; x_wconf 91' lang='lat' dir='ltr'><strong><em>et</em></strong></span> <span class='ocrx_word' id='word_1_128' title='bbox 779 1643 1005 1699; x_wconf 84' lang='lat' dir='ltr'><strong><em>mensurarum,</em></strong></span> <span class='ocrx_word' id='word_1_129' title='bbox 1028 1633 1064 1684; x_wconf 85' lang='lat' dir='ltr'><strong><em>nt</em></strong></span> <span class='ocrx_word' id='word_1_130' title='bbox 1082 1628 1286 1701; x_wconf 82' lang='lat' dir='ltr'><strong><em>inteltipamns</em></strong></span> <span class='ocrx_word' id='word_1_131' title='bbox 1298 1630 1536 1702; x_wconf 83' lang='lat' dir='ltr'><strong><em>propressianem</em></strong></span> 
     </span>
     <span class='ocr_line' id='line_1_15' title="bbox 189 1712 1535 1788; baseline 0.004 -21"><span class='ocrx_word' id='word_1_132' title='bbox 189 1715 311 1788; x_wconf 73' lang='lat' dir='ltr'><strong><em>ferinae</em></strong></span> <span class='ocrx_word' id='word_1_133' title='bbox 343 1713 385 1770; x_wconf 91' lang='lat' dir='ltr'><strong><em>ad</em></strong></span> <span class='ocrx_word' id='word_1_134' title='bbox 414 1713 644 1787; x_wconf 82' lang='lat' dir='ltr'><strong><em>depurationem</em></strong></span> <span class='ocrx_word' id='word_1_135' title='bbox 678 1717 825 1771; x_wconf 88' lang='lat' dir='ltr'><strong><em>materiae</em></strong></span> <span class='ocrx_word' id='word_1_136' title='bbox 846 1720 914 1782; x_wconf 80' lang='lat' dir='ltr'><strong><em>elo,</em></strong></span> <span class='ocrx_word' id='word_1_137' title='bbox 949 1722 1038 1770; x_wconf 86' lang='lat' dir='ltr'><strong><em>restat</em></strong></span> <span class='ocrx_word' id='word_1_138' title='bbox 1068 1715 1156 1788; x_wconf 88' lang='lat' dir='ltr'><strong><em>igitur</em></strong></span> <span class='ocrx_word' id='word_1_139' title='bbox 1186 1714 1242 1772; x_wconf 91' lang='lat' dir='ltr'><strong><em>hoc</em></strong></span> <span class='ocrx_word' id='word_1_140' title='bbox 1273 1714 1327 1771; x_wconf 90' lang='lat' dir='ltr'><strong><em>tihi</em></strong></span> <span class='ocrx_word' id='word_1_141' title='bbox 1360 1712 1535 1788; x_wconf 90' lang='lat' dir='ltr'><strong><em>addendum,</em></strong></span> 
     </span>
     <span class='ocr_line' id='line_1_16' title="bbox 192 1798 1536 1878; baseline 0.003 -22"><span class='ocrx_word' id='word_1_142' title='bbox 192 1801 270 1873; x_wconf 87' lang='lat' dir='ltr'><strong><em>quod</em></strong></span> <span class='ocrx_word' id='word_1_143' title='bbox 299 1801 387 1858; x_wconf 89' lang='lat' dir='ltr'><strong><em>etiam</em></strong></span> <span class='ocrx_word' id='word_1_144' title='bbox 414 1818 504 1876; x_wconf 88' lang='lat' dir='ltr'><strong><em>supra</em></strong></span> <span class='ocrx_word' id='word_1_145' title='bbox 531 1799 677 1875; x_wconf 85' lang='lat' dir='ltr'><strong><em>flagitavi,</em></strong></span> <span class='ocrx_word' id='word_1_146' title='bbox 709 1807 741 1859; x_wconf 90' lang='lat' dir='ltr'><strong><em>ut</em></strong></span> <span class='ocrx_word' id='word_1_147' title='bbox 763 1798 870 1874; x_wconf 87' lang='lat' dir='ltr'><strong><em>gradus</em></strong></span> <span class='ocrx_word' id='word_1_148' title='bbox 901 1802 1111 1876; x_wconf 81' lang='lat' dir='ltr'><strong><em>progressionis</em></strong></span> <span class='ocrx_word' id='word_1_149' title='bbox 1142 1800 1230 1875; x_wconf 87' lang='lat' dir='ltr'><strong><em>hujus</em></strong></span> <span class='ocrx_word' id='word_1_150' title='bbox 1253 1803 1339 1860; x_wconf 86' lang='lat' dir='ltr'><strong><em>certis</em></strong></span> <span class='ocrx_word' id='word_1_151' title='bbox 1365 1803 1456 1878; x_wconf 84' lang='lat' dir='ltr'><strong><em>signis</em></strong></span> <span class='ocrx_word' id='word_1_152' title='bbox 1481 1802 1536 1860; x_wconf 91' lang='lat' dir='ltr'><strong><em>de·</em></strong></span> 
     </span>
     <span class='ocr_line' id='line_1_17' title="bbox 190 1877 1536 1965; baseline 0.003 -22"><span class='ocrx_word' id='word_1_153' title='bbox 190 1887 289 1955; x_wconf 78' lang='lat' dir='ltr'><strong><em>tinius,</em></strong></span> <span class='ocrx_word' id='word_1_154' title='bbox 324 1877 489 1963; x_wconf 80' lang='lat' dir='ltr'><strong><em>exquibus</em></strong></span> <span class='ocrx_word' id='word_1_155' title='bbox 519 1887 730 1962; x_wconf 87' lang='lat' dir='ltr'><strong><em>intelligamus,</em></strong></span> <span class='ocrx_word' id='word_1_156' title='bbox 761 1886 879 1962; x_wconf 87' lang='lat' dir='ltr'><strong><em>quaudo</em></strong></span> <span class='ocrx_word' id='word_1_157' title='bbox 902 1886 1056 1963; x_wconf 79' lang='lat' dir='ltr'><strong><em>deputatio</em></strong></span> <span class='ocrx_word' id='word_1_158' title='bbox 1089 1890 1229 1964; x_wconf 86' lang='lat' dir='ltr'><strong><em>propositi</em></strong></span> <span class='ocrx_word' id='word_1_159' title='bbox 1252 1890 1391 1965; x_wconf 87' lang='lat' dir='ltr'><strong><em>temporis</em></strong></span> <span class='ocrx_word' id='word_1_160' title='bbox 1420 1887 1458 1947; x_wconf 90' lang='lat' dir='ltr'><strong><em>ad</em></strong></span> <span class='ocrx_word' id='word_1_161' title='bbox 1481 1888 1536 1947; x_wconf 90' lang='lat' dir='ltr'><strong><em>de-</em></strong></span> 
     </span>
     <span class='ocr_line' id='line_1_18' title="bbox 189 1970 1535 2054; baseline 0.004 -23"><span class='ocrx_word' id='word_1_162' title='bbox 189 1975 376 2049; x_wconf 85' lang='lat' dir='ltr'><strong><em>purationem</em></strong></span> <span class='ocrx_word' id='word_1_163' title='bbox 399 1976 559 2054; x_wconf 87' lang='lat' dir='ltr'><strong><em>plenariam</em></strong></span> <span class='ocrx_word' id='word_1_164' title='bbox 581 1992 646 2034; x_wconf 87' lang='lat' dir='ltr'><strong><em>sese</em></strong></span> <span class='ocrx_word' id='word_1_165' title='bbox 668 1974 777 2034; x_wconf 85' lang='lat' dir='ltr'><strong><em>habeat</em></strong></span> <span class='ocrx_word' id='word_1_166' title='bbox 800 1970 898 2054; x_wconf 84' lang='lat' dir='ltr'><strong><em>(verbi</em></strong></span> <span class='ocrx_word' id='word_1_167' title='bbox 922 1975 1025 2047; x_wconf 87' lang='lat' dir='ltr'><strong><em>cansa)</em></strong></span> <span class='ocrx_word' id='word_1_168' title='bbox 1048 1982 1080 2033; x_wconf 92' lang='lat' dir='ltr'><strong><em>ut</em></strong></span> <span class='ocrx_word' id='word_1_169' title='bbox 1104 1977 1121 2032; x_wconf 83' lang='lat'><strong>3</strong></span> <span class='ocrx_word' id='word_1_170' title='bbox 1146 1974 1182 2033; x_wconf 90' lang='lat' dir='ltr'><strong><em>ad</em></strong></span> <span class='ocrx_word' id='word_1_171' title='bbox 1208 1977 1243 2048; x_wconf 79' lang='lat' dir='ltr'><strong><em>i,</em></strong></span> <span class='ocrx_word' id='word_1_172' title='bbox 1276 1975 1394 2051; x_wconf 88' lang='lat' dir='ltr'><strong><em>quaudo</em></strong></span> <span class='ocrx_word' id='word_1_173' title='bbox 1423 1975 1535 2036; x_wconf 78' lang='lat' dir='ltr'><strong><em>sedicet</em></strong></span> 
     </span>
     <span class='ocr_line' id='line_1_19' title="bbox 191 2060 1534 2140; baseline 0.004 -23"><span class='ocrx_word' id='word_1_174' title='bbox 191 2063 281 2119; x_wconf 83' lang='lat' dir='ltr'><strong><em>i‘ueiat</em></strong></span> <span class='ocrx_word' id='word_1_175' title='bbox 312 2061 549 2121; x_wconf 82' lang='lat' dir='ltr'><strong><em>concordantiam</em></strong></span> <span class='ocrx_word' id='word_1_176' title='bbox 578 2080 630 2120; x_wconf 84' lang='lat' dir='ltr'><strong><em>seu</em></strong></span> <span class='ocrx_word' id='word_1_177' title='bbox 659 2060 838 2120; x_wconf 86' lang='lat' dir='ltr'><strong><em>harmoniam</em></strong></span> <span class='ocrx_word' id='word_1_178' title='bbox 862 2060 1057 2134; x_wconf 65' lang='lat' dir='ltr'><strong><em>diatessarum</em></strong></span> <span class='ocrx_word' id='word_1_179' title='bbox 1089 2079 1156 2120; x_wconf 82' lang='lat' dir='ltr'><strong><em>naui</em></strong></span> <span class='ocrx_word' id='word_1_180' title='bbox 1179 2061 1235 2121; x_wconf 89' lang='lat' dir='ltr'><strong><em>hoc</em></strong></span> <span class='ocrx_word' id='word_1_181' title='bbox 1265 2080 1299 2121; x_wconf 80' lang='lat' dir='ltr'><strong><em>ex</em></strong></span> <span class='ocrx_word' id='word_1_182' title='bbox 1331 2062 1534 2140; x_wconf 83' lang='lat' dir='ltr'><strong><em>pyramidibus</em></strong></span> 
     </span>
     <span class='ocr_line' id='line_1_20' title="bbox 192 2147 1534 2226; baseline 0.002 -21"><span class='ocrx_word' id='word_1_183' title='bbox 192 2150 250 2206; x_wconf 88' lang='lat' dir='ltr'><strong><em>tuis</em></strong></span> <span class='ocrx_word' id='word_1_184' title='bbox 274 2164 365 2225; x_wconf 85' lang='lat' dir='ltr'><strong><em>negas</em></strong></span> <span class='ocrx_word' id='word_1_185' title='bbox 388 2148 453 2209; x_wconf 90' lang='lat' dir='ltr'><strong><em>elici</em></strong></span> <span class='ocrx_word' id='word_1_186' title='bbox 476 2149 590 2208; x_wconf 86' lang='lat' dir='ltr'><strong><em>debere.</em></strong></span> <span class='ocrx_word' id='word_1_187' title='bbox 637 2148 712 2208; x_wconf 86' lang='lat' dir='ltr'><strong><em>Mihi</em></strong></span> <span class='ocrx_word' id='word_1_188' title='bbox 734 2149 865 2224; x_wconf 88' lang='lat' dir='ltr'><strong><em>quidem,</em></strong></span> <span class='ocrx_word' id='word_1_189' title='bbox 899 2150 924 2206; x_wconf 91' lang='lat' dir='ltr'><strong><em>si</em></strong></span> <span class='ocrx_word' id='word_1_190' title='bbox 946 2149 1050 2208; x_wconf 84' lang='lat' dir='ltr'><strong><em>liberet</em></strong></span> <span class='ocrx_word' id='word_1_191' title='bbox 1072 2147 1222 2223; x_wconf 86' lang='lat' dir='ltr'><strong><em>indulgere</em></strong></span> <span class='ocrx_word' id='word_1_192' title='bbox 1245 2148 1405 2226; x_wconf 82' lang='lat' dir='ltr'><strong><em>analogiis,</em></strong></span> <span class='ocrx_word' id='word_1_193' title='bbox 1438 2152 1534 2210; x_wconf 89' lang='lat' dir='ltr'><strong><em>omnis</em></strong></span> 
     </span>
     <span class='ocr_line' id='line_1_21' title="bbox 191 2236 1533 2318; baseline 0.003 -27"><span class='ocrx_word' id='word_1_194' title='bbox 191 2237 248 2293; x_wconf 88' lang='lat' dir='ltr'><strong><em>ista</em></strong></span> <span class='ocrx_word' id='word_1_195' title='bbox 280 2236 459 2312; x_wconf 86' lang='lat' dir='ltr'><strong><em>imperiectio</em></strong></span> <span class='ocrx_word' id='word_1_196' title='bbox 491 2237 703 2318; x_wconf 74' lang='lat' dir='ltr'><strong><em>dppurationis,</em></strong></span> <span class='ocrx_word' id='word_1_197' title='bbox 736 2253 911 2313; x_wconf 87' lang='lat' dir='ltr'><strong><em>quocunque</em></strong></span> <span class='ocrx_word' id='word_1_198' title='bbox 942 2252 1061 2295; x_wconf 85' lang='lat' dir='ltr'><strong><em>nrrmero</em></strong></span> <span class='ocrx_word' id='word_1_199' title='bbox 1091 2252 1143 2294; x_wconf 89' lang='lat' dir='ltr'><strong><em>seu</em></strong></span> <span class='ocrx_word' id='word_1_200' title='bbox 1175 2237 1343 2297; x_wconf 88' lang='lat' dir='ltr'><strong><em>harmonico</em></strong></span> <span class='ocrx_word' id='word_1_201' title='bbox 1379 2255 1431 2297; x_wconf 87' lang='lat' dir='ltr'><strong><em>seu</em></strong></span> <span class='ocrx_word' id='word_1_202' title='bbox 1463 2237 1533 2312; x_wconf 89' lang='lat' dir='ltr'><strong><em>alio,</em></strong></span> 
     </span>
     <span class='ocr_line' id='line_1_22' title="bbox 192 2323 1534 2401; baseline 0.004 -22"><span class='ocrx_word' id='word_1_203' title='bbox 192 2339 368 2398; x_wconf 75' lang='lat' dir='ltr'><strong><em>quecunque</em></strong></span> <span class='ocrx_word' id='word_1_204' title='bbox 391 2326 577 2401; x_wconf 85' lang='lat' dir='ltr'><strong><em>proportione</em></strong></span> <span class='ocrx_word' id='word_1_205' title='bbox 600 2341 652 2382; x_wconf 91' lang='lat' dir='ltr'><strong><em>seu</em></strong></span> <span class='ocrx_word' id='word_1_206' title='bbox 675 2324 784 2383; x_wconf 85' lang='lat' dir='ltr'><strong><em>eilahili</em></strong></span> <span class='ocrx_word' id='word_1_207' title='bbox 808 2341 859 2382; x_wconf 88' lang='lat' dir='ltr'><strong><em>seu</em></strong></span> <span class='ocrx_word' id='word_1_208' title='bbox 881 2323 1021 2384; x_wconf 78' lang='lat' dir='ltr'><strong><em>ineffabili</em></strong></span> <span class='ocrx_word' id='word_1_209' title='bbox 1045 2329 1196 2396; x_wconf 87' lang='lat' dir='ltr'><strong><em>contenta,</em></strong></span> <span class='ocrx_word' id='word_1_210' title='bbox 1226 2324 1426 2384; x_wconf 87' lang='lat' dir='ltr'><strong><em>dissonantiae</em></strong></span> <span class='ocrx_word' id='word_1_211' title='bbox 1449 2326 1534 2385; x_wconf 85' lang='lat' dir='ltr'><strong><em>simi-</em></strong></span> 
     </span>
     <span class='ocr_line' id='line_1_23' title="bbox 190 2408 1534 2488; baseline 0.004 -22"><span class='ocrx_word' id='word_1_212' title='bbox 190 2408 247 2467; x_wconf 88' lang='lat' dir='ltr'><strong><em>lior</em></strong></span> <span class='ocrx_word' id='word_1_213' title='bbox 270 2408 431 2486; x_wconf 85' lang='lat' dir='ltr'><strong><em>videretur,</em></strong></span> <span class='ocrx_word' id='word_1_214' title='bbox 461 2421 561 2469; x_wconf 89' lang='lat' dir='ltr'><strong><em>contra</em></strong></span> <span class='ocrx_word' id='word_1_215' title='bbox 590 2412 684 2469; x_wconf 89' lang='lat' dir='ltr'><strong><em>omnis</em></strong></span> <span class='ocrx_word' id='word_1_216' title='bbox 707 2411 873 2485; x_wconf 88' lang='lat' dir='ltr'><strong><em>conjunctio</em></strong></span> <span class='ocrx_word' id='word_1_217' title='bbox 901 2411 1011 2470; x_wconf 89' lang='lat' dir='ltr'><strong><em>iormse</em></strong></span> <span class='ocrx_word' id='word_1_218' title='bbox 1040 2428 1105 2469; x_wconf 91' lang='lat' dir='ltr'><strong><em>cum</em></strong></span> <span class='ocrx_word' id='word_1_219' title='bbox 1128 2412 1251 2470; x_wconf 87' lang='lat' dir='ltr'><strong><em>materia</em></strong></span> <span class='ocrx_word' id='word_1_220' title='bbox 1282 2415 1312 2469; x_wconf 90' lang='lat' dir='ltr'><strong><em>iu</em></strong></span> <span class='ocrx_word' id='word_1_221' title='bbox 1344 2428 1398 2471; x_wconf 92' lang='lat' dir='ltr'><strong><em>suo</em></strong></span> <span class='ocrx_word' id='word_1_222' title='bbox 1426 2429 1534 2488; x_wconf 87' lang='lat' dir='ltr'><strong><em>genere</em></strong></span> 
     </span>
     <span class='ocr_line' id='line_1_24' title="bbox 125 2497 1533 2574; baseline 0.003 -19"><span class='ocrx_word' id='word_1_223' title='bbox 125 2503 129 2512; x_wconf 90' lang='lat'>&#39;</span> <span class='ocrx_word' id='word_1_224' title='bbox 192 2497 330 2573; x_wconf 84' lang='lat' dir='ltr'><strong><em>perlecta.</em></strong></span> <span class='ocrx_word' id='word_1_225' title='bbox 375 2498 484 2557; x_wconf 90' lang='lat' dir='ltr'><strong><em>Verum</em></strong></span> <span class='ocrx_word' id='word_1_226' title='bbox 508 2500 583 2556; x_wconf 88' lang='lat' dir='ltr'><strong><em>enim</em></strong></span> <span class='ocrx_word' id='word_1_227' title='bbox 607 2514 676 2556; x_wconf 86' lang='lat' dir='ltr'><strong><em>vero</em></strong></span> <span class='ocrx_word' id='word_1_228' title='bbox 700 2515 746 2557; x_wconf 90' lang='lat' dir='ltr'><strong><em>me</em></strong></span> <span class='ocrx_word' id='word_1_229' title='bbox 768 2499 927 2570; x_wconf 86' lang='lat' dir='ltr'><strong><em>retraham,</em></strong></span> <span class='ocrx_word' id='word_1_230' title='bbox 950 2515 1045 2573; x_wconf 89' lang='lat' dir='ltr'><strong><em>neque</em></strong></span> <span class='ocrx_word' id='word_1_231' title='bbox 1068 2499 1144 2557; x_wconf 87' lang='lat' dir='ltr'><strong><em>enim</em></strong></span> <span class='ocrx_word' id='word_1_232' title='bbox 1167 2497 1255 2574; x_wconf 89' lang='lat' dir='ltr'><strong><em>hujus</em></strong></span> <span class='ocrx_word' id='word_1_233' title='bbox 1279 2506 1324 2558; x_wconf 89' lang='lat' dir='ltr'><strong><em>est</em></strong></span> <span class='ocrx_word' id='word_1_234' title='bbox 1346 2498 1419 2572; x_wconf 87' lang='lat' dir='ltr'><strong><em>loci,</em></strong></span> <span class='ocrx_word' id='word_1_235' title='bbox 1452 2507 1533 2559; x_wconf 89' lang='lat' dir='ltr'><strong><em>tuam</em></strong></span> 
     </span>
     <span class='ocr_line' id='line_1_25' title="bbox 191 2583 1411 2663; baseline 0.002 -23"><span class='ocrx_word' id='word_1_236' title='bbox 191 2585 272 2644; x_wconf 88' lang='lat' dir='ltr'><strong><em>iiiam</em></strong></span> <span class='ocrx_word' id='word_1_237' title='bbox 294 2583 490 2645; x_wconf 87' lang='lat' dir='ltr'><strong><em>Hermeticam</em></strong></span> <span class='ocrx_word' id='word_1_238' title='bbox 513 2584 727 2663; x_wconf 86' lang='lat' dir='ltr'><strong><em>philosophiam</em></strong></span> <span class='ocrx_word' id='word_1_239' title='bbox 751 2587 931 2662; x_wconf 86' lang='lat' dir='ltr'><strong><em>penitissima</em></strong></span> <span class='ocrx_word' id='word_1_240' title='bbox 953 2585 1000 2644; x_wconf 88' lang='lat' dir='ltr'><strong><em>vel</em></strong></span> <span class='ocrx_word' id='word_1_241' title='bbox 1025 2583 1174 2644; x_wconf 88' lang='lat' dir='ltr'><strong><em>addiscere</em></strong></span> <span class='ocrx_word' id='word_1_242' title='bbox 1197 2583 1244 2644; x_wconf 83' lang='lat' dir='ltr'><strong><em>vei</em></strong></span> <span class='ocrx_word' id='word_1_243' title='bbox 1268 2594 1411 2646; x_wconf 83' lang='lat' dir='ltr'><strong><em>excutere.</em></strong></span> 
     </span>
    </p>

    <p class='ocr_par' dir='ltr' id='par_1_5' title="bbox 189 2671 1533 3100">
     <span class='ocr_line' id='line_1_26' title="bbox 277 2671 1532 2750; baseline 0.002 -21"><span class='ocrx_word' id='word_1_244' title='bbox 277 2671 332 2730; x_wconf 83' lang='lat' dir='ltr'><strong><em>hd</em></strong></span> <span class='ocrx_word' id='word_1_245' title='bbox 356 2674 537 2750; x_wconf 83' lang='lat' dir='ltr'><strong><em>hualysin</em></strong></span> <span class='ocrx_word' id='word_1_246' title='bbox 560 2672 636 2734; x_wconf 84' lang='lat' dir='ltr'><strong><em>XX.</em></strong></span> <span class='ocrx_word' id='word_1_247' title='bbox 682 2673 837 2749; x_wconf 89' lang='lat' dir='ltr'><strong><em>Nunquam</em></strong></span> <span class='ocrx_word' id='word_1_248' title='bbox 867 2690 948 2743; x_wconf 88' lang='lat' dir='ltr'><strong><em>mea,</em></strong></span> <span class='ocrx_word' id='word_1_249' title='bbox 982 2671 1124 2744; x_wconf 86' lang='lat' dir='ltr'><strong><em>Roberle,</em></strong></span> <span class='ocrx_word' id='word_1_250' title='bbox 1152 2673 1259 2732; x_wconf 85' lang='lat' dir='ltr'><strong><em>recitas</em></strong></span> <span class='ocrx_word' id='word_1_251' title='bbox 1288 2675 1351 2732; x_wconf 90' lang='lat' dir='ltr'><strong><em>siue</em></strong></span> <span class='ocrx_word' id='word_1_252' title='bbox 1378 2674 1532 2748; x_wconf 79' lang='lat' dir='ltr'><strong><em>auctari03</em></strong></span> 
     </span>
     <span class='ocr_line' id='line_1_27' title="bbox 191 2757 1533 2838; baseline 0.002 -20"><span class='ocrx_word' id='word_1_253' title='bbox 191 2761 310 2819; x_wconf 89' lang='lat' dir='ltr'><strong><em>omuino</em></strong></span> <span class='ocrx_word' id='word_1_254' title='bbox 334 2757 460 2821; x_wconf 83' lang='lat' dir='ltr'><strong><em>liberalis</em></strong></span> <span class='ocrx_word' id='word_1_255' title='bbox 484 2778 525 2820; x_wconf 88' lang='lat' dir='ltr'><strong><em>es.</em></strong></span> <span class='ocrx_word' id='word_1_256' title='bbox 570 2761 670 2837; x_wconf 87' lang='lat' dir='ltr'><strong><em>Egone</em></strong></span> <span class='ocrx_word' id='word_1_257' title='bbox 692 2761 782 2820; x_wconf 88' lang='lat' dir='ltr'><strong><em>iaisas</em></strong></span> <span class='ocrx_word' id='word_1_258' title='bbox 804 2761 995 2838; x_wconf 84' lang='lat' dir='ltr'><strong><em>pronunciavi</em></strong></span> <span class='ocrx_word' id='word_1_259' title='bbox 1020 2763 1225 2821; x_wconf 88' lang='lat' dir='ltr'><strong><em>consonantias</em></strong></span> <span class='ocrx_word' id='word_1_260' title='bbox 1242 2768 1308 2820; x_wconf 90' lang='lat' dir='ltr'><strong><em>tuas</em></strong></span> <span class='ocrx_word' id='word_1_261' title='bbox 1323 2759 1533 2821; x_wconf 84' lang='lat' dir='ltr'><strong><em>Hermatieas‘i</em></strong></span> 
     </span>
     <span class='ocr_line' id='line_1_28' title="bbox 191 2846 1533 2924; baseline 0.002 -19"><span class='ocrx_word' id='word_1_262' title='bbox 191 2847 281 2924; x_wconf 86' lang='lat' dir='ltr'><strong><em>Atqui</em></strong></span> <span class='ocrx_word' id='word_1_263' title='bbox 305 2847 380 2909; x_wconf 90' lang='lat' dir='ltr'><strong><em>adeo</em></strong></span> <span class='ocrx_word' id='word_1_264' title='bbox 403 2849 474 2907; x_wconf 86' lang='lat' dir='ltr'><strong><em>nihii</em></strong></span> <span class='ocrx_word' id='word_1_265' title='bbox 498 2848 569 2906; x_wconf 86' lang='lat' dir='ltr'><strong><em>mihi</em></strong></span> <span class='ocrx_word' id='word_1_266' title='bbox 601 2867 667 2907; x_wconf 87' lang='lat' dir='ltr'><strong><em>cum</em></strong></span> <span class='ocrx_word' id='word_1_267' title='bbox 690 2851 725 2907; x_wconf 89' lang='lat' dir='ltr'><strong><em>iis</em></strong></span> <span class='ocrx_word' id='word_1_268' title='bbox 747 2851 857 2924; x_wconf 89' lang='lat' dir='ltr'><strong><em>negotii</em></strong></span> <span class='ocrx_word' id='word_1_269' title='bbox 882 2849 963 2909; x_wconf 86' lang='lat' dir='ltr'><strong><em>volui</em></strong></span> <span class='ocrx_word' id='word_1_270' title='bbox 987 2866 1068 2921; x_wconf 83' lang='lat' dir='ltr'><strong><em>esse,</em></strong></span> <span class='ocrx_word' id='word_1_271' title='bbox 1100 2857 1132 2907; x_wconf 91' lang='lat' dir='ltr'><strong><em>ut</em></strong></span> <span class='ocrx_word' id='word_1_272' title='bbox 1158 2846 1343 2908; x_wconf 85' lang='lat' dir='ltr'><strong><em>distinctions</em></strong></span> <span class='ocrx_word' id='word_1_273' title='bbox 1375 2866 1428 2908; x_wconf 91' lang='lat' dir='ltr'><strong><em>seu</em></strong></span> <span class='ocrx_word' id='word_1_274' title='bbox 1451 2866 1533 2908; x_wconf 88' lang='lat' dir='ltr'><strong><em>com·</em></strong></span> 
     </span>
     <span class='ocr_line' id='line_1_29' title="bbox 189 2935 1533 3012; baseline 0.001 -19"><span class='ocrx_word' id='word_1_275' title='bbox 189 2938 342 3012; x_wconf 88' lang='lat' dir='ltr'><strong><em>paratione</em></strong></span> <span class='ocrx_word' id='word_1_276' title='bbox 365 2936 527 3009; x_wconf 82' lang='lat' dir='ltr'><strong><em>clarissima</em></strong></span> <span class='ocrx_word' id='word_1_277' title='bbox 549 2939 710 2996; x_wconf 87' lang='lat' dir='ltr'><strong><em>censuerim</em></strong></span> <span class='ocrx_word' id='word_1_278' title='bbox 736 2936 802 2996; x_wconf 87' lang='lat' dir='ltr'><strong><em>illas</em></strong></span> <span class='ocrx_word' id='word_1_279' title='bbox 833 2940 945 2997; x_wconf 85' lang='lat' dir='ltr'><strong><em>amois</em></strong></span> <span class='ocrx_word' id='word_1_280' title='bbox 972 2935 1208 2995; x_wconf 82' lang='lat' dir='ltr'><strong><em>summovendos.</em></strong></span> <span class='ocrx_word' id='word_1_281' title='bbox 1254 2936 1319 2995; x_wconf 88' lang='lat' dir='ltr'><strong><em>Non</em></strong></span> <span class='ocrx_word' id='word_1_282' title='bbox 1350 2936 1446 2996; x_wconf 89' lang='lat' dir='ltr'><strong><em>reiuto</em></strong></span> <span class='ocrx_word' id='word_1_283' title='bbox 1469 2936 1533 2994; x_wconf 91' lang='lat' dir='ltr'><strong><em>Ro-</em></strong></span> 
     </span>
     <span class='ocr_line' id='line_1_30' title="bbox 191 3023 1533 3100; baseline 0.001 -19"><span class='ocrx_word' id='word_1_284' title='bbox 191 3024 271 3082; x_wconf 89' lang='lat' dir='ltr'><strong><em>berte</em></strong></span> <span class='ocrx_word' id='word_1_285' title='bbox 295 3032 361 3096; x_wconf 88' lang='lat' dir='ltr'><strong><em>tua,</em></strong></span> <span class='ocrx_word' id='word_1_286' title='bbox 393 3024 445 3083; x_wconf 89' lang='lat' dir='ltr'><strong><em>sed</em></strong></span> <span class='ocrx_word' id='word_1_287' title='bbox 469 3041 605 3100; x_wconf 87' lang='lat' dir='ltr'><strong><em>comparo</em></strong></span> <span class='ocrx_word' id='word_1_288' title='bbox 628 3043 709 3093; x_wconf 78' lang='lat' dir='ltr'><strong><em>mea.</em></strong></span> <span class='ocrx_word' id='word_1_289' title='bbox 733 3034 764 3083; x_wconf 94' lang='lat' dir='ltr'><strong><em>ut</em></strong></span> <span class='ocrx_word' id='word_1_290' title='bbox 787 3027 861 3083; x_wconf 86' lang='lat' dir='ltr'><strong><em>sciat</em></strong></span> <span class='ocrx_word' id='word_1_291' title='bbox 882 3026 987 3095; x_wconf 89' lang='lat' dir='ltr'><strong><em>lector,</em></strong></span> <span class='ocrx_word' id='word_1_292' title='bbox 1019 3023 1089 3099; x_wconf 92' lang='lat' dir='ltr'><strong><em>quid</em></strong></span> <span class='ocrx_word' id='word_1_293' title='bbox 1115 3041 1207 3099; x_wconf 91' lang='lat' dir='ltr'><strong><em>penas</em></strong></span> <span class='ocrx_word' id='word_1_294' title='bbox 1230 3030 1258 3083; x_wconf 88' lang='lat' dir='ltr'><strong><em>te</em></strong></span> <span class='ocrx_word' id='word_1_295' title='bbox 1289 3030 1427 3100; x_wconf 89' lang='lat' dir='ltr'><strong><em>quaerat,</em></strong></span> <span class='ocrx_word' id='word_1_296' title='bbox 1461 3024 1533 3099; x_wconf 89' lang='lat' dir='ltr'><strong><em>quid</em></strong></span> 
     </span>
    </p>
   </div>
   <div class='ocr_carea' id='block_1_4' title="bbox 24 3110 1531 3188">
    <p class='ocr_par' dir='ltr' id='par_1_6' title="bbox 24 3110 1531 3188">
     <span class='ocr_line' id='line_1_31' title="bbox 24 3110 1531 3188; baseline 0.001 -20"><span class='ocrx_word' id='word_1_297' title='bbox 24 3118 25 3123; x_wconf 77' lang='grc'>’</span> <span class='ocrx_word' id='word_1_298' title='bbox 136 3128 139 3132; x_wconf 83' lang='grc'><strong>’</strong></span> <span class='ocrx_word' id='word_1_299' title='bbox 190 3127 293 3187; x_wconf 89' lang='lat' dir='ltr'><strong><em>penes·</em></strong></span> <span class='ocrx_word' id='word_1_300' title='bbox 311 3128 367 3173; x_wconf 88' lang='lat' dir='ltr'><strong><em>me.</em></strong></span> <span class='ocrx_word' id='word_1_301' title='bbox 413 3110 508 3186; x_wconf 85' lang='lat' dir='ltr'><strong><em>Quam</em></strong></span> <span class='ocrx_word' id='word_1_302' title='bbox 540 3114 628 3186; x_wconf 89' lang='lat' dir='ltr'><strong><em>igitur</em></strong></span> <span class='ocrx_word' id='word_1_303' title='bbox 655 3121 685 3170; x_wconf 92' lang='lat' dir='ltr'><strong><em>tu</em></strong></span> <span class='ocrx_word' id='word_1_304' title='bbox 718 3112 764 3170; x_wconf 85' lang='lat' dir='ltr'><strong><em>iric</em></strong></span> <span class='ocrx_word' id='word_1_305' title='bbox 793 3113 878 3171; x_wconf 87' lang='lat' dir='ltr'><strong><em>aiiers</em></strong></span> <span class='ocrx_word' id='word_1_306' title='bbox 910 3112 1136 3188; x_wconf 86' lang='lat' dir='ltr'><strong><em>explicationem</em></strong></span> <span class='ocrx_word' id='word_1_307' title='bbox 1167 3110 1333 3170; x_wconf 86' lang='lat' dir='ltr'><strong><em>harmoniar</em></strong></span> <span class='ocrx_word' id='word_1_308' title='bbox 1414 3117 1531 3170; x_wconf 87' lang='lat' dir='ltr'><strong><em>tuarum</em></strong></span> 
     </span>
    </p>
   </div>
   <div class='ocr_carea' id='block_1_5' title="bbox 186 3197 1584 4853">
    <p class='ocr_par' dir='ltr' id='par_1_7' title="bbox 186 3197 1584 4853">
     <span class='ocr_line' id='line_1_32' title="bbox 189 3197 1531 3275; baseline 0.003 -21"><span class='ocrx_word' id='word_1_309' title='bbox 189 3198 385 3275; x_wconf 82' lang='lat' dir='ltr'><strong><em>physicarum,</em></strong></span> <span class='ocrx_word' id='word_1_310' title='bbox 408 3217 482 3275; x_wconf 89' lang='lat' dir='ltr'><strong><em>quas</em></strong></span> <span class='ocrx_word' id='word_1_311' title='bbox 506 3208 536 3257; x_wconf 90' lang='lat' dir='ltr'><strong><em>tu</em></strong></span> <span class='ocrx_word' id='word_1_312' title='bbox 560 3199 627 3258; x_wconf 82' lang='lat' dir='ltr'><strong><em>laxo</em></strong></span> <span class='ocrx_word' id='word_1_313' title='bbox 650 3202 731 3258; x_wconf 83' lang='lat' dir='ltr'><strong><em>vocis</em></strong></span> <span class='ocrx_word' id='word_1_314' title='bbox 754 3216 808 3257; x_wconf 92' lang='lat' dir='ltr'><strong><em>usu</em></strong></span> <span class='ocrx_word' id='word_1_315' title='bbox 832 3200 1042 3274; x_wconf 82' lang='lat' dir='ltr'><strong><em>complecteris,</em></strong></span> <span class='ocrx_word' id='word_1_316' title='bbox 1066 3216 1131 3257; x_wconf 87' lang='lat' dir='ltr'><strong><em>eam</em></strong></span> <span class='ocrx_word' id='word_1_317' title='bbox 1153 3197 1310 3257; x_wconf 87' lang='lat' dir='ltr'><strong><em>lectoribus</em></strong></span> <span class='ocrx_word' id='word_1_318' title='bbox 1333 3202 1391 3258; x_wconf 85' lang='lat' dir='ltr'><strong><em>tuis</em></strong></span> <span class='ocrx_word' id='word_1_319' title='bbox 1414 3201 1531 3258; x_wconf 88' lang='lat' dir='ltr'><strong><em>remitto</em></strong></span> 
     </span>
     <span class='ocr_line' id='line_1_33' title="bbox 191 3284 1532 3364; baseline 0.001 -21"><span class='ocrx_word' id='word_1_320' title='bbox 191 3284 431 3364; x_wconf 89' lang='lat' dir='ltr'><strong><em>commendoque.</em></strong></span> <span class='ocrx_word' id='word_1_321' title='bbox 474 3286 580 3344; x_wconf 88' lang='lat' dir='ltr'><strong><em>Mirum</em></strong></span> <span class='ocrx_word' id='word_1_322' title='bbox 603 3296 709 3359; x_wconf 85' lang='lat' dir='ltr'><strong><em>tamen,</em></strong></span> <span class='ocrx_word' id='word_1_323' title='bbox 733 3302 783 3344; x_wconf 90' lang='lat' dir='ltr'><strong><em>cur</em></strong></span> <span class='ocrx_word' id='word_1_324' title='bbox 805 3288 833 3342; x_wconf 87' lang='lat' dir='ltr'><strong><em>in</em></strong></span> <span class='ocrx_word' id='word_1_325' title='bbox 857 3286 914 3345; x_wconf 89' lang='lat' dir='ltr'><strong><em>hoe</em></strong></span> <span class='ocrx_word' id='word_1_326' title='bbox 936 3302 1001 3343; x_wconf 92' lang='lat' dir='ltr'><strong><em>meo</em></strong></span> <span class='ocrx_word' id='word_1_327' title='bbox 1017 3292 1099 3343; x_wconf 83' lang='lat' dir='ltr'><strong><em>textu</em></strong></span> <span class='ocrx_word' id='word_1_328' title='bbox 1122 3288 1311 3361; x_wconf 87' lang='lat' dir='ltr'><strong><em>repugnantis</em></strong></span> <span class='ocrx_word' id='word_1_329' title='bbox 1334 3294 1363 3345; x_wconf 92' lang='lat' dir='ltr'><strong><em>et</em></strong></span> <span class='ocrx_word' id='word_1_330' title='bbox 1378 3287 1532 3346; x_wconf 81' lang='lat' dir='ltr'><strong><em>refutantis</em></strong></span> 
     </span>
     <span class='ocr_line' id='line_1_34' title="bbox 191 3370 1532 3450; baseline 0.003 -19"><span class='ocrx_word' id='word_1_331' title='bbox 191 3374 322 3432; x_wconf 89' lang='lat' dir='ltr'><strong><em>oratione</em></strong></span> <span class='ocrx_word' id='word_1_332' title='bbox 351 3377 457 3445; x_wconf 87' lang='lat' dir='ltr'><strong><em>utaris,</em></strong></span> <span class='ocrx_word' id='word_1_333' title='bbox 488 3392 554 3432; x_wconf 91' lang='lat' dir='ltr'><strong><em>cum</em></strong></span> <span class='ocrx_word' id='word_1_334' title='bbox 582 3382 678 3433; x_wconf 89' lang='lat' dir='ltr'><strong><em>tamen</em></strong></span> <span class='ocrx_word' id='word_1_335' title='bbox 701 3375 764 3449; x_wconf 90' lang='lat' dir='ltr'><strong><em>ipsa</em></strong></span> <span class='ocrx_word' id='word_1_336' title='bbox 787 3371 864 3431; x_wconf 88' lang='lat' dir='ltr'><strong><em>idem</em></strong></span> <span class='ocrx_word' id='word_1_337' title='bbox 893 3372 929 3430; x_wconf 91' lang='lat' dir='ltr'><strong><em>de</em></strong></span> <span class='ocrx_word' id='word_1_338' title='bbox 959 3382 987 3431; x_wconf 89' lang='lat' dir='ltr'><strong><em>te</em></strong></span> <span class='ocrx_word' id='word_1_339' title='bbox 1018 3373 1081 3447; x_wconf 92' lang='lat' dir='ltr'><strong><em>ipso</em></strong></span> <span class='ocrx_word' id='word_1_340' title='bbox 1114 3370 1195 3430; x_wconf 89' lang='lat' dir='ltr'><strong><em>dicas</em></strong></span> <span class='ocrx_word' id='word_1_341' title='bbox 1219 3374 1315 3432; x_wconf 87' lang='lat' dir='ltr'><strong><em>verbis</em></strong></span> <span class='ocrx_word' id='word_1_342' title='bbox 1345 3372 1432 3450; x_wconf 91' lang='lat' dir='ltr'><strong><em>paulo</em></strong></span> <span class='ocrx_word' id='word_1_343' title='bbox 1455 3374 1532 3435; x_wconf 90' lang='lat' dir='ltr'><strong><em>aliis.</em></strong></span> 
     </span>
     <span class='ocr_line' id='line_1_35' title="bbox 194 3459 1532 3538; baseline -0.002 -20"><span class='ocrx_word' id='word_1_344' title='bbox 194 3460 360 3520; x_wconf 75' lang='lat' dir='ltr'><strong><em>Conseritur</em></strong></span> <span class='ocrx_word' id='word_1_345' title='bbox 382 3463 478 3536; x_wconf 83' lang='lat' dir='ltr'><strong><em>inquis</em></strong></span> <span class='ocrx_word' id='word_1_346' title='bbox 498 3463 618 3538; x_wconf 82' lang='lat' dir='ltr'><strong><em>formae</em></strong></span> <span class='ocrx_word' id='word_1_347' title='bbox 641 3470 668 3519; x_wconf 88' lang='lat' dir='ltr'><strong><em>et</em></strong></span> <span class='ocrx_word' id='word_1_348' title='bbox 689 3463 835 3519; x_wconf 76' lang='lat' dir='ltr'><strong><em>manriae</em></strong></span> <span class='ocrx_word' id='word_1_349' title='bbox 857 3461 1041 3535; x_wconf 82' lang='lat' dir='ltr'><strong><em>quantitates</em></strong></span> <span class='ocrx_word' id='word_1_350' title='bbox 1062 3459 1179 3518; x_wconf 85' lang='lat' dir='ltr'><strong><em>easdem</em></strong></span> <span class='ocrx_word' id='word_1_351' title='bbox 1202 3476 1265 3518; x_wconf 92' lang='lat' dir='ltr'><strong><em>non</em></strong></span> <span class='ocrx_word' id='word_1_352' title='bbox 1288 3459 1428 3532; x_wconf 86' lang='lat' dir='ltr'><strong><em>admittit,</em></strong></span> <span class='ocrx_word' id='word_1_353' title='bbox 1453 3478 1532 3535; x_wconf 86' lang='lat' dir='ltr'><strong><em>qna-</em></strong></span> 
     </span>
     <span class='ocr_line' id='line_1_36' title="bbox 189 3545 1531 3624; baseline 0 -19"><span class='ocrx_word' id='word_1_354' title='bbox 189 3554 275 3606; x_wconf 85' lang='lat' dir='ltr'><strong><em>tenus</em></strong></span> <span class='ocrx_word' id='word_1_355' title='bbox 303 3548 407 3624; x_wconf 72' lang='lat' dir='ltr'><strong><em>sorma</em></strong></span> <span class='ocrx_word' id='word_1_356' title='bbox 438 3552 591 3608; x_wconf 87' lang='lat' dir='ltr'><strong><em>communi</em></strong></span> <span class='ocrx_word' id='word_1_357' title='bbox 620 3550 799 3623; x_wconf 72' lang='lat' dir='ltr'><strong><em>promen-iae</em></strong></span> <span class='ocrx_word' id='word_1_358' title='bbox 828 3564 974 3605; x_wconf 75' lang='lat' dir='ltr'><strong><em>mentina</em></strong></span> <span class='ocrx_word' id='word_1_359' title='bbox 1006 3563 1070 3604; x_wconf 90' lang='lat' dir='ltr'><strong><em>non</em></strong></span> <span class='ocrx_word' id='word_1_360' title='bbox 1100 3553 1312 3619; x_wconf 78' lang='lat' dir='ltr'><strong><em>menniratur,</em></strong></span> <span class='ocrx_word' id='word_1_361' title='bbox 1350 3546 1402 3605; x_wconf 85' lang='lat' dir='ltr'><strong><em>sed</em></strong></span> <span class='ocrx_word' id='word_1_362' title='bbox 1430 3545 1531 3620; x_wconf 90' lang='lat' dir='ltr'><strong><em>ideali,</em></strong></span> 
     </span>
     <span class='ocr_line' id='line_1_37' title="bbox 188 3633 1530 3713; baseline 0 -20"><span class='ocrx_word' id='word_1_363' title='bbox 188 3637 337 3710; x_wconf 84' lang='lat' dir='ltr'><strong><em>quonium</em></strong></span> <span class='ocrx_word' id='word_1_364' title='bbox 356 3636 460 3713; x_wconf 75' lang='lat' dir='ltr'><strong><em>forma</em></strong></span> <span class='ocrx_word' id='word_1_365' title='bbox 487 3637 572 3693; x_wconf 86' lang='lat' dir='ltr'><strong><em>lineis</em></strong></span> <span class='ocrx_word' id='word_1_366' title='bbox 593 3637 777 3712; x_wconf 82' lang='lat' dir='ltr'><strong><em>peometricis</em></strong></span> <span class='ocrx_word' id='word_1_367' title='bbox 804 3634 926 3710; x_wconf 80' lang='lat' dir='ltr'><strong><em>depinpi</em></strong></span> <span class='ocrx_word' id='word_1_368' title='bbox 952 3651 1015 3691; x_wconf 88' lang='lat' dir='ltr'><strong><em>non</em></strong></span> <span class='ocrx_word' id='word_1_369' title='bbox 1039 3640 1143 3707; x_wconf 88' lang='lat' dir='ltr'><strong><em>potest.</em></strong></span> <span class='ocrx_word' id='word_1_370' title='bbox 1191 3633 1228 3690; x_wconf 82' lang='lat' dir='ltr'><strong><em>lit</em></strong></span> <span class='ocrx_word' id='word_1_371' title='bbox 1251 3637 1347 3708; x_wconf 87' lang='lat' dir='ltr'><strong><em>pergis</em></strong></span> <span class='ocrx_word' id='word_1_372' title='bbox 1377 3633 1530 3708; x_wconf 85' lang='lat' dir='ltr'><strong><em>explicam,</em></strong></span> 
     </span>
     <span class='ocr_line' id='line_1_38' title="bbox 190 3717 1532 3798; baseline 0 -19"><span class='ocrx_word' id='word_1_373' title='bbox 190 3722 339 3797; x_wconf 89' lang='lat' dir='ltr'><strong><em>quomodo</em></strong></span> <span class='ocrx_word' id='word_1_374' title='bbox 362 3723 470 3781; x_wconf 82' lang='lat' dir='ltr'><strong><em>formae</em></strong></span> <span class='ocrx_word' id='word_1_375' title='bbox 493 3740 627 3782; x_wconf 85' lang='lat' dir='ltr'><strong><em>merrsura</em></strong></span> <span class='ocrx_word' id='word_1_376' title='bbox 650 3728 848 3798; x_wconf 82' lang='lat' dir='ltr'><strong><em>competetet</em></strong></span> <span class='ocrx_word' id='word_1_377' title='bbox 871 3719 1019 3797; x_wconf 89' lang='lat' dir='ltr'><strong><em>quomodo</em></strong></span> <span class='ocrx_word' id='word_1_378' title='bbox 1038 3717 1266 3793; x_wconf 87' lang='lat' dir='ltr'><strong><em>intelligendum,</em></strong></span> <span class='ocrx_word' id='word_1_379' title='bbox 1290 3719 1369 3796; x_wconf 90' lang='lat' dir='ltr'><strong><em>quod</em></strong></span> <span class='ocrx_word' id='word_1_380' title='bbox 1392 3724 1532 3779; x_wconf 87' lang='lat' dir='ltr'><strong><em>materiae</em></strong></span> 
     </span>
     <span class='ocr_line' id='line_1_39' title="bbox 187 3807 1532 3886; baseline 0.001 -21"><span class='ocrx_word' id='word_1_381' title='bbox 187 3808 320 3868; x_wconf 84' lang='lat' dir='ltr'><strong><em>diversas</em></strong></span> <span class='ocrx_word' id='word_1_382' title='bbox 342 3809 451 3869; x_wconf 84' lang='lat' dir='ltr'><strong><em>formae</em></strong></span> <span class='ocrx_word' id='word_1_383' title='bbox 474 3812 621 3886; x_wconf 88' lang='lat' dir='ltr'><strong><em>portiones</em></strong></span> <span class='ocrx_word' id='word_1_384' title='bbox 644 3811 793 3885; x_wconf 82' lang='lat' dir='ltr'><strong><em>recipiant.</em></strong></span> <span class='ocrx_word' id='word_1_385' title='bbox 840 3807 923 3883; x_wconf 87' lang='lat' dir='ltr'><strong><em>Quae</em></strong></span> <span class='ocrx_word' id='word_1_386' title='bbox 947 3809 1045 3866; x_wconf 88' lang='lat' dir='ltr'><strong><em>omnia</em></strong></span> <span class='ocrx_word' id='word_1_387' title='bbox 1075 3810 1297 3885; x_wconf 68' lang='lat' dir='ltr'><strong><em>pertinerem,</em></strong></span> <span class='ocrx_word' id='word_1_388' title='bbox 1327 3814 1359 3865; x_wconf 90' lang='lat' dir='ltr'><strong><em>ut</em></strong></span> <span class='ocrx_word' id='word_1_389' title='bbox 1380 3808 1532 3885; x_wconf 88' lang='lat' dir='ltr'><strong><em>intelliga-</em></strong></span> 
     </span>
     <span class='ocr_line' id='line_1_40' title="bbox 186 3895 1530 3973; baseline -0.001 -19"><span class='ocrx_word' id='word_1_390' title='bbox 186 3914 264 3968; x_wconf 88' lang='lat' dir='ltr'><strong><em>mus,</em></strong></span> <span class='ocrx_word' id='word_1_391' title='bbox 295 3905 322 3954; x_wconf 90' lang='lat' dir='ltr'><strong><em>te</em></strong></span> <span class='ocrx_word' id='word_1_392' title='bbox 348 3915 414 3956; x_wconf 88' lang='lat' dir='ltr'><strong><em>rem</em></strong></span> <span class='ocrx_word' id='word_1_393' title='bbox 442 3904 557 3955; x_wconf 87' lang='lat' dir='ltr'><strong><em>tentare</em></strong></span> <span class='ocrx_word' id='word_1_394' title='bbox 586 3898 818 3955; x_wconf 85' lang='lat' dir='ltr'><strong><em>diuersissimam</em></strong></span> <span class='ocrx_word' id='word_1_395' title='bbox 847 3915 867 3954; x_wconf 89' lang='lat' dir='ltr'><strong><em>u</em></strong></span> <span class='ocrx_word' id='word_1_396' title='bbox 895 3899 955 3955; x_wconf 90' lang='lat' dir='ltr'><strong><em>mei</em></strong></span> <span class='ocrx_word' id='word_1_397' title='bbox 984 3898 1082 3970; x_wconf 89' lang='lat' dir='ltr'><strong><em>operis</em></strong></span> <span class='ocrx_word' id='word_1_398' title='bbox 1108 3897 1271 3973; x_wconf 85' lang='lat' dir='ltr'><strong><em>proposito.</em></strong></span> <span class='ocrx_word' id='word_1_399' title='bbox 1316 3895 1391 3967; x_wconf 85' lang='lat' dir='ltr'><strong><em>Nam</em></strong></span> <span class='ocrx_word' id='word_1_400' title='bbox 1415 3896 1468 3953; x_wconf 90' lang='lat' dir='ltr'><strong><em>etsi</em></strong></span> <span class='ocrx_word' id='word_1_401' title='bbox 1499 3903 1530 3953; x_wconf 91' lang='lat' dir='ltr'><strong><em>tu</em></strong></span> 
     </span>
     <span class='ocr_line' id='line_1_41' title="bbox 189 3982 1530 4061; baseline 0.001 -21"><span class='ocrx_word' id='word_1_402' title='bbox 189 4001 333 4060; x_wconf 79' lang='lat' dir='ltr'><strong><em>provocas</em></strong></span> <span class='ocrx_word' id='word_1_403' title='bbox 366 3984 404 4044; x_wconf 91' lang='lat' dir='ltr'><strong><em>ad</em></strong></span> <span class='ocrx_word' id='word_1_404' title='bbox 432 3983 528 4043; x_wconf 86' lang='lat' dir='ltr'><strong><em>locum</em></strong></span> <span class='ocrx_word' id='word_1_405' title='bbox 560 4002 594 4044; x_wconf 88' lang='lat' dir='ltr'><strong><em>ex</em></strong></span> <span class='ocrx_word' id='word_1_406' title='bbox 618 4002 682 4043; x_wconf 92' lang='lat' dir='ltr'><strong><em>meo</em></strong></span> <span class='ocrx_word' id='word_1_407' title='bbox 712 3982 787 4042; x_wconf 90' lang='lat' dir='ltr'><strong><em>libro</em></strong></span> <span class='ocrx_word' id='word_1_408' title='bbox 810 3983 865 4042; x_wconf 88' lang='lat'><em>111.</em></span> <span class='ocrx_word' id='word_1_409' title='bbox 892 4001 955 4061; x_wconf 90' lang='lat' dir='ltr'><strong><em>cap.</em></strong></span> <span class='ocrx_word' id='word_1_410' title='bbox 981 3985 1015 4057; x_wconf 83' lang='lat'><strong><em>4,</em></strong></span> <span class='ocrx_word' id='word_1_411' title='bbox 1046 3983 1094 4041; x_wconf 90' lang='lat' dir='ltr'><strong><em>uhi</em></strong></span> <span class='ocrx_word' id='word_1_412' title='bbox 1123 4000 1169 4041; x_wconf 90' lang='lat' dir='ltr'><strong><em>mo</em></strong></span> <span class='ocrx_word' id='word_1_413' title='bbox 1197 3982 1253 4041; x_wconf 88' lang='lat' dir='ltr'><strong><em>huo</em></strong></span> <span class='ocrx_word' id='word_1_414' title='bbox 1277 3984 1370 4058; x_wconf 88' lang='lat' dir='ltr'><strong><em>ipsum</em></strong></span> <span class='ocrx_word' id='word_1_415' title='bbox 1400 3984 1444 4041; x_wconf 90' lang='lat' dir='ltr'><strong><em>ais</em></strong></span> <span class='ocrx_word' id='word_1_416' title='bbox 1474 3999 1530 4057; x_wconf 89' lang='lat' dir='ltr'><strong><em>ag·</em></strong></span> 
     </span>
     <span class='ocr_line' id='line_1_42' title="bbox 186 4066 1530 4148; baseline 0.001 -20"><span class='ocrx_word' id='word_1_417' title='bbox 186 4088 326 4145; x_wconf 86' lang='lat' dir='ltr'><strong><em>noscere,</em></strong></span> <span class='ocrx_word' id='word_1_418' title='bbox 357 4082 387 4130; x_wconf 90' lang='lat' dir='ltr'><strong><em>at</em></strong></span> <span class='ocrx_word' id='word_1_419' title='bbox 410 4075 483 4130; x_wconf 87' lang='lat' dir='ltr'><strong><em>scire</em></strong></span> <span class='ocrx_word' id='word_1_420' title='bbox 507 4078 637 4146; x_wconf 82' lang='lat' dir='ltr'><strong><em>poteras,</em></strong></span> <span class='ocrx_word' id='word_1_421' title='bbox 669 4070 721 4129; x_wconf 87' lang='lat' dir='ltr'><strong><em>illo</em></strong></span> <span class='ocrx_word' id='word_1_422' title='bbox 753 4089 840 4131; x_wconf 88' lang='lat' dir='ltr'><strong><em>ama</em></strong></span> <span class='ocrx_word' id='word_1_423' title='bbox 862 4089 898 4130; x_wconf 86' lang='lat' dir='ltr'><strong><em>ex</em></strong></span> <span class='ocrx_word' id='word_1_424' title='bbox 920 4070 1124 4147; x_wconf 84' lang='lat' dir='ltr'><strong><em>Pythagoricis</em></strong></span> <span class='ocrx_word' id='word_1_425' title='bbox 1147 4087 1211 4130; x_wconf 89' lang='lat' dir='ltr'><strong><em>esse</em></strong></span> <span class='ocrx_word' id='word_1_426' title='bbox 1234 4068 1326 4129; x_wconf 87' lang='lat' dir='ltr'><strong><em>relata</em></strong></span> <span class='ocrx_word' id='word_1_427' title='bbox 1349 4068 1408 4131; x_wconf 78' lang='grc' dir='ltr'><strong><em>κατ’</em></strong></span> <span class='ocrx_word' id='word_1_428' title='bbox 1434 4066 1530 4148; x_wconf 73' lang='lat' dir='ltr'><strong><em>dour-r,</em></strong></span> 
     </span>
     <span class='ocr_line' id='line_1_43' title="bbox 186 4156 1530 4235; baseline 0.001 -21"><span class='ocrx_word' id='word_1_429' title='bbox 186 4176 244 4217; x_wconf 86' lang='lat' dir='ltr'><strong><em>rron</em></strong></span> <span class='ocrx_word' id='word_1_430' title='bbox 278 4167 310 4217; x_wconf 90' lang='lat' dir='ltr'><strong><em>ut</em></strong></span> <span class='ocrx_word' id='word_1_431' title='bbox 332 4162 422 4219; x_wconf 75' lang='lat' dir='ltr'><strong><em>deor-r.</em></strong></span> <span class='ocrx_word' id='word_1_432' title='bbox 466 4158 585 4216; x_wconf 88' lang='lat' dir='ltr'><strong><em>Rectius</em></strong></span> <span class='ocrx_word' id='word_1_433' title='bbox 616 4161 652 4218; x_wconf 88' lang='lat' dir='ltr'><strong><em>ad</em></strong></span> <span class='ocrx_word' id='word_1_434' title='bbox 684 4158 744 4218; x_wconf 88' lang='lat' dir='ltr'><strong><em>alia</em></strong></span> <span class='ocrx_word' id='word_1_435' title='bbox 772 4157 839 4218; x_wconf 87' lang='lat' dir='ltr'><strong><em>loca</em></strong></span> <span class='ocrx_word' id='word_1_436' title='bbox 867 4156 933 4216; x_wconf 86' lang='lat' dir='ltr'><strong><em>libri</em></strong></span> <span class='ocrx_word' id='word_1_437' title='bbox 965 4159 1022 4216; x_wconf 92' lang='lat' dir='ltr'><strong><em>mei</em></strong></span> <span class='ocrx_word' id='word_1_438' title='bbox 1045 4156 1097 4214; x_wconf 86' lang='lat' dir='ltr'><strong><em>lv.</em></strong></span> <span class='ocrx_word' id='word_1_439' title='bbox 1122 4156 1298 4217; x_wconf 87' lang='lat' dir='ltr'><strong><em>Harmoniae</em></strong></span> <span class='ocrx_word' id='word_1_440' title='bbox 1328 4175 1530 4235; x_wconf 83' lang='lat' dir='ltr'><strong><em>provocasses.</em></strong></span> 
     </span>
     <span class='ocr_line' id='line_1_44' title="bbox 189 4241 1532 4323; baseline 0.001 -20"><span class='ocrx_word' id='word_1_441' title='bbox 189 4245 264 4304; x_wconf 89' lang='lat' dir='ltr'><strong><em>Nam</em></strong></span> <span class='ocrx_word' id='word_1_442' title='bbox 289 4246 328 4304; x_wconf 88' lang='lat' dir='ltr'><strong><em>ihi</em></strong></span> <span class='ocrx_word' id='word_1_443' title='bbox 351 4264 426 4323; x_wconf 86' lang='lat' dir='ltr'><strong><em>pene</em></strong></span> <span class='ocrx_word' id='word_1_444' title='bbox 449 4245 485 4303; x_wconf 90' lang='lat' dir='ltr'><strong><em>ad</em></strong></span> <span class='ocrx_word' id='word_1_445' title='bbox 510 4247 630 4304; x_wconf 89' lang='lat' dir='ltr'><strong><em>verbum</em></strong></span> <span class='ocrx_word' id='word_1_446' title='bbox 660 4255 755 4305; x_wconf 86' lang='lat' dir='ltr'><strong><em>tecum</em></strong></span> <span class='ocrx_word' id='word_1_447' title='bbox 785 4248 917 4304; x_wconf 84' lang='lat' dir='ltr'><strong><em>invenies</em></strong></span> <span class='ocrx_word' id='word_1_448' title='bbox 940 4244 1109 4320; x_wconf 87' lang='lat' dir='ltr'><strong><em>loquentem</em></strong></span> <span class='ocrx_word' id='word_1_449' title='bbox 1138 4242 1174 4303; x_wconf 85' lang='lat' dir='ltr'><strong><em>ds</em></strong></span> <span class='ocrx_word' id='word_1_450' title='bbox 1197 4241 1270 4303; x_wconf 90' lang='lat' dir='ltr'><strong><em>ideis</em></strong></span> <span class='ocrx_word' id='word_1_451' title='bbox 1293 4260 1387 4304; x_wconf 88' lang='lat' dir='ltr'><strong><em>rerum</em></strong></span> <span class='ocrx_word' id='word_1_452' title='bbox 1410 4263 1532 4322; x_wconf 85' lang='lat' dir='ltr'><strong><em>geome-</em></strong></span> 
     </span>
     <span class='ocr_line' id='line_1_45' title="bbox 186 4331 1529 4411; baseline 0.001 -22"><span class='ocrx_word' id='word_1_453' title='bbox 186 4336 326 4392; x_wconf 83' lang='lat' dir='ltr'><strong><em>tricorum</em></strong></span> <span class='ocrx_word' id='word_1_454' title='bbox 350 4337 379 4391; x_wconf 92' lang='lat' dir='ltr'><strong><em>in</em></strong></span> <span class='ocrx_word' id='word_1_455' title='bbox 404 4335 562 4392; x_wconf 85' lang='lat' dir='ltr'><strong><em>animarum</em></strong></span> <span class='ocrx_word' id='word_1_456' title='bbox 585 4336 772 4411; x_wconf 87' lang='lat' dir='ltr'><strong><em>penitissimis</em></strong></span> <span class='ocrx_word' id='word_1_457' title='bbox 795 4333 939 4391; x_wconf 83' lang='lat' dir='ltr'><strong><em>essentiis.</em></strong></span> <span class='ocrx_word' id='word_1_458' title='bbox 984 4331 1049 4390; x_wconf 91' lang='lat' dir='ltr'><strong><em>Non</em></strong></span> <span class='ocrx_word' id='word_1_459' title='bbox 1078 4340 1243 4390; x_wconf 87' lang='lat' dir='ltr'><strong><em>esttamen</em></strong></span> <span class='ocrx_word' id='word_1_460' title='bbox 1274 4348 1310 4390; x_wconf 83' lang='lat' dir='ltr'><strong><em>ne</em></strong></span> <span class='ocrx_word' id='word_1_461' title='bbox 1333 4332 1381 4391; x_wconf 91' lang='lat' dir='ltr'><strong><em>hio</em></strong></span> <span class='ocrx_word' id='word_1_462' title='bbox 1411 4332 1529 4409; x_wconf 87' lang='lat' dir='ltr'><strong><em>quidem</em></strong></span> 
     </span>
     <span class='ocr_line' id='line_1_46' title="bbox 188 4416 1530 4497; baseline 0.001 -20"><span class='ocrx_word' id='word_1_463' title='bbox 188 4421 264 4480; x_wconf 90' lang='lat' dir='ltr'><strong><em>idem</em></strong></span> <span class='ocrx_word' id='word_1_464' title='bbox 290 4421 374 4480; x_wconf 90' lang='lat' dir='ltr'><strong><em>nohis</em></strong></span> <span class='ocrx_word' id='word_1_465' title='bbox 399 4422 533 4494; x_wconf 87' lang='lat' dir='ltr'><strong><em>utrinque</em></strong></span> <span class='ocrx_word' id='word_1_466' title='bbox 555 4439 668 4480; x_wconf 76' lang='lat' dir='ltr'><strong><em>resisus.</em></strong></span> <span class='ocrx_word' id='word_1_467' title='bbox 712 4416 784 4478; x_wconf 83' lang='lat' dir='ltr'><strong><em>hliiii</em></strong></span> <span class='ocrx_word' id='word_1_468' title='bbox 810 4421 885 4481; x_wconf 89' lang='lat' dir='ltr'><strong><em>enim</em></strong></span> <span class='ocrx_word' id='word_1_469' title='bbox 910 4417 968 4478; x_wconf 90' lang='lat' dir='ltr'><strong><em>duo</em></strong></span> <span class='ocrx_word' id='word_1_470' title='bbox 993 4419 1123 4491; x_wconf 88' lang='lat' dir='ltr'><strong><em>termini,</em></strong></span> <span class='ocrx_word' id='word_1_471' title='bbox 1147 4436 1218 4494; x_wconf 87' lang='lat' dir='ltr'><strong><em>pure</em></strong></span> <span class='ocrx_word' id='word_1_472' title='bbox 1240 4418 1376 4477; x_wconf 88' lang='lat' dir='ltr'><strong><em>mentalis</em></strong></span> <span class='ocrx_word' id='word_1_473' title='bbox 1400 4428 1530 4497; x_wconf 90' lang='lat' dir='ltr'><strong><em>uterque,</em></strong></span> 
     </span>
     <span class='ocr_line' id='line_1_47' title="bbox 187 4505 1532 4584; baseline 0.001 -19"><span class='ocrx_word' id='word_1_474' title='bbox 187 4507 344 4568; x_wconf 88' lang='lat' dir='ltr'><strong><em>ruentalem</em></strong></span> <span class='ocrx_word' id='word_1_475' title='bbox 368 4509 498 4584; x_wconf 84' lang='lat' dir='ltr'><strong><em>effigiant</em></strong></span> <span class='ocrx_word' id='word_1_476' title='bbox 520 4507 710 4576; x_wconf 81' lang='lat' dir='ltr'><strong><em>harmoniam,</em></strong></span> <span class='ocrx_word' id='word_1_477' title='bbox 734 4524 810 4583; x_wconf 92' lang='lat' dir='ltr'><strong><em>quae</em></strong></span> <span class='ocrx_word' id='word_1_478' title='bbox 833 4510 872 4566; x_wconf 91' lang='lat' dir='ltr'><strong><em>sil</em></strong></span> <span class='ocrx_word' id='word_1_479' title='bbox 894 4505 961 4566; x_wconf 90' lang='lat' dir='ltr'><strong><em>idea</em></strong></span> <span class='ocrx_word' id='word_1_480' title='bbox 975 4505 1154 4565; x_wconf 86' lang='lat' dir='ltr'><strong><em>sensualium</em></strong></span> <span class='ocrx_word' id='word_1_481' title='bbox 1170 4507 1367 4580; x_wconf 88' lang='lat' dir='ltr'><strong><em>terminorum,</em></strong></span> <span class='ocrx_word' id='word_1_482' title='bbox 1392 4506 1450 4566; x_wconf 91' lang='lat' dir='ltr'><strong><em>duo</em></strong></span> <span class='ocrx_word' id='word_1_483' title='bbox 1474 4506 1532 4566; x_wconf 88' lang='lat' dir='ltr'><strong><em>ite·</em></strong></span> 
     </span>
     <span class='ocr_line' id='line_1_48' title="bbox 186 4592 1584 4671; baseline 0.001 -20"><span class='ocrx_word' id='word_1_484' title='bbox 186 4612 249 4654; x_wconf 88' lang='lat' dir='ltr'><strong><em>rum</em></strong></span> <span class='ocrx_word' id='word_1_485' title='bbox 273 4597 387 4656; x_wconf 86' lang='lat' dir='ltr'><strong><em>termini</em></strong></span> <span class='ocrx_word' id='word_1_486' title='bbox 416 4596 567 4656; x_wconf 89' lang='lat' dir='ltr'><strong><em>sensuales</em></strong></span> <span class='ocrx_word' id='word_1_487' title='bbox 595 4598 795 4670; x_wconf 88' lang='lat' dir='ltr'><strong><em>requiruntur,</em></strong></span> <span class='ocrx_word' id='word_1_488' title='bbox 827 4597 854 4652; x_wconf 90' lang='lat' dir='ltr'><strong><em>iu</em></strong></span> <span class='ocrx_word' id='word_1_489' title='bbox 879 4594 986 4671; x_wconf 87' lang='lat' dir='ltr'><strong><em>quibus</em></strong></span> <span class='ocrx_word' id='word_1_490' title='bbox 1016 4593 1118 4652; x_wconf 85' lang='lat' dir='ltr'><strong><em>eadem</em></strong></span> <span class='ocrx_word' id='word_1_491' title='bbox 1148 4594 1186 4651; x_wconf 86' lang='lat' dir='ltr'><strong><em>sit</em></strong></span> <span class='ocrx_word' id='word_1_492' title='bbox 1209 4610 1347 4669; x_wconf 84' lang='lat' dir='ltr'><strong><em>expressa</em></strong></span> <span class='ocrx_word' id='word_1_493' title='bbox 1373 4597 1530 4671; x_wconf 87' lang='lat' dir='ltr'><strong><em>proportio,</em></strong></span> <span class='ocrx_word' id='word_1_494' title='bbox 1580 4592 1584 4597; x_wconf 73' lang='grc'>’</span> 
     </span>
     <span class='ocr_line' id='line_1_49' title="bbox 187 4679 1531 4759; baseline -0.004 -16"><span class='ocrx_word' id='word_1_495' title='bbox 187 4700 264 4758; x_wconf 88' lang='lat' dir='ltr'><strong><em>quas</em></strong></span> <span class='ocrx_word' id='word_1_496' title='bbox 286 4682 394 4743; x_wconf 89' lang='lat' dir='ltr'><strong><em>relucet</em></strong></span> <span class='ocrx_word' id='word_1_497' title='bbox 417 4686 445 4741; x_wconf 88' lang='lat' dir='ltr'><strong><em>in</em></strong></span> <span class='ocrx_word' id='word_1_498' title='bbox 468 4689 585 4755; x_wconf 68' lang='lat' dir='ltr'><strong><em>mente,</em></strong></span> <span class='ocrx_word' id='word_1_499' title='bbox 609 4690 640 4740; x_wconf 92' lang='lat' dir='ltr'><strong><em>at</em></strong></span> <span class='ocrx_word' id='word_1_500' title='bbox 664 4682 715 4740; x_wconf 87' lang='lat' dir='ltr'><strong><em>tihi</em></strong></span> <span class='ocrx_word' id='word_1_501' title='bbox 739 4682 847 4743; x_wconf 83' lang='lat' dir='ltr'><strong><em>turmae</em></strong></span> <span class='ocrx_word' id='word_1_502' title='bbox 869 4685 951 4759; x_wconf 87' lang='lat' dir='ltr'><strong><em>ipsae</em></strong></span> <span class='ocrx_word' id='word_1_503' title='bbox 974 4679 1047 4738; x_wconf 88' lang='lat' dir='ltr'><strong><em>fiunt</em></strong></span> <span class='ocrx_word' id='word_1_504' title='bbox 1070 4680 1143 4739; x_wconf 87' lang='lat' dir='ltr'><strong><em>alter</em></strong></span> <span class='ocrx_word' id='word_1_505' title='bbox 1159 4682 1306 4752; x_wconf 84' lang='lat' dir='ltr'><strong><em>terminus,</em></strong></span> <span class='ocrx_word' id='word_1_506' title='bbox 1330 4684 1454 4740; x_wconf 89' lang='lat' dir='ltr'><strong><em>materia</em></strong></span> <span class='ocrx_word' id='word_1_507' title='bbox 1470 4691 1531 4740; x_wconf 88' lang='lat' dir='ltr'><strong><em>ter·</em></strong></span> 
     </span>
     <span class='ocr_line' id='line_1_50' title="bbox 188 4767 1529 4853; baseline -0.001 -25"><span class='ocrx_word' id='word_1_508' title='bbox 188 4773 284 4829; x_wconf 88' lang='lat' dir='ltr'><strong><em>miuus</em></strong></span> <span class='ocrx_word' id='word_1_509' title='bbox 307 4769 444 4846; x_wconf 80' lang='lat' dir='ltr'><strong><em>reliquus.</em></strong></span> <span class='ocrx_word' id='word_1_510' title='bbox 491 4769 556 4830; x_wconf 88' lang='lat' dir='ltr'><strong><em>Hoc</em></strong></span> <span class='ocrx_word' id='word_1_511' title='bbox 579 4776 640 4842; x_wconf 90' lang='lat' dir='ltr'><strong><em>est,</em></strong></span> <span class='ocrx_word' id='word_1_512' title='bbox 664 4767 743 4844; x_wconf 89' lang='lat' dir='ltr'><strong><em>quod</em></strong></span> <span class='ocrx_word' id='word_1_513' title='bbox 766 4768 909 4841; x_wconf 85' lang='lat' dir='ltr'><strong><em>indicari,</em></strong></span> <span class='ocrx_word' id='word_1_514' title='bbox 934 4767 1086 4831; x_wconf 86' lang='lat' dir='ltr'><strong><em>discrimen</em></strong></span> <span class='ocrx_word' id='word_1_515' title='bbox 1109 4776 1271 4829; x_wconf 88' lang='lat' dir='ltr'><strong><em>nostrarum</em></strong></span> <span class='ocrx_word' id='word_1_516' title='bbox 1297 4773 1529 4853; x_wconf 87' lang='lat' dir='ltr'><strong><em>conoaptionum,</em></strong></span> 
     </span>
    </p>
   </div>
   <div class='ocr_carea' id='block_1_6' title="bbox 0 0 1788 5625">
    <p class='ocr_par' dir='ltr' id='par_1_8' title="bbox 0 0 1788 5625">
     <span class='ocr_line' id='line_1_51' title="bbox 0 0 1788 5625; baseline 0 1"><span class='ocrx_word' id='word_1_517' title='bbox 0 0 1788 5625; x_wconf 95' lang='lat' dir='ltr'><strong><em> </em></strong></span> 
     </span>
    </p>
   </div>
  </div>
 </body>
</html>
