3567 5625
490 471 532 528 De
550 469 774 542 Propontiombus
795 467 976 526 Harmonieis.
1012 468 1095 528 Liber
1112 469 1161 528 111.
1415 465 1503 541 ,129

153 653 205 713 cile
228 661 286 725 est,
311 652 531 730 proportionum
552 651 784 711 harmonicorum
807 647 998 723 differentias,
1028 667 1137 726 genera
1157 650 1319 728 modosque
1340 653 1507 715 abstrahere

153 749 247 799 mente
269 758 297 798 a·
311 741 434 799 vocibus
458 742 582 800 etsonis
596 737 796 810 musicalibus,
819 754 885 796 cum
907 753 965 795 non
985 735 1045 797 alia
1065 740 1151 797 nobis
1173 748 1329 817 suppetant
1351 743 1508 822 vocabula,

152 829 238 887 rebus
261 826 441 905 explicandis
463 827 640 900 necessaria,
673 843 761 902 quarn
791 826 916 884 musica:
948 823 1014 884 ideo
1046 827 1266 902 conjungendus
1293 829 1378 888 nobis
1402 831 1456 889 erit
1478 832 1509 889 ia
1590 865 1593 874 ι

153 913 207 976 hoc
237 915 312 973 libro
340 914 424 973 locus
455 915 554 973 tertius
583 930 649 973 cum
672 915 773 989 quinto
805 920 834 972 et
855 913 972 986 ultimo,
1001 911 1215 989 dicendumque
1243 931 1301 974 non
1330 924 1444 975 tentum
1472 917 1510 977 de

155 1002 389 1081 proportionibus
411 1001 585 1060 harmonicis
607 1002 771 1071 abstractis,
793 998 846 1058 sed
867 1002 956 1059 suam
977 1000 1251 1079 praeoccupandum
1273 1003 1330 1062 hoc
1351 1003 1511 1065 humanum

155 1092 309 1150 creationis
331 1090 543 1148 imitamentum
564 1091 593 1147 in
616 1098 717 1161 cantu3
748 1089 903 1147 mentionis
927 1105 996 1147 vero
1019 1088 1167 1148 coelorum
1180 1106 1254 1167 opus
1276 1099 1394 1168 propter
1415 1093 1512 1152 subli-

157 1181 287 1238 mitatem
311 1185 339 1235 et
362 1175 615 1243 incredibilitatem
638 1174 827 1234 differendum
850 1176 879 1232 in
903 1173 998 1234 locum
1022 1174 1169 1250 uitiorum,
1193 1177 1294 1238 ordine
1316 1179 1384 1252 illo,
1407 1181 1457 1256 qul
1482 1182 1511 1238 in

156 1264 240 1325 titulo
264 1265 329 1323 libri
353 1266 548 1341 praescriptus
570 1273 623 1322 est
668 1262 706 1321 Et
727 1261 802 1322 haec
825 1261 861 1322 de
884 1261 985 1322 ordina
1007 1262 1205 1323 dicendorum.

241 1349 313 1412 Jam
335 1360 368 1410 ut
390 1352 533 1410 contraria
555 1352 631 1410 inter
651 1368 683 1410 se
706 1351 842 1427 opposita
863 1352 958 1425 magis
980 1349 1158 1426 elucescant,
1182 1351 1264 1411 lubet
1286 1351 1514 1432 disputationem

157 1439 190 1499 de
214 1448 303 1498 cautu
326 1437 454 1498 humano
476 1440 622 1516 auspicari
643 1456 662 1497 a
685 1439 959 1498 commemoratione
974 1455 1082 1512 eorum,
1105 1455 1182 1516 qnae
1205 1449 1319 1501 veteres
1341 1457 1428 1518 super
1451 1448 1516 1501 ortu
1538 1499 1545 1508 ,

158 1527 414 1588 consonantiarum
436 1535 506 1586 aunt
528 1526 693 1585 commenti.

244 1614 389 1674 Nimirum
410 1615 485 1674 sicut
514 1622 558 1672 est
586 1619 783 1691 comparatum
813 1615 842 1670 iu
864 1612 951 1672 rebus
974 1612 1108 1672 omnibus
1130 1612 1279 1688 humanis,
1308 1622 1342 1673 ut
1364 1630 1440 1690 quae
1463 1631 1519 1675 na·
1595 1661 1599 1672 .

160 1711 224 1761 tura
246 1704 334 1762 uobis
355 1710 424 1761 sunt
446 1701 563 1774 tributu,
586 1702 616 1759 ia
639 1703 675 1759 iis
690 1717 760 1759 usus
774 1701 971 1776 coguitionem
994 1717 1146 1759 musarum
1168 1708 1342 1774 antevertat,
1365 1704 1408 1761 alc
1431 1704 1519 1762 etiam

159 1794 235 1850 eirca
257 1798 375 1851 cantum
397 1789 496 1867 generi
519 1787 646 1847 humano
670 1804 724 1846 usu
748 1789 837 1860 venit,
861 1795 894 1845 ut
915 1786 981 1847 inde
1004 1788 1042 1846 ab
1065 1795 1129 1846 anu
1152 1803 1206 1846 suo
1228 1787 1354 1848 modulis
1378 1798 1407 1848 et
1428 1792 1520 1849 inter-

161 1878 246 1937 vallis
270 1894 378 1936 vocum
400 1879 462 1936 sine
478 1875 678 1954 speculatione
693 1867 749 1933 ant
760 1876 925 1952 cognitione
948 1890 1103 1934 causarum
1126 1883 1254 1934 uteretur
1275 1876 1388 1950 iisdem,
1413 1879 1521 1954 quibus

161 1969 269 2024 utimur
300 1964 387 2025 hodie
418 1962 508 2041 vulgo
539 1967 568 2022 in
599 1962 804 2023 decantatione
841 1960 1033 2022 melodiarum
1062 1979 1121 2021 non
1151 1970 1265 2022 motum
1292 1966 1322 2021 in
1354 1965 1471 2043 templis
1494 1974 1523 2025 et

161 2054 257 2113 choris
271 2055 458 2124 musicorum,
481 2051 533 2112 sed
549 2053 659 2129 passim
674 2051 737 2109 sine
760 2051 967 2111 exercitatione
982 2051 1062 2122 artis,
1086 2051 1174 2112 etiem
1191 2053 1220 2107 in
1240 2054 1375 2130 compitis
1392 2064 1421 2111 et
1435 2056 1522 2131 agris.

249 2142 382 2218 Apparet
404 2139 477 2198 baec
498 2139 659 2215 antiquitas
682 2145 784 2196 cautus
807 2155 843 2197 er
865 2136 941 2196 libro
962 2139 1055 2215 primo
1079 2135 1237 2197 Geneseoa.
1283 2138 1424 2216 Magnam
1447 2143 1524 2200 enim

163 2229 294 2306 oportuit
316 2244 381 2286 esse
403 2225 626 2286 delectationem
650 2243 686 2287 ex
708 2235 797 2284 cantu
830 2226 911 2283 vocis
934 2225 1079 2284 humanae
1106 2227 1188 2300 (cum
1211 2242 1279 2285 rero
1303 2225 1526 2288 delectationem

164 2315 244 2388 dieo,
276 2313 430 2375 intervalia
452 2313 518 2372 dico
542 2314 711 2386 harmonica
732 2320 764 2372 et
784 2308 956 2390 concinna),
987 2328 1063 2389 quse
1089 2312 1152 2388 jam
1184 2321 1320 2373 octavum
1349 2316 1387 2373 ab
1411 2314 1535 2390 Adamo,

164 2402 305 2463 Jubalem
327 2403 481 2479 permovit,
506 2408 538 2458 ut
559 2409 662 2460 cantus
684 2400 835 2458 hominurn
858 2399 952 2458 brutis
973 2400 1173 2459 instrumentis
1197 2402 1302 2459 imitari
1326 2401 1449 2461 disceret
1471 2403 1527 2462 do·

166 2500 312 2566 cereique.
357 2488 420 2557 Nisi
449 2486 548 2562 lallor,
578 2486 671 2548 anal
698 2486 746 2546 hic
774 2484 882 2564 Apollo
914 2494 973 2559 est,
1003 2485 1063 2546 levi
1093 2489 1255 2548 mutatione
1285 2489 1447 2563 literarum,
1476 2493 1527 2567 qui

166 2577 284 2637 lratrem
298 2574 435 2636 Jabelem
457 2578 612 2653 pecuariae
635 2582 784 2634 auctorem
806 2573 964 2650 fistulaquc
987 2576 1096 2651 agresti
1118 2575 1295 2651 gaudentem
1319 2572 1418 2658 (Pana
1432 2577 1529 2636 Deum

167 2664 330 2724 aGraecis
353 2659 510 2745 creditum)
533 2662 671 2740 cytharae
693 2670 825 2739 repertae
848 2661 927 2720 claro
951 2663 1057 2722 tinnitu
1079 2665 1247 2741 superavit,
1269 2666 1422 2746 materiam
1444 2665 1530 2724 chor·
1568 2741 1573 2750 ,

168 2752 269 2812 darum
293 2770 313 2809 a
333 2750 541 2811 Tabai-Caino
563 2750 649 2817 botre
656 2795 667 2830 ,
695 2751 746 2826 qui
773 2749 859 2811 nobis
887 2766 924 2809 ex
952 2750 1076 2808 nominis
1107 2748 1251 2809 allusione
1274 2751 1426 2812 Vulcanus
1456 2763 1529 2829 este,

169 2848 330 2901 mutuatus.

257 2924 412 3001 Utcunque
436 2934 532 2984 umen
555 2924 677 2999 antiqua
698 2925 736 2982 sit
758 2930 860 2984 cantus
884 2924 1004 2984 humani
1026 2923 1129 2998 forma,
1153 2941 1188 2984 ex
1212 2925 1373 2985 intervallis
1396 2930 1532 2988 consonis

170 3015 215 3076 rel
240 3015 391 3074 concinnis
414 3016 590 3090 composita,
624 3028 729 3070 causac
753 3021 850 3070 tamen
873 3011 1093 3071 intervallorum
1117 3011 1263 3072 latuerunt
1286 3015 1434 3087 lrorninea,
1458 3016 1532 3075 adeo

170 3114 201 3163 at
222 3110 293 3161 ante
316 3100 515 3178 Pythagoram
538 3114 575 3157 ue
597 3108 803 3173 quaererentur
825 3097 960 3171 quidem,
989 3108 1019 3157 et
1041 3101 1190 3174 quaesitas
1210 3118 1262 3177 per
1285 3089 1343 3159 duo
1366 3103 1457 3160 millia
1478 3121 1534 3161 an-

171 3207 292 3261 nornm,
322 3190 432 3265 primus
455 3205 528 3263 ego,
555 3186 612 3243 nisi
635 3185 738 3259 lallor,
762 3188 947 3246 exactissime
969 3186 1122 3263 proferam.
1167 3186 1282 3247 Primus
1305 3189 1424 3264 quidem
1446 3190 1535 3249 fertur

171 3278 377 3356 Pythagoras,
409 3291 474 3333 cum
497 3272 575 3350 apud
599 3272 744 3332 silicinam
774 3274 924 3333 ferrariam
946 3275 1082 3332 transiret
1102 3290 1250 3350 sonosque
1272 3276 1443 3334 malleorum
1467 3276 1536 3335 lrar·

171 3367 287 3425 monice
312 3369 544 3440 corrtemperatos
559 3359 820 3432 animadvertisset,
845 3358 1080 3437 deprehendisse,
1104 3361 1295 3420 differentiam
1309 3380 1448 3421 sonorum
1470 3382 1536 3425 csse

172 3472 205 3513 ex
228 3448 432 3527 magnitudine
454 3448 634 3520 malleorum,
658 3455 690 3505 ut
712 3449 810 3524 magni
832 3465 939 3524 graves
954 3464 1044 3507 sonos
1060 3446 1187 3522 ederent,
1211 3451 1295 3526 parvi
1318 3460 1430 3511 acutas.
1463 3449 1536 3509 Cum

170 3536 271 3598 autem
293 3541 369 3596 inter
389 3536 603 3613 magnitudines
626 3543 773 3612 spectetur
789 3538 902 3613 proprie
918 3537 1087 3613 proportio,
1110 3553 1234 3594 mensus
1257 3535 1390 3615 malleos,
1414 3554 1537 3615 propor-

172 3630 267 3687 tiones
289 3624 375 3684 lacile
398 3623 618 3695 animadvertit,
649 3624 757 3698 quibus
786 3623 956 3682 harmonica
985 3641 1091 3684 vocum
1114 3622 1273 3683 intervalla
1296 3628 1540 3685 constituerentur

59 3744 64 3749 ·
172 3723 201 3775 et
229 3713 339 3790 quibus
369 3710 504 3786 dhaene,
536 3711 643 3788 quibus
673 3713 816 3769 concinna
853 3717 883 3768 et
914 3710 1021 3786 quibus
1051 3712 1231 3770 inconcinna.
1282 3710 1388 3772 Statim
1418 3717 1495 3772 enim
1522 3731 1541 3773 a

172 3801 287 3861 malleis
312 3797 349 3859 ad
372 3798 544 3871 chordarum
568 3798 702 3856 censivit
724 3796 937 3872 longitudines,
961 3798 1012 3856 ubi
1034 3815 1120 3857 aures
1144 3801 1274 3858 erectius
1296 3799 1441 3873 indicant,
1464 3818 1541 3876 quae

173 3898 272 3968 partes
295 3885 421 3947 chordae
450 3904 516 3945 oum
538 3892 601 3945 tota
629 3893 805 3959 consonent,
834 3902 912 3961 quae
943 3885 981 3944 ab
1012 3884 1065 3944 illa
1094 3884 1253 3946 dissonent.
1299 3882 1541 3966 Propertionibus

174 3980 259 4037 certis
282 3976 475 4052 repertis,.ut
497 3997 538 4050 rep
560 3968 620 4040 ὁτι,
642 3980 809 4049 supererat,
833 3980 865 4030 ut
888 3973 979 4033 etium
1001 3989 1117 4045 mursae,
1140 3991 1192 4033 seu
1215 3996 1248 4033 so
1272 3970 1305 4033 δι’
1332 3971 1391 4039 ὅτι,
1415 3974 1542 4050 indaga·

175 4073 280 4135 rentur,
306 4079 357 4120 eur
379 4061 434 4120 bae
458 4062 658 4138 proportiones
681 4062 831 4132 concinna,
856 4062 962 4119 suavia
976 4076 1164 4136 consonaque
1186 4059 1344 4121 intervalla
1358 4078 1464 4121 vocum
1488 4062 1542 4121 de-

176 4150 305 4221 inirent,
330 4146 406 4207 aliae
429 4149 631 4224 proportiones
654 4145 784 4219 dissona,
815 4147 1004 4207 abhorrentia
1026 4149 1064 4207 ab
1087 4149 1216 4219 auribus,
1240 4151 1363 4207 insueta.
1409 4150 1446 4207 Et
1469 4151 1541 4207 itum

177 4238 229 4297 luit
250 4254 304 4315 per
327 4253 420 4296 annos
443 4235 488 4294 bis
510 4233 589 4294 mille
613 4236 641 4291 in
664 4233 740 4293 hanc
762 4236 953 4308 sententiam,
985 4250 1088 4294 causas
1112 4234 1252 4311 petendas
1274 4253 1293 4294 a
1315 4238 1542 4314 proprietatibus

178 4326 305 4403 ipsarum
328 4325 564 4402 proportionum,
593 4330 626 4378 ut
648 4319 718 4381 illae
749 4323 934 4381 continentur
957 4323 1012 4381 surb
1042 4325 1171 4382 terminis
1194 4324 1366 4398 quantitatis
1390 4323 1543 4393 discretae,

179 4413 291 4473 scilieet
305 4427 501 4471 numerorum.
548 4408 692 4469 Viderunt
707 4411 784 4468 enirn
806 4409 1016 4489 Pytlragoraei,
1041 4412 1184 4486 perlectas
1206 4412 1343 4469 constitui
1368 4409 1543 4483 harmonius,

180 4502 201 4559 si
223 4498 353 4560 chordae
375 4515 469 4574 aeque
492 4506 592 4557 tensae
614 4499 832 4574 proportionem
854 4496 985 4556 habeant
1008 4499 1081 4556 inter
1095 4514 1127 4557 se
1150 4496 1340 4571 longitudinis
1364 4496 1492 4574 duplam,
1516 4504 1545 4557 et

181 4590 203 4645 si
223 4585 352 4664 triplam,
376 4595 405 4646 et
427 4588 452 4643 si
476 4583 678 4663 quadruplam,
701 4587 776 4644 inter
798 4601 935 4647 numeros
962 4586 1024 4656 Li
1048 4591 1077 4641 et
1104 4587 1129 4655 l,
1155 4584 1173 4641 3
1198 4592 1227 4641 et
1253 4587 1278 4656 l,
1295 4587 1323 4641 4.
1344 4600 1348 4607 ·
1370 4582 1452 4658 Quae
1475 4601 1545 4662 pro·

184 4677 329 4751 portiones
358 4671 493 4732 dicuntur
519 4675 547 4730 in
583 4669 766 4731 arithmetica
795 4671 982 4750 multiplices.
1035 4669 1160 4747 Rprsum
1190 4670 1280 4746 paulo
1316 4672 1544 4748 imperfectiores

183 4778 241 4821 csse
264 4763 474 4821 consonantias
497 4759 685 4823 eboniarum.
714 4776 790 4834 quae
813 4758 924 4818 iaciunt
947 4760 1162 4834 proportionem
1184 4757 1426 4831 sesquialteram,
1451 4761 1545 4819 lremi-

182 4847 297 4921 hoiianr,
322 4856 352 4907 et
374 4849 597 4923 sesquitertiam,
622 4846 778 4922 epitriton;
800 4863 841 4905 sc.
865 4848 939 4904 inter
956 4862 1091 4906 numeros
1113 4848 1143 4909 2,
1168 4846 1186 4903 3
1209 4854 1239 4903 et
1262 4847 1292 4913 il,
1316 4846 1346 4918 4,
1371 4862 1447 4921 quse
1470 4848 1546 4908 dnae

184 4937 382 5015 proportiones
406 4933 579 5011 conjunctae
601 4933 712 4992 iaciunt
735 4937 950 5013 proportionem
974 4933 1107 5013 duplam,
1141 4933 1216 4992 iuter
1237 4948 1376 4992 numeros
1399 4938 1436 5009 h,
1460 4938 1480 4994 4
1500 4939 1547 4997 rel

231 5046 326 5097 Kapisri
340 5045 417 5097 open
429 5044 457 5086 V.
1360 5040 1378 5098 9
