3567 5625
241 385 284 446 24
617 376 760 451 Epistulae
775 377 891 454 Κῳὶετι
906 379 1075 453 &mulque
1091 384 1203 439 mutuae

240 582 300 633 rura
322 559 500 644 α’μφοιεροιο
521 556 600 641 dperc
621 583 656 643 sp
680 583 716 626 re
734 581 844 628 remor
864 565 995 642 dtaeopp
1018 558 1036 642 ἢ
1059 556 1189 641 &eapse
1209 565 1326 639 sertas,
1347 558 1365 639 ἡ
1387 557 1588 632 remor

240 671 305 712 τινα
330 654 466 728 dsurpeors
494 647 533 721 ric
561 648 609 713 ἶσα
636 671 828 729 appearance.
875 646 999 729 Oportet
1027 657 1127 714 autem
1153 645 1241 729 ὅρους
1266 651 1300 712 itt
1324 650 1424 729 prinis
1452 649 1527 714 intel
1554 662 1587 707 se

241 739 367 797 numeris
390 739 556 799 consistere.

343 821 413 885 Jam
436 825 577 886 adeamus
597 824 739 885 musicam
760 831 790 886 et
811 822 880 886 ride
901 825 971 885 mihi
993 842 1054 887 rem
1075 826 1246 900 mirabilem,
1269 825 1430 902 geometria
1452 822 1587 900 dignene

242 910 321 991 quod
343 914 373 972 in
395 916 556 991 geometria
578 919 623 975 est
646 912 853 988 demonstrare,
875 912 905 972 id
928 919 973 975 est
993 915 1024 972 in
1046 915 1171 978 vocibus
1197 915 1241 994 (in
1260 920 1342 976 notu
1363 908 1485 988 scilicet)
1516 926 1588 974 eort-

199 1065 205 1084 ,
243 1018 363 1077 aonam
397 1018 472 1063 sane
500 1003 571 1079 puia
599 1000 795 1062 demonstrare
818 1007 864 1061 est
884 1019 1024 1078 aequm,
1054 1020 1189 1066 mensura
1215 1008 1342 1081 reperta,
1373 1016 1472 1075 aequa¹
1490 1005 1589 1060 aulem

242 1082 379 1166 dpperser
400 1090 535 1150 invicem
578 1088 619 1150 Et
639 1088 748 1167 singuli
768 1088 887 1166 quidem
908 1092 986 1169 lepos
1006 1090 1140 1150 mirabile
1162 1090 1221 1151 lere
1243 1088 1313 1165 qnid
1334 1086 1453 1149 lrabeat
1498 1088 1590 1165 Asper

243 1174 431 1253 aequalitatis
456 1178 487 1238 in
517 1179 679 1253 geometria
706 1178 824 1255 patitrrr,
850 1194 910 1262 non
939 1175 1160 1240 demonstratur.
1203 1177 1239 1238 h
1260 1178 1373 1244 musica
1393 1191 1509 1252 quoque
1530 1190 1589 1234 ooo

242 1263 309 1345 plns
323 1267 444 1342 petiero,
467 1282 555 1341 qnam
569 1273 602 1326 nt
615 1266 694 1328 auris
710 1263 847 1326 discentis
862 1263 1003 1342 dindieet
1022 1267 1244 1326 consecrantium
1258 1282 1363 1330 roceto
1380 1271 1409 1324 et
1426 1264 1589 1334 anianum,

246 1359 343 1413 cetera
365 1369 465 1412 aurem
486 1370 542 1427 eps
565 1352 686 1414 docebo.
713 1352 754 1414 At
768 1369 828 1414 noa
847 1354 890 1414 sio
910 1361 1031 1416 ramea
1060 1353 1152 1413 Pium
1172 1354 1248 1416 eninr
1271 1353 1310 1420 ab
1332 1351 1451 1414 auribus
1471 1350 1590 1428 petiere,

245 1447 334 1524 atque
364 1442 476 1499 utinam
502 1458 539 1501 ea
565 1448 652 1502 recte.
698 1441 790 1521 Asper
823 1435 859 1520 'lp
888 1448 934 1502 eat
963 1439 1180 1517 quodammodo
1205 1440 1357 1513 identiens,
1387 1437 1463 1500 dnae
1493 1443 1592 1516 parter

246 1526 345 1588 circuli
368 1534 538 1603 aeuumnr,
561 1527 694 1589 consistit
715 1528 745 1586 ln
767 1530 894 1588 nummis
915 1529 1044 1606 integris.
1083 1529 1120 1589 Et
1142 1535 1189 1590 ora
1211 1547 1312 1592 aanor
1333 1543 1451 1604 quomo
1473 1533 1518 1587 est
1532 1540 1592 1584 ror

245 1615 373 1676 identiea
395 1615 620 1692 quodammodo,
643 1614 721 1691 qnod
744 1616 835 1693 probe
857 1617 983 1677 manicat
1005 1615 1188 1678 Aristoteles.
1233 1616 1270 1675 Et
1292 1617 1321 1674 in
1343 1618 1455 1676 musica
1475 1628 1592 1691 quosne

245 1702 287 1767 ad
316 1709 452 1763 cetarum
482 1721 583 1765 omnes
613 1704 822 1765 consonantiae
852 1702 1027 1778 collineant,
1057 1705 1211 1780 minusque
1241 1704 1393 1766 uarietatis
1413 1708 1460 1763 est
1479 1704 1512 1764 la
1536 1699 1594 1762 bae

245 1808 334 1870 quam
365 1793 395 1850 ia
424 1794 536 1854 cauria
590 1791 719 1854 Primam
748 1793 837 1852 etlam
865 1799 980 1852 veteres
1009 1790 1235 1866 considerarunt,
1268 1792 1391 1869 primam
1419 1792 1594 1857 manserat

245 1897 310 1940 cum
331 1897 385 1939 sna
408 1877 596 1941 dimensione
648 1879 703 1940 Est
723 1896 794 1939 raro
816 1885 846 1940 et
873 1874 911 1964 Ἀ
934 1880 964 1938 pn
992 1880 1113 1956 paribus
1141 1886 1171 1939 et
1197 1880 1269 1940 totis
1295 1880 1437 1952 ameris,
1466 1878 1593 1951 [decute

245 1967 312 2028 bnis
325 1975 393 2028 sunt
407 1966 483 2028 duae
498 1975 631 2029 odorae.
662 1966 736 2027 Post
757 1973 803 2027 sat
824 1969 909 2047 lepor
925 1962 979 2050 Ἀ,
994 1966 1066 2028 bine
1078 1974 1124 2028 est
1138 1973 1245 2028 samua
1267 1982 1335 2027 cum
1355 1967 1466 2044 quinta,
1488 1967 1594 2026 iterum

245 2057 355 2131 suavis,
378 2058 447 2131 qnia
469 2057 620 2134 proportio
642 2061 687 2114 est
708 2055 737 2113 in
759 2055 880 2131 integris
903 2057 1038 2115 numeria
1089 2054 1186 2130 Hujus
1208 2054 1324 2133 duplus,
1349 2049 1401 2137 ¹l02
1424 2060 1471 2114 ast
1492 2054 1594 2129 quintu

246 2159 334 2221 snpra
356 2141 428 2203 duas
451 2152 582 2204 octavas.
626 2141 752 2203 Multum
778 2141 972 2219 jucunditatis
998 2140 1090 2202 babet
1118 2143 1235 2206 ditonus
1257 2159 1345 2220 snpra
1367 2140 1441 2202 duas
1463 2148 1594 2214 octavas,

200 2248 209 2263 ·
246 2230 403 2308 quiajam
433 2230 497 2306 ejus
526 2231 675 2308 proportio
710 2224 747 2313 ¹),
776 2232 805 2289 ln
835 2229 954 2306 integris
987 2229 1103 2306 quidem
1132 2232 1230 2292 tennis
1257 2234 1314 2303 eat,
1351 2229 1404 2291 sed
1432 2231 1534 2307 imperi
1564 2233 1596 2288 et

247 2319 390 2396 quinario.
434 2317 618 2380 Accedamus
645 2316 685 2378 ad
712 2317 997 2396 superparticulares.
1048 2317 1126 2378 llam
1152 2335 1188 2378 ex
1218 2312 1337 2400 incolae
1359 2313 1402 2399 il,
1425 2323 1470 2377 est
1492 2317 1596 2393 prima

246 2423 317 2467 saue
340 2423 428 2482 quam
447 2406 592 2483 jucunda,
615 2408 685 2483 quia
705 2404 882 2483 trisngrslum
904 2413 949 2466 est
970 2404 1097 2483 perferte
1120 2404 1354 2470 demonstrabile
1393 2406 1439 2464 Ex
1460 2402 1595 2481 irrepssp

245 2489 289 2576 ⁸14
310 2501 355 2554 est
377 2501 483 2570 quarta
502 2511 615 2554 rursum
638 2493 774 2571 uriaco,
797 2495 867 2568 quia
889 2492 1121 2570 quadrangulum
1142 2492 1270 2571 perfecte
1291 2500 1336 2558 est
1357 2491 1592 2565 demonstrabile,

246 2581 299 2644 sed
326 2585 422 2642 minue
449 2589 548 2642 umen
574 2580 718 2658 jucunda,
748 2582 818 2657 qma
845 2581 894 2644 hia
926 2584 1008 2658 leyen
1036 2587 1082 2640 est
1111 2581 1227 2642 sterilis.
1279 2580 1416 2658 Sequitur
1443 2581 1592 2659 proportio

248 2668 356 2729 sterilis
378 2671 579 2746 suqniquintn
593 2664 649 2751 tl„
674 2667 751 2728 unde
772 2670 859 2729 tertia
879 2668 977 2730 mollis
997 2670 1115 2729 numne
1130 2675 1206 2731 erre
1221 2671 1321 2734 suade
1337 2676 1381 2732 est
1396 2675 1425 2729 et
1447 2666 1592 2740 amabilis,

248 2764 278 2819 et
298 2757 390 2817 bacca
410 2765 440 2817 et
459 2756 591 2836 simplex,
614 2762 644 2815 et
657 2757 749 2834 prims
763 2762 817 2819 ant
829 2758 950 2821 minima
965 2758 1230 2832 remanentiam,
1251 2757 1327 2818 deut
1341 2763 1371 2818 et
1386 2754 1593 2819 demonstratio

247 2845 400 2921 sexangnli
423 2843 545 2922 simplex
567 2843 751 2922 perfectaque
774 2851 828 2919 ert,
849 2847 1005 2923 ipsumque
1025 2845 1103 2906 latus
1118 2839 1205 2923 ipses
1218 2845 1256 2905 ad
1272 2844 1451 2906 diametrum.
1481 2842 1593 2904 Ultima

246 2932 548 3012 superparticularium
578 2939 624 3001 eol
650 2934 853 3009 smuniqnarta
875 2928 932 3014 7„
961 2933 1044 3009 enine
1074 2932 1282 2999 &monstratio
1305 2950 1370 2993 eum
1392 2950 1429 2993 ex
1451 2933 1593 3011 principio

247 3020 306 3083 alio
330 3021 401 3081 luat
421 3038 509 3098 quarn
530 3024 645 3080 ceterae
674 3021 770 3096 sitque
797 3018 876 3083 latus
903 3019 1115 3098 quinquangnli
1141 3018 1257 3100 ἄλογον,
1289 3023 1447 3082 rectissime
1478 3021 1595 3081 tertiam
1693 3044 1696 3049 ·

248 3108 371 3171 duram
392 3108 498 3182 dirue,
521 3109 591 3185 qnia
613 3104 681 3167 inde
703 3109 784 3168 venit
806 3112 1006 3171 consonantia
1049 3109 1215 3187 &permina
1239 3116 1387 3188 postremo
1404 3107 1471 3170 loeo
1493 3107 1594 3169 multl-

249 3196 338 3275 pliees
369 3195 644 3274 superparticulares
674 3201 704 3256 et
732 3198 980 3275 superpartientes
1008 3205 1140 3272 mutuor.
1195 3197 1273 3261 Nam
1297 3192 1336 3278 Ἃ
1365 3196 1436 3257 iacit
1463 3195 1594 3255 ditonum

249 3301 337 3363 supra
359 3291 509 3359 octavam,
542 3301 617 3361 quas
646 3284 744 3344 minna
772 3290 802 3346 et
831 3283 921 3345 habet
939 3283 1131 3361 jucunditatis
1158 3302 1247 3361 quem
1276 3302 1364 3362 snpra
1395 3280 1445 3367 115,
1478 3284 1595 3347 ditonus

247 3389 336 3450 snpra
359 3370 432 3432 duas
455 3378 583 3432 neuras.
628 3370 669 3429 At
692 3367 734 3453 ip,
764 3374 981 3451 superpartiens
1006 3373 1077 3434 lacit
1104 3380 1216 3434 sermm
1246 3372 1362 3448 doram,
1393 3375 1463 3449 qnia
1491 3370 1595 3435 eadem

248 3469 293 3521 est
315 3460 470 3521 eubtensae
493 3458 600 3535 angulo
624 3458 847 3533 demonstratio,
880 3478 969 3539 quae
984 3458 1083 3521 lateris
1111 3463 1142 3520 in
1173 3460 1401 3537 quinquangnlo.
1457 3457 1595 3521 Omnium

249 3547 410 3609 vilissimae
432 3555 501 3608 sunt
523 3547 597 3607 dnae
619 3546 758 3621 ultbrae·
772 3564 876 3627 nempe
894 3546 1047 3625 multiplex
1062 3549 1306 3628 superbipartiens
1321 3550 1423 3609 tertias
1438 3542 1493 3631 ⁸s„
1518 3564 1595 3623 qnae

249 3644 381 3713 quartae
410 3635 480 3697 iacit
510 3652 599 3714 snpra
626 3641 776 3709 octavam,
810 3642 840 3696 et
868 3638 1122 3714 supertripartiens
1147 3639 1264 3712 quintas
1290 3632 1347 3719 73,
1377 3654 1454 3712 quae
1482 3643 1595 3695 sextam

247 3724 366 3787 mollem
381 3723 440 3796 dat,
456 3740 529 3784 sono
543 3740 618 3801 pene
633 3730 835 3784 evanescente.
865 3723 1024 3801 Propterea
1037 3725 1187 3796 nanterus
1201 3728 1262 3786 tere
1276 3724 1391 3787 auum
1404 3742 1424 3784 a
1438 3724 1595 3785 veteribus.

247 3810 323 3870 Nam
354 3811 522 3889 imperfecta
552 3817 596 3872 eet
624 3808 833 3870 demonstratio
864 3809 1021 3872 subteosae
1046 3814 1139 3895 tribus
1165 3814 1278 3875 nemeis
1300 3811 1409 3874 circuli.
1454 3809 1514 3872 Sed
1534 3828 1595 3875 oon

248 3905 309 3957 tam
331 3898 370 3957 ad
391 3899 537 3976 simplices
564 3896 775 3974 respiciendum
807 3903 854 3957 est
880 3897 1063 3974 harmonias,
1096 3918 1184 3977 qnam
1211 3899 1251 3967 ad
1280 3899 1422 3979 triplicem
1449 3899 1536 3961 bium
1564 3901 1595 3959 in

250 3983 394 4047 divisione
422 3988 612 4045 terminorum
641 3992 821 4045 concentum.
865 3984 941 4046 llam
972 3994 1076 4063 quarta
1102 4005 1168 4049 eum
1198 3994 1305 4050 oetan
1333 3985 1412 4065 qnod
1439 3988 1623 4047 suavitatis

250 4072 361 4149 aliquid
383 4073 485 4147 babet,
508 4071 539 4131 id
561 4079 606 4134 est
627 4080 744 4151 propter
766 4074 971 4150 cognationem
994 4092 1060 4137 eum
1082 4082 1196 4153 quum‘
1206 4076 1346 4154 simplici,
1377 4075 1459 4152 cuiue
1482 4071 1526 4160 'lp
1547 4074 1596 4136 di·

249 4160 369 4222 midinm
383 4162 436 4221 est.
467 4160 508 4220 At
528 4161 555 4219 si
577 4167 737 4221 musonent
759 4163 788 4234 3,
813 4163 841 4235 5,
866 4162 894 4236 8,
917 4161 1044 4223 absurda
1058 4163 1091 4223 tit
1105 4166 1198 4225 strix
1212 4163 1375 4227 tolerabilis
1393 4164 1594 4239 eomonanda,

250 4252 320 4327 qula
340 4254 498 4326 sequuntur
519 4248 644 4309 invicem
666 4248 741 4309 duae
763 4255 872 4313 sextae.
917 4249 955 4308 Et
976 4257 1074 4313 amen
1096 4259 1141 4314 est
1162 4253 1362 4314 consenantia.

352 4336 410 4397 Hic
430 4335 613 4414 respondebo
636 4335 675 4397 ad
697 4344 763 4398 tuas
786 4337 975 4414 objectiones,
1003 4338 1091 4415 jubes
1117 4341 1147 4411 ll
1169 4348 1203 4402 nt
1223 4359 1259 4402 er
1280 4357 1368 4403 sensu
1389 4339 1509 4417 probem
1529 4337 1595 4414 bas,

248 4441 307 4484 noa
328 4425 424 4505 plures
447 4427 659 4496 consonantias,
683 4421 716 4505 2)
736 4430 768 4485 ut
783 4423 887 4499 dicam,
910 4443 960 4489 cnr
976 4429 1109 4489 omittam
1134 4424 1171 4505 ¹),
1186 4428 1256 4511 (tres
1265 4423 1413 4505 xocurras)¹
1440 4422 1492 4507 ll„,
1507 4427 1596 4503 (eua-

249 4511 473 4683 {pervoctlalraslg
491 4520 566 4682 εἰει]
598 4509 644 4674 32)
660 4512 727 4683 cuir]
744 4513 806 4590 jem
835 4530 895 4574 non
917 4520 1032 4575 tantum
1054 4517 1089 4592 8,
1118 4515 1172 4577 sed
1196 4519 1235 4577 14
1257 4532 1365 4595 ponam
1387 4516 1594 4579 oemouaetiae

327 4644 449 4750 'ilerde
470 4601 672 4767 d'd’ssisd’nsdr’
689 4640 755 4750 oaldi
777 4688 857 4749 solas
879 4687 928 4749 rel
949 4695 1061 4767 septem
1076 4690 1174 4766 potius
1188 4691 1268 4768 prius
1283 4686 1422 4769 dixeram.
1455 4685 1594 4748 Omnium

249 4772 352 4838 eadem
374 4784 418 4837 est
438 4778 597 4856 responsio.
628 4780 696 4838 scio
718 4793 835 4841 sensum
857 4775 955 4854 plures
975 4776 1071 4839 iacere
1093 4785 1222 4854 octavas,
1252 4775 1349 4855 plures
1370 4774 1593 4839 muamus

247 4865 322 4929 later
352 4861 424 4930 duas
451 4864 531 4927 solas
559 4864 692 4928 chordas
735 4865 800 4945 Epo
829 4882 900 4928 vero
929 4863 997 4929 illas
1023 4866 1194 4931 commendo
1224 4867 1393 4948 praedpue,
1423 4882 1501 4944 qnae
1522 4870 1593 4928 sunt
