3567 5625
271 440 332 501 tto
800 441 842 496 Dc
858 439 1083 511 Propertionibns

268 614 307 676 ad
328 616 447 677 ciendos
468 618 588 679 allectus
610 621 773 679 imitatione
793 635 947 692 sonorum,
982 637 1056 695 qnos
1086 619 1176 681 edum
1202 621 1341 681 animalia
1370 621 1409 681 ad
1432 620 1615 681 testificanda

267 722 323 763 sua
345 703 502 779 desideria,
524 706 593 766 binc
615 717 704 784 patet,
727 709 840 771 vanam
855 716 885 766 et
899 705 1089 785 multiplicem
1103 725 1168 769 esse
1182 708 1258 768 banc
1274 708 1500 788 disputationem
1520 710 1613 770 adeo·

269 809 326 868 que
349 792 476 852 infinitae
498 793 637 870 similem,
659 811 735 870 quae
758 811 825 854 cum
847 811 928 854 moos
942 795 1066 854 lacertos
1088 805 1212 872 superet,
1240 799 1346 856 rectius
1370 800 1612 857 bansmitteretur

269 881 405 939 universa
427 883 579 958 empiricis,
601 881 658 941 boc
680 890 725 942 sst
744 884 863 941 musicis
885 884 1034 958 practicis,
1057 885 1167 961 qnippe
1190 884 1240 959 qni
1262 886 1324 942 sine
1346 886 1612 961 praeceptionibus,

268 966 332 1026 solo
354 975 474 1028 natusne
498 969 586 1029 ductu
609 969 823 1029 admirabilium
846 968 1036 1029 melodiarum
1059 971 1184 1031 subinde
1205 980 1340 1030 auctores
1363 974 1505 1044 existunt,
1533 970 1612 1046 quod

141 1096 172 1109 ..
269 1056 340 1130 ipsis
360 1055 448 1131 longe
470 1063 515 1115 est
535 1056 659 1130 facilius,
682 1075 771 1133 qnam
792 1068 833 1131 nt,
856 1056 926 1131 quid
948 1059 987 1115 sit
1008 1066 1110 1116 tantm
1134 1066 1163 1117 et
1185 1060 1214 1116 in
1230 1076 1290 1135 qno
1305 1061 1447 1118 consistat
1468 1067 1521 1119 aut
1535 1076 1612 1135 qno·

268 1140 356 1201 modo
378 1142 473 1202 iactus
495 1146 547 1219 sit,
571 1147 701 1204 oratione
724 1144 815 1220 longa
835 1150 864 1203 et
887 1143 995 1204 diserta
1017 1144 1199 1221 eloquantur.
1245 1145 1319 1205 Cum
1341 1149 1434 1221 enim,
1465 1155 1498 1204 ut
1520 1149 1614 1205 oratio

271 1246 368 1307 prosa,
392 1232 526 1304 sumine,
550 1233 593 1291 sic
614 1250 703 1292 voces
726 1240 756 1290 et
777 1239 877 1305 gestus
900 1234 1080 1291 animantum
1103 1242 1192 1292 cantu
1207 1241 1458 1312 repraesententur
1480 1242 1509 1293 et
1525 1234 1616 1293 veluti

273 1316 479 1393 depingantur,
513 1325 590 1380 certe
612 1328 645 1378 ut
667 1320 798 1396 poetice,
831 1320 875 1378 sic
897 1319 984 1378 etiam
1006 1322 1118 1379 musica
1147 1329 1251 1380 cantus
1273 1320 1464 1397 componendi
1493 1321 1616 1380 facultas

270 1421 327 1462 usu
348 1414 379 1465 et
401 1409 607 1469 exercitatione
630 1407 704 1480 sola,
727 1408 750 1465 si
775 1408 861 1465 luerit
882 1409 1030 1482 ingenium
1050 1410 1140 1466 etlam
1163 1418 1269 1467 natura
1290 1409 1401 1467 lactum
1423 1409 1462 1469 ad
1484 1408 1549 1480 hoc,
1573 1416 1618 1469 est

270 1490 457 1553 addiscenda.

356 1580 433 1655 Quia
455 1591 551 1640 tamen
574 1599 642 1658 pars
665 1588 709 1640 est
730 1580 1003 1640 honestissimarum
1017 1583 1106 1640 animi
1125 1584 1345 1656 remeationem,
1370 1581 1508 1658 indagare
1523 1598 1618 1641 rerum

176 1716 179 1724 .
269 1686 381 1738 musas,
404 1677 456 1728 ant
477 1669 515 1728 ab
538 1667 604 1728 aliis
626 1677 755 1746 repertas
778 1670 940 1727 comminus
962 1671 1077 1739 intueri,
1102 1668 1177 1728 adeo
1192 1669 1318 1744 quidem,
1344 1679 1376 1727 ut
1397 1673 1485 1729 etiam
1503 1670 1618 1728 Aristo-

269 1742 359 1817 teles‘
371 1755 583 1833 problematum
612 1773 732 1815 snorum
762 1764 874 1833 partem
904 1773 961 1814 non
993 1758 1149 1815 minimam
1178 1757 1473 1835 contemplationibus
1507 1757 1618 1816 dederit

268 1844 460 1917 harmonicis,
483 1842 647 1902 conandum
670 1847 757 1902 etiam
781 1844 828 1902 bic
850 1851 896 1905 cst
917 1843 1030 1919 aliquid
1058 1844 1280 1920 proterendiqne
1302 1844 1507 1923 philosophiae
1534 1843 1617 1911 fines,
1665 1883 1673 1903 .

269 1939 299 1990 et
321 1929 453 2009 marbodi
471 1930 585 2007 legibus
607 1930 746 1989 adhibitis
769 1929 930 1990 coercenda
952 1931 1003 1989 illa
1025 1932 1232 2008 disputationis
1255 1931 1382 1990 infinitas
1405 1931 1502 2008 adque
1526 1950 1618 2005 gerre-

269 2017 343 2076 ralia
363 2021 461 2094 capita
482 2017 657 2088 revocanda,
680 2027 713 2077 ut
736 2035 786 2095 per
808 2016 969 2094 singularia
991 2018 1177 2095 postmodnm
1199 2018 1236 2079 de
1258 2019 1402 2078 similibus
1425 2019 1503 2080 idem
1525 2024 1619 2097 possit

266 2122 335 2165 esse
353 2105 508 2182 judicium.
618 2112 621 2117 ’

363 2192 386 2251 l.
410 2191 521 2252 Cantus
542 2193 634 2270 ipsius
662 2193 876 2268 affectuumque
906 2194 956 2268 qui
980 2198 1082 2251 cautus
1105 2193 1217 2269 species
1248 2200 1419 2270 sequuntur,
1449 2194 1616 2271 proportio·

269 2278 350 2340 salin
371 2287 440 2338 sunt
463 2279 625 2359 elementa,
648 2281 769 2340 totidem
790 2280 849 2339 lere
872 2297 993 2338 numero
1016 2282 1161 2355 utrinque.
1206 2279 1282 2339 Nam
1307 2282 1395 2340 etiam
1426 2297 1514 2340 voces
1537 2284 1618 2358 ipsae

253 2370 397 2446 partium
412 2374 525 2442 cantus,
549 2364 650 2447 ἀρωγη,
673 2391 750 2445 sorry,
773 2389 899 2436 amasso,
915 2371 1016 2444 πλοκη,
1040 2364 1078 2426 ad
1093 2366 1214 2427 allectus
1228 2367 1364 2427 alludunt
1381 2377 1483 2426 certos.
1521 2367 1620 2426 Prima

272 2455 453 2534 simplicitati
475 2458 574 2522 servit,
599 2454 701 2515 ultima
724 2454 873 2528 luxurias3
897 2453 948 2513 illa
970 2456 1082 2531 corpori
1098 2454 1201 2513 similis
1217 2464 1272 2533 est,
1295 2456 1367 2514 baec
1383 2454 1547 2529 coloribus;
1571 2467 1619 2514 to·

270 2561 322 2601 nes
344 2543 509 2619 aequalitas
532 2545 724 2602 attentionem
746 2551 858 2616 moret,
883 2545 976 2620 pettia
997 2559 1049 2601 seu
1071 2541 1201 2600 incitatio
1224 2542 1263 2601 ad
1278 2541 1503 2602 delectationem
1526 2552 1556 2601 et
1571 2561 1619 2602 re·

270 2633 445 2691 creationem
470 2637 514 2690 est
537 2637 713 2708 comparata.
760 2628 842 2688 Haec
864 2636 934 2687 strnt
955 2629 1103 2705 generalia
1125 2646 1176 2706 per
1197 2646 1298 2688 omues
1321 2631 1423 2689 modos
1447 2632 1583 2688 musicos.

357 2717 396 2777 ΙΙ.
421 2719 466 2776 De
489 2735 584 2793 agoge
607 2717 664 2776 hoe
685 2716 832 2794 peculiare
854 2724 954 2775 monet
977 2714 1136 2785 Galilaeus,
1162 2715 1235 2775 duas
1257 2716 1321 2794 ejus
1344 2735 1408 2776 esse
1431 2716 1617 2790 differentias,

271 2824 359 2865 unam
381 2825 504 2885 sursum,
528 2804 651 2866 alteram
674 2804 819 2884 deorsum,
841 2822 964 2881 quarum
987 2804 1038 2865 illa
1059 2803 1189 2865 lactitiae
1211 2807 1335 2878 serviat,
1359 2805 1431 2864 baec
1453 2806 1619 2865 moestitiae

272 2902 310 2954 et·
327 2893 419 2952 fletui.
465 2895 563 2952 Causa
593 2900 639 2953 est
668 2892 825 2964 naturalis,
863 2893 936 2951 inira
967 2896 1044 2950 enim
1073 2909 1130 2950 vor
1161 2894 1259 2967 gravis
1290 2901 1370 2952 motu
1400 2892 1484 2951 tardo
1516 2892 1619 2964 editur,

275 2999 364 3058 supra
384 2998 444 3040 vor
467 2989 554 3040 acuta
575 2988 656 3038 motu
680 2982 844 3052 concitato,
873 2996 940 3038 cum
968 2996 1037 3056 ergo
1060 2996 1119 3039 rox
1146 2979 1309 3053 descendit,
1340 2981 1431 3056 quieti
1459 2982 1621 3058 appropin-

271 3077 351 3145 quat,
375 3085 441 3127 cum
462 3066 603 3137 ascendit,
627 3070 655 3123 in
679 3075 759 3126 motu
783 3065 910 3144 proficit3
933 3076 1087 3143 propterea
1108 3069 1138 3125 in
1160 3067 1270 3127 chorali
1286 3075 1372 3125 cautu
1396 3067 1568 3145 plerumque
1590 3071 1617 3125 in

270 3159 329 3215 iuro
354 3155 528 3228 desinimus,
550 3154 611 3215 illic
633 3155 721 3229 igitur
743 3172 805 3213 voa
823 3154 995 3232 languescit,
1019 3155 1067 3213 hic
1090 3157 1180 3230 viget.
1227 3157 1316 3230 Atqui
1333 3157 1421 3213 etiam
1443 3156 1472 3211 in
1488 3173 1619 3215 moerore

272 3243 394 3318 languet
414 3260 495 3303 mens
518 3259 677 3318 omnesque
700 3242 874 3313 functiones,
897 3244 926 3299 in
948 3241 1096 3302 hilaritate
1121 3244 1194 3300 vivit
1216 3250 1246 3301 et
1267 3252 1389 3302 actuosa
1410 3250 1464 3301 est

344 3330 415 3390 1111.
440 3331 493 3388 list
514 3333 603 3390 etiam
625 3329 718 3388 saltus
741 3332 786 3388 ris
809 3346 930 3404 magna,
955 3332 1004 3405 qui
1028 3337 1072 3387 est
1095 3328 1185 3388 veluti
1208 3328 1375 3405 potentialis
1397 3346 1507 3406 agoge3
1534 3331 1624 3388 babet

274 3419 350 3477 enim
372 3420 576 3489 temeritatem,
600 3425 719 3489 motum,
744 3416 906 3489 audaciam,
931 3427 976 3474 est
998 3417 1141 3486 militaris,
1165 3416 1265 3490 virilis,
1288 3416 1451 3494 impudens,
1477 3420 1501 3475 si
1524 3420 1623 3476 creber

272 3507 319 3576 sit,
343 3508 513 3582 praesertim
536 3523 587 3583 per
610 3504 756 3580 diapente,
779 3503 863 3579 cujus
886 3504 988 3578 ligura,
1012 3506 1152 3579 trigonus,
1175 3505 1269 3562 acutis
1292 3512 1406 3564 constm
1427 3504 1552 3581 angulis,
1575 3513 1623 3562 to·

273 3602 394 3668 tumque
423 3592 561 3652 circulum
590 3593 682 3651 tribus
713 3591 797 3650 lincis
825 3591 961 3649 absumit.
1014 3591 1122 3670 Coptra
1152 3590 1246 3649 saltus
1276 3609 1326 3669 per
1354 3599 1466 3650 sextam
1505 3593 1623 3650 mollem

272 3683 376 3740 unicus
405 3679 581 3752 ascendens,
619 3687 759 3755 sequente
790 3696 884 3755 agoge
915 3679 1049 3738 deorsum
1077 3677 1307 3755 magnitudinem
1338 3676 1446 3737 doloris
1480 3681 1623 3756 exprimit,

273 3776 359 3845 aptus
382 3766 556 3843 ejulatibus,
581 3768 618 3826 oh
641 3765 864 3825 similitudinem
889 3769 986 3839 vocis,
1015 3776 1047 3824 nt
1073 3768 1118 3822 in:
1152 3763 1191 3823 Ira
1212 3784 1260 3824 mc
1281 3769 1467 3824 hamieruat
1491 3764 1622 3825 Orlaudi.

274 3851 279 3860 ’
358 3854 411 3912 IV.
435 3854 560 3912 Multum
584 3857 671 3912 etiam
694 3856 821 3924 interest,
845 3862 984 3929 quantam
1008 3853 1190 3912 altitudinem
1214 3855 1244 3911 in
1267 3860 1388 3913 octavae
1403 3862 1562 3930 systemate
1585 3856 1623 3915 ab

273 3943 332 4000 ima
352 3941 452 4000 radice
475 3951 577 4000 cantus
600 3942 752 4017 potissima
776 3959 843 4017 pars
866 3949 997 4018 occupet.
1042 3940 1116 3999 Nam
1146 3942 1170 3997 si
1195 3947 1287 4000 totam
1310 3950 1443 3999 octavam
1474 3951 1624 4019 percurrat

274 4037 325 4086 aut
347 4027 479 4102 excedat,
504 4030 652 4086 animosus
675 4023 785 4085 cantus
801 4035 861 4101 est;
885 4030 930 4084 sin
954 4027 1135 4087 diatessaron
1158 4027 1271 4102 solum,
1295 4026 1444 4087 modestus
1466 4040 1496 4087 et
1515 4029 1625 4105 jucun·

274 4113 346 4191 dns3
370 4114 506 4192 diapente
529 4113 757 4173 mediocritatem
780 4116 883 4187 hahet3
913 4117 999 4172 tertia
1023 4114 1119 4173 mollis
1142 4114 1348 4175 demissionem
1374 4123 1405 4175 et
1425 4115 1623 4192 pusillanimi·

137 4231 141 4258 ι
215 4263 223 4280 ,
253 4211 373 4262 tatem.
419 4202 484 4261 Hoc
507 4201 625 4278 quidam
646 4202 776 4260 tribuunt
798 4189 949 4260 descensui
973 4201 1046 4260 inira
1068 4202 1195 4262 radicem
1216 4221 1268 4280 per
1289 4202 1486 4276 diatessaron,
1519 4203 1625 4280 bujus·

274 4307 331 4367 que
355 4291 463 4349 lormac
486 4297 571 4349 tonos
594 4288 743 4367 appellant
764 4287 878 4365 plagius
902 4307 953 4348 sen
977 4288 1109 4365 plagales
1130 4307 1248 4349 suorum
1271 4290 1484 4350 authentorum.

363 4377 400 4435 V.
423 4377 503 4437 Inter
526 4377 675 4452 generalia
697 4377 841 4435 elementa
864 4376 1013 4435 reserenda
1040 4384 1085 4435 est
1109 4379 1292 4454 potissimum
1320 4380 1409 4437 etiam
1432 4377 1564 4438 celeritas
1595 4387 1625 4437 st

274 4465 395 4524 tarditas
417 4465 544 4543 rhythmi
567 4482 619 4524 seu
642 4472 752 4528 motus.
776 4481 901 4540 quarum
923 4463 974 4522 illa
995 4466 1071 4541 irae,
1099 4467 1204 4539 motui,
1236 4465 1355 4543 pugnis,
1389 4464 1528 4524 hilaritati
1553 4472 1624 4543 apta

274 4561 327 4626 est,
349 4554 424 4613 haec
445 4554 655 4624 allectionibus,
679 4553 786 4628 quibus
808 4569 859 4629 per
880 4552 1008 4628 quietem
1030 4551 1157 4624 lruimnr,
1180 4555 1313 4623 moerori,
1339 4555 1440 4624 amori,
1455 4552 1621 4626 desiderio,

274 4641 421 4721 voluptati
444 4660 480 4700 ex
504 4638 653 4718 potiundo.
1702 4697 1707 4706 ,

363 4728 414 4786 VI.
439 4728 523 4788 Adde
546 4727 732 4799 atmodum,
765 4726 822 4785 boc
850 4733 895 4784 est
918 4725 1082 4804 rhythmum
1105 4728 1217 4805 ipsum3
1247 4726 1307 4785 alia
1332 4730 1409 4785 enim
1440 4727 1518 4806 tripli
1541 4726 1622 4800 dicti,

275 4815 334 4875 alia
356 4815 437 4893 dupli
459 4823 503 4874 est
525 4818 585 4889 vis,
608 4832 696 4891 qnam
717 4815 790 4873 torte
812 4814 935 4872 multam
958 4814 1045 4872 trahit
1067 4832 1102 4873 ex
1126 4815 1287 4873 imitatione
1309 4814 1481 4873 saltantium
1496 4815 1622 4875 chorea-

276 4909 356 4978 rum,
380 4920 457 4980 quae
479 4911 611 4962 motuum
633 4904 663 4960 in
684 4903 722 4960 iis
744 4901 888 4961 alternata
912 4904 1037 4962 varietas
1060 4919 1125 4960 cnm
1147 4902 1283 4962 omnibus
1309 4909 1381 4962 nota
1402 4905 1455 4978 sit,
1485 4901 1623 4963 admonet
