<?xml version="1.0" encoding="UTF-8"?>
<!DOCTYPE html PUBLIC "-//W3C//DTD XHTML 1.0 Transitional//EN"
    "http://www.w3.org/TR/xhtml1/DTD/xhtml1-transitional.dtd">
<html xmlns="http://www.w3.org/1999/xhtml" xml:lang="en" lang="en">
 <head>
  <title>
</title>
<meta http-equiv="Content-Type" content="text/html;charset=utf-8" />
  <meta name='ocr-system' content='tesseract 3.04.00' />
  <meta name='ocr-capabilities' content='ocr_page ocr_carea ocr_par ocr_line ocrx_word'/>
</head>
<body>
  <div class='ocr_page' id='page_1' title='image "./joanniskepleria24frisgoog_0244.png"; bbox 0 0 3567 5625; ppageno 0'>
   <div class='ocr_carea' id='block_1_1' title="bbox 284 350 1345 461">
    <p class='ocr_par' dir='ltr' id='par_1_1' title="bbox 284 350 1345 461">
     <span class='ocr_line' id='line_1_1' title="bbox 284 350 1345 461; baseline 0.001 -16"><span class='ocrx_word' id='word_1_1' title='bbox 284 394 346 457; x_wconf 70' lang='lat'>222</span> <span class='ocrx_word' id='word_1_2' title='bbox 621 358 626 367; x_wconf 36' lang='grc' dir='ltr'><strong><em>Ι</em></strong></span> <span class='ocrx_word' id='word_1_3' title='bbox 698 390 741 445; x_wconf 89' lang='lat' dir='ltr'>De</span> <span class='ocrx_word' id='word_1_4' title='bbox 759 388 1024 460; x_wconf 66' lang='lat' dir='ltr'>Comparationibna</span> <span class='ocrx_word' id='word_1_5' title='bbox 1041 389 1219 449; x_wconf 73' lang='lat' dir='ltr'>Hmouicia.</span> <span class='ocrx_word' id='word_1_6' title='bbox 1277 445 1286 461; x_wconf 73' lang='grc'>,</span> <span class='ocrx_word' id='word_1_7' title='bbox 1340 350 1345 363; x_wconf 30' lang='grc' dir='ltr'><strong><em>Ι</em></strong></span> 
     </span>
    </p>
   </div>
   <div class='ocr_carea' id='block_1_2' title="bbox 257 568 1676 1611">
    <p class='ocr_par' dir='ltr' id='par_1_2' title="bbox 257 568 1676 1611">
     <span class='ocr_line' id='line_1_2' title="bbox 369 568 1633 646; baseline 0.002 -17"><span class='ocrx_word' id='word_1_8' title='bbox 369 569 435 643; x_wconf 80' lang='lat' dir='ltr'>Non</span> <span class='ocrx_word' id='word_1_9' title='bbox 457 569 552 630; x_wconf 82' lang='lat' dir='ltr'>dicam</span> <span class='ocrx_word' id='word_1_10' title='bbox 574 571 650 629; x_wconf 89' lang='lat' dir='ltr'>luter</span> <span class='ocrx_word' id='word_1_11' title='bbox 663 570 802 644; x_wconf 86' lang='lat' dir='ltr'>rationes,</span> <span class='ocrx_word' id='word_1_12' title='bbox 824 568 915 646; x_wconf 87' lang='lat' dir='ltr'>quod,</span> <span class='ocrx_word' id='word_1_13' title='bbox 938 571 1146 646; x_wconf 82' lang='lat' dir='ltr'>cumprimum</span> <span class='ocrx_word' id='word_1_14' title='bbox 1166 570 1246 643; x_wconf 85' lang='lat' dir='ltr'>loris,</span> <span class='ocrx_word' id='word_1_15' title='bbox 1271 568 1376 629; x_wconf 84' lang='lat' dir='ltr'>deinde</span> <span class='ocrx_word' id='word_1_16' title='bbox 1398 570 1428 628; x_wconf 92' lang='lat' dir='ltr'>in</span> <span class='ocrx_word' id='word_1_17' title='bbox 1450 586 1539 631; x_wconf 79' lang='grc' dir='ltr'>ιιιιι</span> <span class='ocrx_word' id='word_1_18' title='bbox 1559 570 1633 630; x_wconf 83' lang='lat' dir='ltr'>tnr-</span> 
     </span>
     <span class='ocr_line' id='line_1_3' title="bbox 283 655 1676 734; baseline 0.001 -18"><span class='ocrx_word' id='word_1_19' title='bbox 283 664 350 717; x_wconf 87' lang='lat' dir='ltr'>sent</span> <span class='ocrx_word' id='word_1_20' title='bbox 371 656 430 732; x_wconf 91' lang='lat' dir='ltr'>illa,</span> <span class='ocrx_word' id='word_1_21' title='bbox 453 674 530 733; x_wconf 90' lang='lat' dir='ltr'>qnae</span> <span class='ocrx_word' id='word_1_22' title='bbox 552 665 764 734; x_wconf 72' lang='lat' dir='ltr'><strong>comparantur,</strong></span> <span class='ocrx_word' id='word_1_23' title='bbox 787 655 891 717; x_wconf 75' lang='lat' dir='ltr'>ultImo</span> <span class='ocrx_word' id='word_1_24' title='bbox 918 666 948 716; x_wconf 87' lang='lat' dir='ltr'>et</span> <span class='ocrx_word' id='word_1_25' title='bbox 969 673 989 716; x_wconf 91' lang='lat' dir='ltr'>a</span> <span class='ocrx_word' id='word_1_26' title='bbox 1010 657 1097 715; x_wconf 90' lang='lat' dir='ltr'>rebns</span> <span class='ocrx_word' id='word_1_27' title='bbox 1128 664 1158 716; x_wconf 90' lang='lat' dir='ltr'>at</span> <span class='ocrx_word' id='word_1_28' title='bbox 1179 675 1198 716; x_wconf 92' lang='lat' dir='ltr'>a</span> <span class='ocrx_word' id='word_1_29' title='bbox 1219 655 1377 716; x_wconf 88' lang='lat' dir='ltr'>sensilibus</span> <span class='ocrx_word' id='word_1_30' title='bbox 1398 674 1494 718; x_wconf 86' lang='lat' dir='ltr'>rernm</span> <span class='ocrx_word' id='word_1_31' title='bbox 1515 660 1632 734; x_wconf 85' lang='lat' dir='ltr'>speeie-</span> <span class='ocrx_word' id='word_1_32' title='bbox 1674 658 1676 661; x_wconf 81' lang='grc'><strong>’</strong></span> 
     </span>
     <span class='ocr_line' id='line_1_4' title="bbox 283 742 1632 831; baseline 0.001 -27"><span class='ocrx_word' id='word_1_33' title='bbox 283 745 338 804; x_wconf 92' lang='lat' dir='ltr'>bus</span> <span class='ocrx_word' id='word_1_34' title='bbox 360 746 506 805; x_wconf 65' lang='lat' dir='ltr'>ubam</span> <span class='ocrx_word' id='word_1_35' title='bbox 527 744 648 824; x_wconf 86' lang='lat' dir='ltr'>inerint,</span> <span class='ocrx_word' id='word_1_36' title='bbox 677 762 765 822; x_wconf 89' lang='lat' dir='ltr'>quem</span> <span class='ocrx_word' id='word_1_37' title='bbox 787 761 906 804; x_wconf 87' lang='lat' dir='ltr'>sensum</span> <span class='ocrx_word' id='word_1_38' title='bbox 919 745 1049 831; x_wconf 30' lang='lat' dir='ltr'>&#39;proprie</span> <span class='ocrx_word' id='word_1_39' title='bbox 1072 760 1130 803; x_wconf 85' lang='lat' dir='ltr'>ror</span> <span class='ocrx_word' id='word_1_40' title='bbox 1153 742 1339 804; x_wconf 84' lang='lat' dir='ltr'>abstrahendi</span> <span class='ocrx_word' id='word_1_41' title='bbox 1370 746 1479 822; x_wconf 82' lang='lat' dir='ltr'>gignit3</span> <span class='ocrx_word' id='word_1_42' title='bbox 1509 763 1577 805; x_wconf 84' lang='lat' dir='ltr'>nam</span> <span class='ocrx_word' id='word_1_43' title='bbox 1599 754 1632 804; x_wconf 93' lang='lat' dir='ltr'>ut</span> 
     </span>
     <span class='ocr_line' id='line_1_5' title="bbox 282 830 1632 910; baseline 0.001 -20"><span class='ocrx_word' id='word_1_44' title='bbox 282 849 371 908; x_wconf 90' lang='lat' dir='ltr'>snpra</span> <span class='ocrx_word' id='word_1_45' title='bbox 393 831 511 902; x_wconf 89' lang='lat' dir='ltr'>dictum,</span> <span class='ocrx_word' id='word_1_46' title='bbox 534 831 608 892; x_wconf 87' lang='lat' dir='ltr'>baec</span> <span class='ocrx_word' id='word_1_47' title='bbox 630 830 818 893; x_wconf 88' lang='lat' dir='ltr'>abstrahendi</span> <span class='ocrx_word' id='word_1_48' title='bbox 841 834 915 891; x_wconf 91' lang='lat' dir='ltr'>ratlo</span> <span class='ocrx_word' id='word_1_49' title='bbox 945 834 1070 910; x_wconf 82' lang='lat' dir='ltr'>pertinet</span> <span class='ocrx_word' id='word_1_50' title='bbox 1101 830 1138 891; x_wconf 89' lang='lat' dir='ltr'>ad</span> <span class='ocrx_word' id='word_1_51' title='bbox 1161 832 1281 893; x_wconf 75' lang='lat' dir='ltr'>sensiles</span> <span class='ocrx_word' id='word_1_52' title='bbox 1304 830 1472 892; x_wconf 71' lang='lat' dir='ltr'>harmonias</span> <span class='ocrx_word' id='word_1_53' title='bbox 1494 850 1632 894; x_wconf 86' lang='lat' dir='ltr'>sonorum</span> 
     </span>
     <span class='ocr_line' id='line_1_6' title="bbox 284 918 1633 997; baseline 0 -17"><span class='ocrx_word' id='word_1_54' title='bbox 284 928 315 980; x_wconf 89' lang='lat' dir='ltr'>et</span> <span class='ocrx_word' id='word_1_55' title='bbox 336 918 483 981; x_wconf 86' lang='lat' dir='ltr'>radiorum</span> <span class='ocrx_word' id='word_1_56' title='bbox 505 919 653 997; x_wconf 78' lang='lat' dir='ltr'>habetque</span> <span class='ocrx_word' id='word_1_57' title='bbox 684 920 781 980; x_wconf 89' lang='lat' dir='ltr'>locum</span> <span class='ocrx_word' id='word_1_58' title='bbox 810 926 880 979; x_wconf 90' lang='lat' dir='ltr'>tnnc</span> <span class='ocrx_word' id='word_1_59' title='bbox 903 928 1028 991; x_wconf 88' lang='lat' dir='ltr'>tantum,</span> <span class='ocrx_word' id='word_1_60' title='bbox 1059 936 1139 991; x_wconf 90' lang='lat' dir='ltr'>curn,</span> <span class='ocrx_word' id='word_1_61' title='bbox 1173 922 1215 979; x_wconf 92' lang='lat' dir='ltr'>uti</span> <span class='ocrx_word' id='word_1_62' title='bbox 1239 921 1347 980; x_wconf 79' lang='lat' dir='ltr'>civium</span> <span class='ocrx_word' id='word_1_63' title='bbox 1380 922 1455 981; x_wconf 88' lang='lat' dir='ltr'>benc</span> <span class='ocrx_word' id='word_1_64' title='bbox 1485 921 1534 982; x_wconf 84' lang='lat' dir='ltr'>rel</span> <span class='ocrx_word' id='word_1_65' title='bbox 1557 919 1633 981; x_wconf 90' lang='lat' dir='ltr'>male</span> 
     </span>
     <span class='ocr_line' id='line_1_7' title="bbox 282 992 1634 1091; baseline 0.002 -24"><span class='ocrx_word' id='word_1_66' title='bbox 282 1007 361 1067; x_wconf 87' lang='lat' dir='ltr'>lacta</span> <span class='ocrx_word' id='word_1_67' title='bbox 391 1007 563 1084; x_wconf 85' lang='lat' dir='ltr'>exlegibus</span> <span class='ocrx_word' id='word_1_68' title='bbox 592 1011 753 1085; x_wconf 87' lang='lat' dir='ltr'>antiquitus</span> <span class='ocrx_word' id='word_1_69' title='bbox 777 1006 859 1080; x_wconf 87' lang='lat' dir='ltr'>latis,</span> <span class='ocrx_word' id='word_1_70' title='bbox 890 1009 934 1067; x_wconf 86' lang='lat' dir='ltr'>ita</span> <span class='ocrx_word' id='word_1_71' title='bbox 955 1010 1021 1066; x_wconf 90' lang='lat' dir='ltr'>soni</span> <span class='ocrx_word' id='word_1_72' title='bbox 1049 1017 1078 1066; x_wconf 88' lang='lat' dir='ltr'>ct</span> <span class='ocrx_word' id='word_1_73' title='bbox 1100 1004 1174 1065; x_wconf 90' lang='lat' dir='ltr'>radii</span> <span class='ocrx_word' id='word_1_74' title='bbox 1206 1026 1242 1067; x_wconf 80' lang='lat' dir='ltr'>ex</span> <span class='ocrx_word' id='word_1_75' title='bbox 1265 1008 1496 1091; x_wconf 87' lang='lat' dir='ltr'>archetypica</span> <span class='ocrx_word' id='word_1_76' title='bbox 1482 992 1634 1070; x_wconf 76' lang='lat' dir='ltr'>inmania</span> 
     </span>
     <span class='ocr_line' id='line_1_8' title="bbox 278 1076 1633 1174; baseline 0.002 -20"><span class='ocrx_word' id='word_1_77' title='bbox 278 1082 341 1171; x_wconf 74' lang='lat' dir='ltr'>iam</span> <span class='ocrx_word' id='word_1_78' title='bbox 363 1103 451 1156; x_wconf 89' lang='lat' dir='ltr'>antea</span> <span class='ocrx_word' id='word_1_79' title='bbox 473 1097 551 1155; x_wconf 90' lang='lat' dir='ltr'>intus</span> <span class='ocrx_word' id='word_1_80' title='bbox 580 1105 732 1174; x_wconf 86' lang='lat' dir='ltr'>praesente</span> <span class='ocrx_word' id='word_1_81' title='bbox 763 1093 969 1171; x_wconf 74' lang='lat' dir='ltr'><strong>dijudicantur</strong></span> <span class='ocrx_word' id='word_1_82' title='bbox 1015 1093 1073 1154; x_wconf 88' lang='lat' dir='ltr'>Sed</span> <span class='ocrx_word' id='word_1_83' title='bbox 1103 1094 1176 1154; x_wconf 89' lang='lat' dir='ltr'>baec</span> <span class='ocrx_word' id='word_1_84' title='bbox 1202 1103 1248 1155; x_wconf 89' lang='lat' dir='ltr'>est</span> <span class='ocrx_word' id='word_1_85' title='bbox 1270 1112 1373 1167; x_wconf 89' lang='lat' dir='ltr'>cansa,</span> <span class='ocrx_word' id='word_1_86' title='bbox 1403 1114 1454 1156; x_wconf 92' lang='lat' dir='ltr'>cur</span> <span class='ocrx_word' id='word_1_87' title='bbox 1482 1076 1633 1173; x_wconf 87' lang='lat' dir='ltr'>quantitas</span> 
     </span>
     <span class='ocr_line' id='line_1_9' title="bbox 282 1181 1631 1262; baseline 0.003 -22"><span class='ocrx_word' id='word_1_88' title='bbox 282 1181 488 1244; x_wconf 87' lang='lat' dir='ltr'>intellectualis</span> <span class='ocrx_word' id='word_1_89' title='bbox 516 1201 581 1243; x_wconf 87' lang='lat' dir='ltr'>esse</span> <span class='ocrx_word' id='word_1_90' title='bbox 613 1182 739 1255; x_wconf 89' lang='lat' dir='ltr'>dicatur,</span> <span class='ocrx_word' id='word_1_91' title='bbox 769 1190 845 1259; x_wconf 86' lang='lat' dir='ltr'>quac</span> <span class='ocrx_word' id='word_1_92' title='bbox 868 1184 1006 1241; x_wconf 88' lang='lat' dir='ltr'>terminos</span> <span class='ocrx_word' id='word_1_93' title='bbox 1036 1182 1157 1259; x_wconf 88' lang='lat' dir='ltr'>praebet</span> <span class='ocrx_word' id='word_1_94' title='bbox 1187 1181 1362 1243; x_wconf 69' lang='lat' dir='ltr'>harmonicis</span> <span class='ocrx_word' id='word_1_95' title='bbox 1384 1186 1631 1262; x_wconf 82' lang='lat' dir='ltr'>proportionibus,</span> 
     </span>
     <span class='ocr_line' id='line_1_10' title="bbox 283 1256 1633 1350; baseline 0.003 -21"><span class='ocrx_word' id='word_1_96' title='bbox 283 1273 354 1348; x_wconf 87' lang='lat' dir='ltr'>quia</span> <span class='ocrx_word' id='word_1_97' title='bbox 382 1279 498 1348; x_wconf 80' lang='lat' dir='ltr'>oportet</span> <span class='ocrx_word' id='word_1_98' title='bbox 525 1270 607 1331; x_wconf 90' lang='lat' dir='ltr'>illam</span> <span class='ocrx_word' id='word_1_99' title='bbox 635 1271 829 1346; x_wconf 87' lang='lat' dir='ltr'>quantitatem</span> <span class='ocrx_word' id='word_1_100' title='bbox 860 1267 1116 1329; x_wconf 79' lang='lat' dir='ltr'>demonstrationis</span> <span class='ocrx_word' id='word_1_101' title='bbox 1145 1256 1234 1348; x_wconf 84' lang='lat' dir='ltr'>longe</span> <span class='ocrx_word' id='word_1_102' title='bbox 1256 1270 1464 1333; x_wconf 85' lang='lat' dir='ltr'>subtilissimae</span> <span class='ocrx_word' id='word_1_103' title='bbox 1494 1289 1633 1350; x_wconf 82' lang='lat' dir='ltr'>capacem</span> 
     </span>
     <span class='ocr_line' id='line_1_11' title="bbox 285 1357 1633 1435; baseline 0 -16"><span class='ocrx_word' id='word_1_104' title='bbox 285 1376 366 1434; x_wconf 80' lang='lat' dir='ltr'>esse3</span> <span class='ocrx_word' id='word_1_105' title='bbox 390 1357 599 1419; x_wconf 85' lang='lat' dir='ltr'>demonstratio</span> <span class='ocrx_word' id='word_1_106' title='bbox 623 1375 691 1418; x_wconf 89' lang='lat' dir='ltr'>vero</span> <span class='ocrx_word' id='word_1_107' title='bbox 715 1357 767 1418; x_wconf 88' lang='lat' dir='ltr'>illa</span> <span class='ocrx_word' id='word_1_108' title='bbox 789 1375 826 1418; x_wconf 81' lang='lat' dir='ltr'>ex</span> <span class='ocrx_word' id='word_1_109' title='bbox 847 1357 1004 1418; x_wconf 84' lang='lat' dir='ltr'>sensilibus</span> <span class='ocrx_word' id='word_1_110' title='bbox 1020 1357 1238 1434; x_wconf 83' lang='lat' dir='ltr'>diagramma’tis</span> <span class='ocrx_word' id='word_1_111' title='bbox 1257 1375 1407 1435; x_wconf 87' lang='lat' dir='ltr'>nunqnam</span> <span class='ocrx_word' id='word_1_112' title='bbox 1421 1359 1554 1435; x_wconf 67' lang='lat' dir='ltr'>habam,</span> <span class='ocrx_word' id='word_1_113' title='bbox 1577 1362 1633 1420; x_wconf 91' lang='lat' dir='ltr'>etsi</span> 
     </span>
     <span class='ocr_line' id='line_1_12' title="bbox 282 1444 1632 1523; baseline 0.001 -20"><span class='ocrx_word' id='word_1_114' title='bbox 282 1448 319 1506; x_wconf 89' lang='lat' dir='ltr'>iia</span> <span class='ocrx_word' id='word_1_115' title='bbox 341 1445 512 1523; x_wconf 88' lang='lat' dir='ltr'>adjuretur,</span> <span class='ocrx_word' id='word_1_116' title='bbox 539 1463 594 1505; x_wconf 92' lang='lat' dir='ltr'>nec</span> <span class='ocrx_word' id='word_1_117' title='bbox 616 1464 652 1506; x_wconf 83' lang='lat' dir='ltr'>ex</span> <span class='ocrx_word' id='word_1_118' title='bbox 676 1444 899 1506; x_wconf 77' lang='lat' dir='ltr'>collectionibus</span> <span class='ocrx_word' id='word_1_119' title='bbox 922 1448 1013 1505; x_wconf 89' lang='lat' dir='ltr'>oritur</span> <span class='ocrx_word' id='word_1_120' title='bbox 1033 1444 1189 1505; x_wconf 89' lang='lat' dir='ltr'>multorum</span> <span class='ocrx_word' id='word_1_121' title='bbox 1216 1447 1406 1522; x_wconf 80' lang='lat' dir='ltr'>singularium</span> <span class='ocrx_word' id='word_1_122' title='bbox 1426 1447 1579 1508; x_wconf 73' lang='lat' dir='ltr'>sensilium</span> <span class='ocrx_word' id='word_1_123' title='bbox 1601 1450 1632 1505; x_wconf 86' lang='lat' dir='ltr'>in</span> 
     </span>
     <span class='ocr_line' id='line_1_13' title="bbox 257 1529 1636 1611; baseline 0.001 -17"><span class='ocrx_word' id='word_1_124' title='bbox 257 1542 373 1594; x_wconf 70' lang='lat' dir='ltr'>‘mum</span> <span class='ocrx_word' id='word_1_125' title='bbox 395 1537 527 1605; x_wconf 81' lang='lat' dir='ltr'>axioma,</span> <span class='ocrx_word' id='word_1_126' title='bbox 555 1533 607 1594; x_wconf 86' lang='lat' dir='ltr'>sed</span> <span class='ocrx_word' id='word_1_127' title='bbox 630 1553 649 1593; x_wconf 90' lang='lat' dir='ltr'>a</span> <span class='ocrx_word' id='word_1_128' title='bbox 670 1536 760 1611; x_wconf 88' lang='lat' dir='ltr'>priori</span> <span class='ocrx_word' id='word_1_129' title='bbox 782 1541 976 1611; x_wconf 88' lang='lat' dir='ltr'>eomparatur.</span> <span class='ocrx_word' id='word_1_130' title='bbox 1023 1529 1110 1607; x_wconf 86' lang='lat' dir='ltr'>Quod</span> <span class='ocrx_word' id='word_1_131' title='bbox 1135 1550 1200 1593; x_wconf 90' lang='lat' dir='ltr'>cum</span> <span class='ocrx_word' id='word_1_132' title='bbox 1225 1550 1314 1609; x_wconf 88' lang='lat' dir='ltr'>supra</span> <span class='ocrx_word' id='word_1_133' title='bbox 1336 1533 1458 1595; x_wconf 86' lang='lat' dir='ltr'>Proclus</span> <span class='ocrx_word' id='word_1_134' title='bbox 1485 1553 1554 1596; x_wconf 86' lang='lat' dir='ltr'>rere</span> <span class='ocrx_word' id='word_1_135' title='bbox 1578 1536 1636 1595; x_wconf 86' lang='lat' dir='ltr'>ob·</span> 
     </span>
    </p>
   </div>
   <div class='ocr_carea' id='block_1_3' title="bbox 112 1604 1634 1699">
    <p class='ocr_par' dir='ltr' id='par_1_3' title="bbox 112 1604 1634 1699">
     <span class='ocr_line' id='line_1_14' title="bbox 112 1604 1634 1699; baseline -0.001 -17"><span class='ocrx_word' id='word_1_136' title='bbox 112 1604 118 1619; x_wconf 82' lang='grc'><em>’</em></span> <span class='ocrx_word' id='word_1_137' title='bbox 213 1645 218 1663; x_wconf 73' lang='lat'><strong><em>¹</em></strong></span> <span class='ocrx_word' id='word_1_138' title='bbox 280 1622 384 1699; x_wconf 89' lang='lat' dir='ltr'>jecerit</span> <span class='ocrx_word' id='word_1_139' title='bbox 405 1620 568 1694; x_wconf 76' lang='lat' dir='ltr'>Aristoteli,</span> <span class='ocrx_word' id='word_1_140' title='bbox 590 1624 633 1681; x_wconf 89' lang='lat' dir='ltr'>sic</span> <span class='ocrx_word' id='word_1_141' title='bbox 657 1623 685 1678; x_wconf 90' lang='lat' dir='ltr'>lu</span> <span class='ocrx_word' id='word_1_142' title='bbox 708 1637 815 1699; x_wconf 79' lang='lat' dir='ltr'>genere</span> <span class='ocrx_word' id='word_1_143' title='bbox 837 1620 1017 1679; x_wconf 84' lang='lat' dir='ltr'>intellectum</span> <span class='ocrx_word' id='word_1_144' title='bbox 1038 1636 1158 1697; x_wconf 87' lang='lat' dir='ltr'>possum</span> <span class='ocrx_word' id='word_1_145' title='bbox 1181 1638 1235 1697; x_wconf 90' lang='lat' dir='ltr'>ego</span> <span class='ocrx_word' id='word_1_146' title='bbox 1262 1624 1291 1678; x_wconf 88' lang='lat' dir='ltr'>in</span> <span class='ocrx_word' id='word_1_147' title='bbox 1314 1623 1411 1697; x_wconf 88' lang='lat' dir='ltr'>specie</span> <span class='ocrx_word' id='word_1_148' title='bbox 1433 1620 1634 1682; x_wconf 88' lang='lat' dir='ltr'>luculentissi-</span> 
     </span>
    </p>
   </div>
   <div class='ocr_carea' id='block_1_4' title="bbox 229 1706 1644 4591">
    <p class='ocr_par' dir='ltr' id='par_1_4' title="bbox 229 1706 1644 4504">
     <span class='ocr_line' id='line_1_15' title="bbox 284 1706 1634 1787; baseline -0.001 -18"><span class='ocrx_word' id='word_1_149' title='bbox 284 1712 339 1769; x_wconf 90' lang='lat' dir='ltr'>mis</span> <span class='ocrx_word' id='word_1_150' title='bbox 362 1711 540 1787; x_wconf 79' lang='lat' dir='ltr'>argumentis</span> <span class='ocrx_word' id='word_1_151' title='bbox 560 1726 596 1768; x_wconf 86' lang='lat' dir='ltr'>ex</span> <span class='ocrx_word' id='word_1_152' title='bbox 618 1708 693 1769; x_wconf 90' lang='lat' dir='ltr'>libro</span> <span class='ocrx_word' id='word_1_153' title='bbox 715 1710 809 1785; x_wconf 85' lang='lat' dir='ltr'>primo</span> <span class='ocrx_word' id='word_1_154' title='bbox 825 1709 924 1787; x_wconf 88' lang='lat' dir='ltr'>petitis</span> <span class='ocrx_word' id='word_1_155' title='bbox 939 1706 1058 1767; x_wconf 87' lang='lat' dir='ltr'>reddere</span> <span class='ocrx_word' id='word_1_156' title='bbox 1076 1709 1310 1768; x_wconf 87' lang='lat' dir='ltr'>munitissimum.</span> <span class='ocrx_word' id='word_1_157' title='bbox 1357 1708 1531 1787; x_wconf 79' lang='lat' dir='ltr'>ligurarnm</span> <span class='ocrx_word' id='word_1_158' title='bbox 1545 1712 1634 1784; x_wconf 88' lang='lat' dir='ltr'>enlm,</span> 
     </span>
     <span class='ocr_line' id='line_1_16' title="bbox 284 1793 1635 1876; baseline 0.001 -19"><span class='ocrx_word' id='word_1_159' title='bbox 284 1815 359 1875; x_wconf 88' lang='lat' dir='ltr'>quae</span> <span class='ocrx_word' id='word_1_160' title='bbox 383 1797 581 1857; x_wconf 89' lang='lat' dir='ltr'>harmonicum</span> <span class='ocrx_word' id='word_1_161' title='bbox 603 1813 702 1855; x_wconf 91' lang='lat' dir='ltr'>arcum</span> <span class='ocrx_word' id='word_1_162' title='bbox 725 1795 825 1857; x_wconf 88' lang='lat' dir='ltr'>circuli</span> <span class='ocrx_word' id='word_1_163' title='bbox 846 1793 1024 1867; x_wconf 87' lang='lat' dir='ltr'>rescindunt,</span> <span class='ocrx_word' id='word_1_164' title='bbox 1047 1793 1209 1856; x_wconf 79' lang='lat' dir='ltr'>differentia</span> <span class='ocrx_word' id='word_1_165' title='bbox 1230 1796 1381 1872; x_wconf 88' lang='lat' dir='ltr'>specifica,</span> <span class='ocrx_word' id='word_1_166' title='bbox 1416 1813 1474 1873; x_wconf 88' lang='lat' dir='ltr'>qua</span> <span class='ocrx_word' id='word_1_167' title='bbox 1496 1805 1529 1856; x_wconf 93' lang='lat' dir='ltr'>ut</span> <span class='ocrx_word' id='word_1_168' title='bbox 1550 1806 1635 1876; x_wconf 85' lang='lat' dir='ltr'>parte</span> 
     </span>
     <span class='ocr_line' id='line_1_17' title="bbox 285 1882 1634 1962; baseline 0.001 -17"><span class='ocrx_word' id='word_1_169' title='bbox 285 1885 461 1946; x_wconf 87' lang='lat' dir='ltr'>definitionis</span> <span class='ocrx_word' id='word_1_170' title='bbox 482 1882 645 1962; x_wconf 86' lang='lat' dir='ltr'>explicatur</span> <span class='ocrx_word' id='word_1_171' title='bbox 667 1901 766 1945; x_wconf 89' lang='lat' dir='ltr'>earum</span> <span class='ocrx_word' id='word_1_172' title='bbox 788 1885 926 1959; x_wconf 88' lang='lat' dir='ltr'>essentia,</span> <span class='ocrx_word' id='word_1_173' title='bbox 949 1890 995 1944; x_wconf 89' lang='lat' dir='ltr'>est</span> <span class='ocrx_word' id='word_1_174' title='bbox 1017 1882 1184 1962; x_wconf 84' lang='lat' dir='ltr'>ista,.quod</span> <span class='ocrx_word' id='word_1_175' title='bbox 1199 1892 1315 1960; x_wconf 89' lang='lat' dir='ltr'>oportet</span> <span class='ocrx_word' id='word_1_176' title='bbox 1336 1883 1402 1945; x_wconf 87' lang='lat' dir='ltr'>illas</span> <span class='ocrx_word' id='word_1_177' title='bbox 1424 1902 1489 1946; x_wconf 89' lang='lat' dir='ltr'>esse</span> <span class='ocrx_word' id='word_1_178' title='bbox 1503 1883 1634 1946; x_wconf 77' lang='lat' dir='ltr'>scibiles</span> 
     </span>
     <span class='ocr_line' id='line_1_18' title="bbox 283 1970 1632 2049; baseline -0.001 -15"><span class='ocrx_word' id='word_1_179' title='bbox 283 1970 354 2034; x_wconf 83' lang='lat' dir='ltr'>Jam</span> <span class='ocrx_word' id='word_1_180' title='bbox 376 1989 445 2033; x_wconf 88' lang='lat' dir='ltr'>rere</span> <span class='ocrx_word' id='word_1_181' title='bbox 467 1989 544 2049; x_wconf 89' lang='lat' dir='ltr'>quac</span> <span class='ocrx_word' id='word_1_182' title='bbox 566 1971 708 2032; x_wconf 88' lang='lat' dir='ltr'>scibilitas</span> <span class='ocrx_word' id='word_1_183' title='bbox 730 1973 794 2032; x_wconf 90' lang='lat' dir='ltr'>sine</span> <span class='ocrx_word' id='word_1_184' title='bbox 816 1981 929 2046; x_wconf 87' lang='lat' dir='ltr'>mente,</span> <span class='ocrx_word' id='word_1_185' title='bbox 961 1971 1100 2031; x_wconf 87' lang='lat' dir='ltr'>scientiae</span> <span class='ocrx_word' id='word_1_186' title='bbox 1123 1970 1253 2048; x_wconf 73' lang='lat' dir='ltr'>capace?</span> <span class='ocrx_word' id='word_1_187' title='bbox 1297 1970 1399 2048; x_wconf 87' lang='lat' dir='ltr'>Neque</span> <span class='ocrx_word' id='word_1_188' title='bbox 1423 1970 1545 2046; x_wconf 86' lang='lat' dir='ltr'>dixeris,</span> <span class='ocrx_word' id='word_1_189' title='bbox 1569 1989 1632 2033; x_wconf 88' lang='lat' dir='ltr'>rem</span> 
     </span>
     <span class='ocr_line' id='line_1_19' title="bbox 283 2057 1635 2139; baseline 0 -20"><span class='ocrx_word' id='word_1_190' title='bbox 283 2077 348 2121; x_wconf 88' lang='lat' dir='ltr'>esse</span> <span class='ocrx_word' id='word_1_191' title='bbox 370 2077 473 2139; x_wconf 89' lang='lat' dir='ltr'>posse,</span> <span class='ocrx_word' id='word_1_192' title='bbox 495 2069 529 2119; x_wconf 92' lang='lat' dir='ltr'>ut</span> <span class='ocrx_word' id='word_1_193' title='bbox 551 2060 674 2120; x_wconf 90' lang='lat' dir='ltr'>scientia</span> <span class='ocrx_word' id='word_1_194' title='bbox 696 2061 762 2135; x_wconf 89' lang='lat' dir='ltr'>ipsa</span> <span class='ocrx_word' id='word_1_195' title='bbox 783 2061 826 2119; x_wconf 88' lang='lat' dir='ltr'>rei</span> <span class='ocrx_word' id='word_1_196' title='bbox 848 2060 977 2120; x_wconf 84' lang='lat' dir='ltr'>nonsit</span> <span class='ocrx_word' id='word_1_197' title='bbox 1022 2057 1098 2118; x_wconf 89' lang='lat' dir='ltr'>Nam</span> <span class='ocrx_word' id='word_1_198' title='bbox 1120 2060 1242 2119; x_wconf 88' lang='lat' dir='ltr'>scientia</span> <span class='ocrx_word' id='word_1_199' title='bbox 1264 2060 1397 2120; x_wconf 88' lang='lat' dir='ltr'>consistit</span> <span class='ocrx_word' id='word_1_200' title='bbox 1425 2061 1454 2117; x_wconf 89' lang='lat' dir='ltr'>in</span> <span class='ocrx_word' id='word_1_201' title='bbox 1477 2077 1635 2137; x_wconf 85' lang='lat' dir='ltr'>compara·</span> 
     </span>
     <span class='ocr_line' id='line_1_20' title="bbox 283 2144 1634 2227; baseline -0.001 -19"><span class='ocrx_word' id='word_1_202' title='bbox 283 2150 382 2227; x_wconf 75' lang='lat' dir='ltr'>douc,</span> <span class='ocrx_word' id='word_1_203' title='bbox 411 2154 444 2208; x_wconf 93' lang='lat' dir='ltr'>ut</span> <span class='ocrx_word' id='word_1_204' title='bbox 466 2164 532 2219; x_wconf 82' lang='lat' dir='ltr'>cnm</span> <span class='ocrx_word' id='word_1_205' title='bbox 553 2145 632 2207; x_wconf 83' lang='lat' dir='ltr'>latus</span> <span class='ocrx_word' id='word_1_206' title='bbox 653 2146 764 2222; x_wconf 81' lang='lat' dir='ltr'>figurae</span> <span class='ocrx_word' id='word_1_207' title='bbox 786 2155 832 2207; x_wconf 89' lang='lat' dir='ltr'>est</span> <span class='ocrx_word' id='word_1_208' title='bbox 852 2145 977 2223; x_wconf 87' lang='lat' dir='ltr'>aequale</span> <span class='ocrx_word' id='word_1_209' title='bbox 1000 2144 1232 2221; x_wconf 80' lang='lat' dir='ltr'>semidiametr03</span> <span class='ocrx_word' id='word_1_210' title='bbox 1257 2146 1322 2223; x_wconf 87' lang='lat' dir='ltr'>jam</span> <span class='ocrx_word' id='word_1_211' title='bbox 1344 2146 1523 2224; x_wconf 83' lang='lat' dir='ltr'>aequalitas,</span> <span class='ocrx_word' id='word_1_212' title='bbox 1555 2164 1634 2224; x_wconf 90' lang='lat' dir='ltr'>quae</span> 
     </span>
     <span class='ocr_line' id='line_1_21' title="bbox 283 2231 1635 2313; baseline -0.001 -18"><span class='ocrx_word' id='word_1_213' title='bbox 283 2239 322 2295; x_wconf 92' lang='lat' dir='ltr'>sit</span> <span class='ocrx_word' id='word_1_214' title='bbox 344 2238 407 2296; x_wconf 86' lang='lat' dir='ltr'>sine</span> <span class='ocrx_word' id='word_1_215' title='bbox 428 2242 542 2309; x_wconf 88' lang='lat' dir='ltr'>mente,</span> <span class='ocrx_word' id='word_1_216' title='bbox 572 2236 742 2313; x_wconf 72' lang='lat' dir='ltr'>praesertim</span> <span class='ocrx_word' id='word_1_217' title='bbox 769 2235 799 2291; x_wconf 90' lang='lat' dir='ltr'>ln</span> <span class='ocrx_word' id='word_1_218' title='bbox 825 2236 876 2307; x_wconf 90' lang='lat' dir='ltr'>iis,</span> <span class='ocrx_word' id='word_1_219' title='bbox 910 2249 986 2310; x_wconf 87' lang='lat' dir='ltr'>qnae</span> <span class='ocrx_word' id='word_1_220' title='bbox 1018 2233 1085 2293; x_wconf 90' lang='lat' dir='ltr'>loco</span> <span class='ocrx_word' id='word_1_221' title='bbox 1107 2231 1223 2292; x_wconf 89' lang='lat' dir='ltr'>seclusa</span> <span class='ocrx_word' id='word_1_222' title='bbox 1244 2243 1328 2307; x_wconf 93' lang='lat' dir='ltr'>sunt,</span> <span class='ocrx_word' id='word_1_223' title='bbox 1358 2234 1388 2294; x_wconf 94' lang='lat' dir='ltr'>id</span> <span class='ocrx_word' id='word_1_224' title='bbox 1418 2233 1542 2311; x_wconf 89' lang='lat' dir='ltr'>intelligi</span> <span class='ocrx_word' id='word_1_225' title='bbox 1573 2252 1635 2295; x_wconf 89' lang='lat' dir='ltr'>neu</span> 
     </span>
     <span class='ocr_line' id='line_1_22' title="bbox 284 2320 1637 2400; baseline -0.002 -17"><span class='ocrx_word' id='word_1_226' title='bbox 284 2330 380 2400; x_wconf 87' lang='lat' dir='ltr'>potest</span> <span class='ocrx_word' id='word_1_227' title='bbox 401 2322 636 2398; x_wconf 82' lang='lat' dir='ltr'>revolvimurque</span> <span class='ocrx_word' id='word_1_228' title='bbox 657 2320 696 2381; x_wconf 90' lang='lat' dir='ltr'>ad</span> <span class='ocrx_word' id='word_1_229' title='bbox 718 2328 921 2399; x_wconf 75' lang='lat' dir='ltr'>argumentum</span> <span class='ocrx_word' id='word_1_230' title='bbox 941 2320 1006 2396; x_wconf 90' lang='lat' dir='ltr'>jam</span> <span class='ocrx_word' id='word_1_231' title='bbox 1028 2334 1117 2397; x_wconf 88' lang='lat' dir='ltr'>supra</span> <span class='ocrx_word' id='word_1_232' title='bbox 1138 2337 1190 2396; x_wconf 90' lang='lat' dir='ltr'>pro</span> <span class='ocrx_word' id='word_1_233' title='bbox 1213 2320 1371 2382; x_wconf 90' lang='lat' dir='ltr'>harmoniis</span> <span class='ocrx_word' id='word_1_234' title='bbox 1394 2324 1483 2381; x_wconf 89' lang='lat' dir='ltr'>etiam</span> <span class='ocrx_word' id='word_1_235' title='bbox 1505 2323 1637 2382; x_wconf 87' lang='lat' dir='ltr'>sensibi-</span> 
     </span>
     <span class='ocr_line' id='line_1_23' title="bbox 284 2406 1637 2486; baseline 0.001 -17"><span class='ocrx_word' id='word_1_236' title='bbox 284 2410 360 2472; x_wconf 93' lang='lat' dir='ltr'>llbus</span> <span class='ocrx_word' id='word_1_237' title='bbox 382 2409 514 2470; x_wconf 82' lang='lat' dir='ltr'>allatum.</span> <span class='ocrx_word' id='word_1_238' title='bbox 558 2409 661 2486; x_wconf 87' lang='lat' dir='ltr'>Neque</span> <span class='ocrx_word' id='word_1_239' title='bbox 683 2416 797 2469; x_wconf 88' lang='lat' dir='ltr'>tautum</span> <span class='ocrx_word' id='word_1_240' title='bbox 818 2407 945 2482; x_wconf 89' lang='lat' dir='ltr'>scibiles,</span> <span class='ocrx_word' id='word_1_241' title='bbox 968 2406 1130 2468; x_wconf 85' lang='lat' dir='ltr'>sedetiam</span> <span class='ocrx_word' id='word_1_242' title='bbox 1153 2409 1241 2467; x_wconf 90' lang='lat' dir='ltr'>scitas</span> <span class='ocrx_word' id='word_1_243' title='bbox 1257 2415 1371 2485; x_wconf 89' lang='lat' dir='ltr'>eportet</span> <span class='ocrx_word' id='word_1_244' title='bbox 1385 2426 1459 2483; x_wconf 87' lang='lat' dir='ltr'>esse,</span> <span class='ocrx_word' id='word_1_245' title='bbox 1482 2418 1516 2469; x_wconf 88' lang='lat' dir='ltr'>nt</span> <span class='ocrx_word' id='word_1_246' title='bbox 1529 2410 1637 2470; x_wconf 89' lang='lat' dir='ltr'>arche·</span> 
     </span>
     <span class='ocr_line' id='line_1_24' title="bbox 284 2494 1638 2578; baseline -0.001 -20"><span class='ocrx_word' id='word_1_247' title='bbox 284 2496 391 2578; x_wconf 82' lang='lat' dir='ltr'>typalis</span> <span class='ocrx_word' id='word_1_248' title='bbox 414 2498 566 2558; x_wconf 90' lang='lat' dir='ltr'>harmonia</span> <span class='ocrx_word' id='word_1_249' title='bbox 587 2496 685 2559; x_wconf 89' lang='lat' dir='ltr'>luceat</span> <span class='ocrx_word' id='word_1_250' title='bbox 708 2505 775 2557; x_wconf 87' lang='lat' dir='ltr'>actu</span> <span class='ocrx_word' id='word_1_251' title='bbox 806 2498 884 2556; x_wconf 88' lang='lat' dir='ltr'>intus</span> <span class='ocrx_word' id='word_1_252' title='bbox 907 2497 937 2553; x_wconf 89' lang='lat' dir='ltr'>in</span> <span class='ocrx_word' id='word_1_253' title='bbox 960 2496 1067 2557; x_wconf 89' lang='lat' dir='ltr'>auimo.</span> <span class='ocrx_word' id='word_1_254' title='bbox 1113 2494 1189 2556; x_wconf 83' lang='lat' dir='ltr'>Nam</span> <span class='ocrx_word' id='word_1_255' title='bbox 1211 2495 1391 2572; x_wconf 86' lang='lat' dir='ltr'>possibilitas</span> <span class='ocrx_word' id='word_1_256' title='bbox 1422 2495 1460 2557; x_wconf 90' lang='lat' dir='ltr'>ad</span> <span class='ocrx_word' id='word_1_257' title='bbox 1482 2495 1638 2557; x_wconf 90' lang='lat' dir='ltr'>sciendum</span> 
     </span>
     <span class='ocr_line' id='line_1_25' title="bbox 284 2582 1638 2669; baseline 0.001 -25"><span class='ocrx_word' id='word_1_258' title='bbox 284 2587 371 2653; x_wconf 86' lang='lat' dir='ltr'>uobis</span> <span class='ocrx_word' id='word_1_259' title='bbox 401 2585 439 2645; x_wconf 92' lang='lat' dir='ltr'>ad</span> <span class='ocrx_word' id='word_1_260' title='bbox 475 2588 621 2645; x_wconf 90' lang='lat' dir='ltr'>criterium</span> <span class='ocrx_word' id='word_1_261' title='bbox 648 2584 864 2645; x_wconf 81' lang='lat' dir='ltr'>harmoniarum</span> <span class='ocrx_word' id='word_1_262' title='bbox 887 2582 1037 2643; x_wconf 85' lang='lat' dir='ltr'>sensilium</span> <span class='ocrx_word' id='word_1_263' title='bbox 1072 2600 1131 2644; x_wconf 92' lang='lat' dir='ltr'>nou</span> <span class='ocrx_word' id='word_1_264' title='bbox 1160 2583 1276 2643; x_wconf 78' lang='lat' dir='ltr'>sufficit</span> <span class='ocrx_word' id='word_1_265' title='bbox 1326 2583 1417 2669; x_wconf 61' lang='lat' dir='ltr'>5)qu</span> <span class='ocrx_word' id='word_1_266' title='bbox 1449 2586 1537 2660; x_wconf 89' lang='lat' dir='ltr'>igitur</span> <span class='ocrx_word' id='word_1_267' title='bbox 1566 2602 1638 2663; x_wconf 87' lang='lat' dir='ltr'>pars</span> 
     </span>
     <span class='ocr_line' id='line_1_26' title="bbox 285 2671 1638 2749; baseline -0.001 -15"><span class='ocrx_word' id='word_1_268' title='bbox 285 2675 428 2735; x_wconf 86' lang='lat' dir='ltr'>essentiae</span> <span class='ocrx_word' id='word_1_269' title='bbox 456 2682 502 2733; x_wconf 88' lang='lat' dir='ltr'>cst</span> <span class='ocrx_word' id='word_1_270' title='bbox 523 2676 600 2733; x_wconf 90' lang='lat' dir='ltr'>intus</span> <span class='ocrx_word' id='word_1_271' title='bbox 629 2673 661 2730; x_wconf 90' lang='lat' dir='ltr'>in</span> <span class='ocrx_word' id='word_1_272' title='bbox 682 2675 780 2732; x_wconf 89' lang='lat' dir='ltr'>auimo</span> <span class='ocrx_word' id='word_1_273' title='bbox 809 2672 943 2747; x_wconf 89' lang='lat' dir='ltr'>adenqne</span> <span class='ocrx_word' id='word_1_274' title='bbox 972 2671 1001 2728; x_wconf 93' lang='lat' dir='ltr'>in</span> <span class='ocrx_word' id='word_1_275' title='bbox 1025 2671 1089 2746; x_wconf 90' lang='lat' dir='ltr'>ejus</span> <span class='ocrx_word' id='word_1_276' title='bbox 1112 2674 1280 2747; x_wconf 89' lang='lat' dir='ltr'>operatione</span> <span class='ocrx_word' id='word_1_277' title='bbox 1310 2690 1362 2732; x_wconf 89' lang='lat' dir='ltr'>seu</span> <span class='ocrx_word' id='word_1_278' title='bbox 1385 2675 1518 2749; x_wconf 88' lang='lat' dir='ltr'>energia,</span> <span class='ocrx_word' id='word_1_279' title='bbox 1552 2672 1638 2733; x_wconf 88' lang='lat' dir='ltr'>illam</span> 
     </span>
     <span class='ocr_line' id='line_1_27' title="bbox 283 2757 1639 2842; baseline 0.001 -21"><span class='ocrx_word' id='word_1_280' title='bbox 283 2764 378 2842; x_wconf 88' lang='lat' dir='ltr'>ipsam</span> <span class='ocrx_word' id='word_1_281' title='bbox 399 2777 469 2828; x_wconf 88' lang='lat' dir='ltr'>rem</span> <span class='ocrx_word' id='word_1_282' title='bbox 482 2763 561 2821; x_wconf 91' lang='lat' dir='ltr'>intus</span> <span class='ocrx_word' id='word_1_283' title='bbox 584 2765 700 2839; x_wconf 89' lang='lat' dir='ltr'>oportet</span> <span class='ocrx_word' id='word_1_284' title='bbox 720 2760 822 2834; x_wconf 88' lang='lat' dir='ltr'>statui,</span> <span class='ocrx_word' id='word_1_285' title='bbox 845 2761 984 2820; x_wconf 89' lang='lat' dir='ltr'>terminos</span> <span class='ocrx_word' id='word_1_286' title='bbox 1007 2757 1118 2820; x_wconf 87' lang='lat' dir='ltr'>scilicet</span> <span class='ocrx_word' id='word_1_287' title='bbox 1140 2758 1365 2836; x_wconf 88' lang='lat' dir='ltr'>harmoniarum,</span> <span class='ocrx_word' id='word_1_288' title='bbox 1388 2761 1530 2822; x_wconf 88' lang='lat' dir='ltr'>circulum</span> <span class='ocrx_word' id='word_1_289' title='bbox 1553 2760 1639 2838; x_wconf 89' lang='lat' dir='ltr'>ejus·</span> 
     </span>
     <span class='ocr_line' id='line_1_28' title="bbox 229 2855 484 2927; baseline -0.016 -15"><span class='ocrx_word' id='word_1_290' title='bbox 229 2899 236 2912; x_wconf 83' lang='lat'><strong>.</strong></span> <span class='ocrx_word' id='word_1_291' title='bbox 284 2868 341 2927; x_wconf 90' lang='lat' dir='ltr'>que</span> <span class='ocrx_word' id='word_1_292' title='bbox 363 2855 484 2927; x_wconf 84' lang='lat' dir='ltr'>partem</span> 
     </span>
     <span class='ocr_line' id='line_1_29' title="bbox 270 2933 1638 3018; baseline 0.001 -24"><span class='ocrx_word' id='word_1_293' title='bbox 270 3005 273 3018; x_wconf 20' lang='grc' dir='ltr'>λ</span> <span class='ocrx_word' id='word_1_294' title='bbox 370 2935 510 3012; x_wconf 86' lang='lat' dir='ltr'>Quaeras,</span> <span class='ocrx_word' id='word_1_295' title='bbox 534 2938 584 3012; x_wconf 92' lang='lat' dir='ltr'>qui</span> <span class='ocrx_word' id='word_1_296' title='bbox 607 2937 700 3013; x_wconf 87' lang='lat' dir='ltr'>possit</span> <span class='ocrx_word' id='word_1_297' title='bbox 723 2937 818 2995; x_wconf 88' lang='lat' dir='ltr'>inesse</span> <span class='ocrx_word' id='word_1_298' title='bbox 841 2934 966 2994; x_wconf 89' lang='lat' dir='ltr'>scientia</span> <span class='ocrx_word' id='word_1_299' title='bbox 986 2936 1043 3006; x_wconf 88' lang='lat' dir='ltr'>rei,</span> <span class='ocrx_word' id='word_1_300' title='bbox 1067 2950 1156 3011; x_wconf 87' lang='lat' dir='ltr'>quam</span> <span class='ocrx_word' id='word_1_301' title='bbox 1178 2951 1330 3011; x_wconf 91' lang='lat' dir='ltr'>nunquam</span> <span class='ocrx_word' id='word_1_302' title='bbox 1352 2951 1434 2995; x_wconf 90' lang='lat' dir='ltr'>meus</span> <span class='ocrx_word' id='word_1_303' title='bbox 1456 2933 1557 2994; x_wconf 87' lang='lat' dir='ltr'>didicit</span> <span class='ocrx_word' id='word_1_304' title='bbox 1579 2950 1638 2995; x_wconf 91' lang='lat' dir='ltr'>uec</span> 
     </span>
     <span class='ocr_line' id='line_1_30' title="bbox 284 3020 1640 3100; baseline -0.001 -17"><span class='ocrx_word' id='word_1_305' title='bbox 284 3023 407 3083; x_wconf 85' lang='lat' dir='ltr'>fortasse</span> <span class='ocrx_word' id='word_1_306' title='bbox 432 3021 542 3082; x_wconf 84' lang='lat' dir='ltr'>discere</span> <span class='ocrx_word' id='word_1_307' title='bbox 564 3031 675 3100; x_wconf 89' lang='lat' dir='ltr'>potest,</span> <span class='ocrx_word' id='word_1_308' title='bbox 706 3024 732 3081; x_wconf 89' lang='lat' dir='ltr'>si</span> <span class='ocrx_word' id='word_1_309' title='bbox 754 3039 842 3082; x_wconf 90' lang='lat' dir='ltr'>sensu</span> <span class='ocrx_word' id='word_1_310' title='bbox 865 3038 960 3081; x_wconf 90' lang='lat' dir='ltr'>rerum</span> <span class='ocrx_word' id='word_1_311' title='bbox 984 3028 1168 3082; x_wconf 87' lang='lat' dir='ltr'>externarum</span> <span class='ocrx_word' id='word_1_312' title='bbox 1197 3022 1394 3083; x_wconf 78' lang='lat' dir='ltr'>destituatur?</span> <span class='ocrx_word' id='word_1_313' title='bbox 1439 3022 1486 3082; x_wconf 81' lang='lat' dir='ltr'>hd</span> <span class='ocrx_word' id='word_1_314' title='bbox 1508 3020 1565 3081; x_wconf 92' lang='lat' dir='ltr'>hoc</span> <span class='ocrx_word' id='word_1_315' title='bbox 1586 3040 1640 3082; x_wconf 90' lang='lat' dir='ltr'>re·</span> 
     </span>
     <span class='ocr_line' id='line_1_31' title="bbox 288 3107 1640 3188; baseline -0.001 -20"><span class='ocrx_word' id='word_1_316' title='bbox 288 3109 407 3188; x_wconf 89' lang='lat' dir='ltr'>spondit</span> <span class='ocrx_word' id='word_1_317' title='bbox 429 3127 517 3188; x_wconf 91' lang='lat' dir='ltr'>snpra</span> <span class='ocrx_word' id='word_1_318' title='bbox 538 3108 675 3182; x_wconf 90' lang='lat' dir='ltr'>Proclus,</span> <span class='ocrx_word' id='word_1_319' title='bbox 699 3110 795 3169; x_wconf 83' lang='lat' dir='ltr'>verbis</span> <span class='ocrx_word' id='word_1_320' title='bbox 820 3112 848 3167; x_wconf 90' lang='lat' dir='ltr'>in</span> <span class='ocrx_word' id='word_1_321' title='bbox 872 3126 926 3171; x_wconf 87' lang='lat' dir='ltr'>sna</span> <span class='ocrx_word' id='word_1_322' title='bbox 948 3108 1136 3187; x_wconf 87' lang='lat' dir='ltr'>philosophia</span> <span class='ocrx_word' id='word_1_323' title='bbox 1158 3112 1250 3185; x_wconf 81' lang='lat' dir='ltr'>tritis3</span> <span class='ocrx_word' id='word_1_324' title='bbox 1281 3128 1335 3170; x_wconf 91' lang='lat' dir='ltr'>uos</span> <span class='ocrx_word' id='word_1_325' title='bbox 1358 3109 1461 3184; x_wconf 91' lang='lat' dir='ltr'>bodio,</span> <span class='ocrx_word' id='word_1_326' title='bbox 1488 3110 1517 3167; x_wconf 92' lang='lat' dir='ltr'>ni</span> <span class='ocrx_word' id='word_1_327' title='bbox 1538 3107 1640 3183; x_wconf 81' lang='lat' dir='ltr'>fallor,</span> 
     </span>
     <span class='ocr_line' id='line_1_32' title="bbox 285 3196 1641 3276; baseline 0 -21"><span class='ocrx_word' id='word_1_328' title='bbox 285 3197 429 3257; x_wconf 89' lang='lat' dir='ltr'>vocabulo</span> <span class='ocrx_word' id='word_1_329' title='bbox 451 3199 606 3257; x_wconf 90' lang='lat' dir='ltr'>instinctus</span> <span class='ocrx_word' id='word_1_330' title='bbox 629 3198 786 3257; x_wconf 88' lang='lat' dir='ltr'>rectissime</span> <span class='ocrx_word' id='word_1_331' title='bbox 810 3205 934 3256; x_wconf 89' lang='lat' dir='ltr'>utemur.</span> <span class='ocrx_word' id='word_1_332' title='bbox 979 3196 1072 3260; x_wconf 81' lang='lat' dir='ltr'>Menti</span> <span class='ocrx_word' id='word_1_333' title='bbox 1094 3198 1202 3276; x_wconf 91' lang='lat' dir='ltr'>quippe</span> <span class='ocrx_word' id='word_1_334' title='bbox 1217 3197 1362 3258; x_wconf 87' lang='lat' dir='ltr'>humanae</span> <span class='ocrx_word' id='word_1_335' title='bbox 1385 3199 1545 3274; x_wconf 89' lang='lat' dir='ltr'>ceterisque</span> <span class='ocrx_word' id='word_1_336' title='bbox 1569 3199 1641 3255; x_wconf 92' lang='lat' dir='ltr'>ani·</span> 
     </span>
     <span class='ocr_line' id='line_1_33' title="bbox 285 3283 1642 3361; baseline 0.001 -18"><span class='ocrx_word' id='word_1_337' title='bbox 285 3286 340 3343; x_wconf 87' lang='lat' dir='ltr'>ruis</span> <span class='ocrx_word' id='word_1_338' title='bbox 364 3302 399 3345; x_wconf 86' lang='lat' dir='ltr'>ex</span> <span class='ocrx_word' id='word_1_339' title='bbox 422 3286 562 3345; x_wconf 90' lang='lat' dir='ltr'>instinctu</span> <span class='ocrx_word' id='word_1_340' title='bbox 589 3292 662 3344; x_wconf 90' lang='lat' dir='ltr'>neta</span> <span class='ocrx_word' id='word_1_341' title='bbox 684 3292 736 3350; x_wconf 69' lang='lat' dir='ltr'>est¹</span> <span class='ocrx_word' id='word_1_342' title='bbox 751 3287 916 3360; x_wconf 89' lang='lat' dir='ltr'>quantitas,</span> <span class='ocrx_word' id='word_1_343' title='bbox 941 3286 1055 3345; x_wconf 86' lang='lat' dir='ltr'>etiamsi</span> <span class='ocrx_word' id='word_1_344' title='bbox 1085 3283 1202 3344; x_wconf 89' lang='lat' dir='ltr'>adhoc</span> <span class='ocrx_word' id='word_1_345' title='bbox 1230 3289 1308 3344; x_wconf 89' lang='lat' dir='ltr'>omui</span> <span class='ocrx_word' id='word_1_346' title='bbox 1331 3304 1417 3346; x_wconf 88' lang='lat' dir='ltr'>seusu</span> <span class='ocrx_word' id='word_1_347' title='bbox 1447 3285 1642 3361; x_wconf 85' lang='lat' dir='ltr'>destituatur;</span> 
     </span>
     <span class='ocr_line' id='line_1_34' title="bbox 285 3370 1640 3453; baseline 0.001 -23"><span class='ocrx_word' id='word_1_348' title='bbox 285 3370 337 3431; x_wconf 92' lang='lat' dir='ltr'>illa</span> <span class='ocrx_word' id='word_1_349' title='bbox 359 3390 391 3433; x_wconf 87' lang='lat' dir='ltr'>se</span> <span class='ocrx_word' id='word_1_350' title='bbox 413 3373 479 3453; x_wconf 91' lang='lat' dir='ltr'>ipsa</span> <span class='ocrx_word' id='word_1_351' title='bbox 499 3372 609 3434; x_wconf 87' lang='lat' dir='ltr'>lineam</span> <span class='ocrx_word' id='word_1_352' title='bbox 632 3379 750 3447; x_wconf 90' lang='lat' dir='ltr'>rectam,</span> <span class='ocrx_word' id='word_1_353' title='bbox 774 3374 839 3449; x_wconf 88' lang='lat' dir='ltr'>ipsa</span> <span class='ocrx_word' id='word_1_354' title='bbox 860 3370 1047 3432; x_wconf 82' lang='lat' dir='ltr'>intervallum</span> <span class='ocrx_word' id='word_1_355' title='bbox 1070 3371 1193 3450; x_wconf 88' lang='lat' dir='ltr'>aequale</span> <span class='ocrx_word' id='word_1_356' title='bbox 1216 3373 1254 3432; x_wconf 84' lang='lat' dir='ltr'>ab</span> <span class='ocrx_word' id='word_1_357' title='bbox 1277 3391 1335 3434; x_wconf 92' lang='lat' dir='ltr'>uno</span> <span class='ocrx_word' id='word_1_358' title='bbox 1357 3380 1465 3452; x_wconf 90' lang='lat' dir='ltr'>puncto</span> <span class='ocrx_word' id='word_1_359' title='bbox 1488 3371 1640 3450; x_wconf 85' lang='lat' dir='ltr'>iutelligit,</span> 
     </span>
     <span class='ocr_line' id='line_1_35' title="bbox 284 3458 1640 3538; baseline 0.002 -21"><span class='ocrx_word' id='word_1_360' title='bbox 284 3461 350 3537; x_wconf 91' lang='lat' dir='ltr'>ipsa</span> <span class='ocrx_word' id='word_1_361' title='bbox 372 3478 424 3538; x_wconf 91' lang='lat' dir='ltr'>per</span> <span class='ocrx_word' id='word_1_362' title='bbox 445 3460 519 3522; x_wconf 90' lang='lat' dir='ltr'>haec</span> <span class='ocrx_word' id='word_1_363' title='bbox 547 3461 603 3522; x_wconf 91' lang='lat' dir='ltr'>sibi</span> <span class='ocrx_word' id='word_1_364' title='bbox 625 3458 765 3520; x_wconf 90' lang='lat' dir='ltr'>circulum</span> <span class='ocrx_word' id='word_1_365' title='bbox 792 3462 978 3537; x_wconf 85' lang='lat' dir='ltr'>imaginatur.</span> <span class='ocrx_word' id='word_1_366' title='bbox 1023 3459 1056 3519; x_wconf 82' lang='lat' dir='ltr'>Si</span> <span class='ocrx_word' id='word_1_367' title='bbox 1071 3459 1155 3538; x_wconf 79' lang='lat' dir='ltr'>boc,</span> <span class='ocrx_word' id='word_1_368' title='bbox 1185 3467 1285 3538; x_wconf 90' lang='lat' dir='ltr'>potest</span> <span class='ocrx_word' id='word_1_369' title='bbox 1311 3460 1403 3521; x_wconf 91' lang='lat' dir='ltr'>multo</span> <span class='ocrx_word' id='word_1_370' title='bbox 1425 3463 1519 3538; x_wconf 88' lang='lat' dir='ltr'>magis</span> <span class='ocrx_word' id='word_1_371' title='bbox 1545 3462 1576 3518; x_wconf 92' lang='lat' dir='ltr'>in</span> <span class='ocrx_word' id='word_1_372' title='bbox 1601 3477 1640 3522; x_wconf 91' lang='lat' dir='ltr'>eo</span> 
     </span>
     <span class='ocr_line' id='line_1_36' title="bbox 285 3544 1641 3628; baseline 0.001 -21"><span class='ocrx_word' id='word_1_373' title='bbox 285 3546 563 3610; x_wconf 89' lang='lat' dir='ltr'>demonstrationem</span> <span class='ocrx_word' id='word_1_374' title='bbox 592 3549 725 3609; x_wconf 87' lang='lat' dir='ltr'>inrenhe</span> <span class='ocrx_word' id='word_1_375' title='bbox 753 3549 854 3624; x_wconf 90' lang='lat' dir='ltr'>itaque</span> <span class='ocrx_word' id='word_1_376' title='bbox 883 3546 963 3608; x_wconf 90' lang='lat' dir='ltr'>oculi</span> <span class='ocrx_word' id='word_1_377' title='bbox 992 3544 1118 3607; x_wconf 82' lang='lat' dir='ltr'>officium</span> <span class='ocrx_word' id='word_1_378' title='bbox 1148 3548 1178 3604; x_wconf 90' lang='lat' dir='ltr'>in</span> <span class='ocrx_word' id='word_1_379' title='bbox 1207 3546 1395 3628; x_wconf 87' lang='lat' dir='ltr'>adspiciendo</span> <span class='ocrx_word' id='word_1_380' title='bbox 1426 3548 1641 3627; x_wconf 89' lang='lat' dir='ltr'>diagrammate</span> 
     </span>
     <span class='ocr_line' id='line_1_37' title="bbox 284 3631 1642 3716; baseline 0.001 -20"><span class='ocrx_word' id='word_1_381' title='bbox 284 3635 320 3716; x_wconf 90' lang='lat' dir='ltr'>(sl</span> <span class='ocrx_word' id='word_1_382' title='bbox 342 3644 439 3697; x_wconf 67' lang='lat' dir='ltr'>nmen</span> <span class='ocrx_word' id='word_1_383' title='bbox 468 3654 543 3715; x_wconf 91' lang='lat' dir='ltr'>opus</span> <span class='ocrx_word' id='word_1_384' title='bbox 569 3652 604 3696; x_wconf 90' lang='lat' dir='ltr'>eo</span> <span class='ocrx_word' id='word_1_385' title='bbox 626 3632 728 3715; x_wconf 91' lang='lat' dir='ltr'>habet)</span> <span class='ocrx_word' id='word_1_386' title='bbox 756 3634 903 3713; x_wconf 89' lang='lat' dir='ltr'>supplere.</span> <span class='ocrx_word' id='word_1_387' title='bbox 948 3631 1064 3713; x_wconf 88' lang='lat' dir='ltr'>Quippe</span> <span class='ocrx_word' id='word_1_388' title='bbox 1097 3651 1178 3693; x_wconf 88' lang='lat' dir='ltr'>mens</span> <span class='ocrx_word' id='word_1_389' title='bbox 1204 3637 1283 3713; x_wconf 88' lang='lat' dir='ltr'>ipsa,</span> <span class='ocrx_word' id='word_1_390' title='bbox 1315 3638 1340 3696; x_wconf 92' lang='lat' dir='ltr'>si</span> <span class='ocrx_word' id='word_1_391' title='bbox 1370 3635 1478 3697; x_wconf 90' lang='lat' dir='ltr'>nulllus</span> <span class='ocrx_word' id='word_1_392' title='bbox 1509 3653 1642 3713; x_wconf 88' lang='lat' dir='ltr'>unquam</span> 
     </span>
     <span class='ocr_line' id='line_1_38' title="bbox 284 3721 1642 3803; baseline 0.001 -20"><span class='ocrx_word' id='word_1_393' title='bbox 284 3723 361 3784; x_wconf 91' lang='lat' dir='ltr'>oculi</span> <span class='ocrx_word' id='word_1_394' title='bbox 385 3741 505 3801; x_wconf 87' lang='lat' dir='ltr'>compos</span> <span class='ocrx_word' id='word_1_395' title='bbox 526 3724 644 3797; x_wconf 88' lang='lat' dir='ltr'>luisset,</span> <span class='ocrx_word' id='word_1_396' title='bbox 667 3731 801 3803; x_wconf 89' lang='lat' dir='ltr'>posceret</span> <span class='ocrx_word' id='word_1_397' title='bbox 822 3725 880 3783; x_wconf 89' lang='lat' dir='ltr'>sibi</span> <span class='ocrx_word' id='word_1_398' title='bbox 902 3721 942 3783; x_wconf 90' lang='lat' dir='ltr'>ad</span> <span class='ocrx_word' id='word_1_399' title='bbox 964 3722 1253 3801; x_wconf 87' lang='lat' dir='ltr'>comprehensionem</span> <span class='ocrx_word' id='word_1_400' title='bbox 1278 3741 1374 3784; x_wconf 90' lang='lat' dir='ltr'>rernm</span> <span class='ocrx_word' id='word_1_401' title='bbox 1395 3733 1477 3786; x_wconf 83' lang='lat' dir='ltr'>extra</span> <span class='ocrx_word' id='word_1_402' title='bbox 1498 3741 1530 3784; x_wconf 89' lang='lat' dir='ltr'>se</span> <span class='ocrx_word' id='word_1_403' title='bbox 1552 3727 1642 3803; x_wconf 92' lang='lat' dir='ltr'>posi·</span> 
     </span>
     <span class='ocr_line' id='line_1_39' title="bbox 286 3809 1641 3893; baseline 0 -21"><span class='ocrx_word' id='word_1_404' title='bbox 286 3819 381 3872; x_wconf 84' lang='lat' dir='ltr'>tarum</span> <span class='ocrx_word' id='word_1_405' title='bbox 404 3811 521 3872; x_wconf 91' lang='lat' dir='ltr'>oculum</span> <span class='ocrx_word' id='word_1_406' title='bbox 542 3811 681 3889; x_wconf 82' lang='lat' dir='ltr'>legesque</span> <span class='ocrx_word' id='word_1_407' title='bbox 703 3810 767 3887; x_wconf 85' lang='lat' dir='ltr'>ejus</span> <span class='ocrx_word' id='word_1_408' title='bbox 789 3811 933 3870; x_wconf 83' lang='lat' dir='ltr'>formandi</span> <span class='ocrx_word' id='word_1_409' title='bbox 963 3826 999 3870; x_wconf 82' lang='lat' dir='ltr'>ex</span> <span class='ocrx_word' id='word_1_410' title='bbox 1021 3826 1053 3871; x_wconf 88' lang='lat' dir='ltr'>se</span> <span class='ocrx_word' id='word_1_411' title='bbox 1075 3812 1141 3887; x_wconf 90' lang='lat' dir='ltr'>ipsa</span> <span class='ocrx_word' id='word_1_412' title='bbox 1165 3812 1274 3888; x_wconf 89' lang='lat' dir='ltr'>petitas</span> <span class='ocrx_word' id='word_1_413' title='bbox 1302 3813 1512 3888; x_wconf 88' lang='lat' dir='ltr'>praescriberet</span> <span class='ocrx_word' id='word_1_414' title='bbox 1532 3809 1641 3893; x_wconf 86' lang='lat' dir='ltr'>(siqui-</span> 
     </span>
     <span class='ocr_line' id='line_1_40' title="bbox 285 3895 1642 3979; baseline 0.001 -22"><span class='ocrx_word' id='word_1_415' title='bbox 285 3897 352 3958; x_wconf 89' lang='lat' dir='ltr'>dem</span> <span class='ocrx_word' id='word_1_416' title='bbox 373 3916 447 3976; x_wconf 91' lang='lat' dir='ltr'>pura</span> <span class='ocrx_word' id='word_1_417' title='bbox 469 3907 499 3959; x_wconf 88' lang='lat' dir='ltr'>et</span> <span class='ocrx_word' id='word_1_418' title='bbox 520 3916 594 3959; x_wconf 91' lang='lat' dir='ltr'>sana</span> <span class='ocrx_word' id='word_1_419' title='bbox 615 3906 647 3959; x_wconf 89' lang='lat' dir='ltr'>et</span> <span class='ocrx_word' id='word_1_420' title='bbox 668 3897 731 3958; x_wconf 87' lang='lat' dir='ltr'>sinc</span> <span class='ocrx_word' id='word_1_421' title='bbox 753 3897 978 3977; x_wconf 88' lang='lat' dir='ltr'>impedimentis,</span> <span class='ocrx_word' id='word_1_422' title='bbox 1000 3896 1058 3958; x_wconf 90' lang='lat' dir='ltr'>hoc</span> <span class='ocrx_word' id='word_1_423' title='bbox 1080 3907 1126 3958; x_wconf 86' lang='lat' dir='ltr'>cat</span> <span class='ocrx_word' id='word_1_424' title='bbox 1146 3899 1172 3956; x_wconf 91' lang='lat' dir='ltr'>si</span> <span class='ocrx_word' id='word_1_425' title='bbox 1195 3897 1224 3959; x_wconf 90' lang='lat' dir='ltr'>ld</span> <span class='ocrx_word' id='word_1_426' title='bbox 1247 3897 1342 3959; x_wconf 89' lang='lat' dir='ltr'>solum</span> <span class='ocrx_word' id='word_1_427' title='bbox 1364 3908 1451 3976; x_wconf 89' lang='lat' dir='ltr'>esset,</span> <span class='ocrx_word' id='word_1_428' title='bbox 1474 3897 1554 3977; x_wconf 88' lang='lat' dir='ltr'>quod</span> <span class='ocrx_word' id='word_1_429' title='bbox 1571 3895 1642 3979; x_wconf 84' lang='lat' dir='ltr'>est),</span> 
     </span>
     <span class='ocr_line' id='line_1_41' title="bbox 283 3979 1642 4064; baseline 0.001 -20"><span class='ocrx_word' id='word_1_430' title='bbox 283 3988 350 4063; x_wconf 87' lang='lat' dir='ltr'>ipsa</span> <span class='ocrx_word' id='word_1_431' title='bbox 379 3988 456 4047; x_wconf 89' lang='lat' dir='ltr'>enim</span> <span class='ocrx_word' id='word_1_432' title='bbox 486 3979 684 4064; x_wconf 79' lang='lat' dir='ltr'>quantitatum</span> <span class='ocrx_word' id='word_1_433' title='bbox 712 3985 838 4062; x_wconf 90' lang='lat' dir='ltr'>agnitio,</span> <span class='ocrx_word' id='word_1_434' title='bbox 872 3985 1029 4062; x_wconf 89' lang='lat' dir='ltr'>congenita</span> <span class='ocrx_word' id='word_1_435' title='bbox 1051 3987 1158 4054; x_wconf 87' lang='lat' dir='ltr'>manti,</span> <span class='ocrx_word' id='word_1_436' title='bbox 1189 3987 1285 4063; x_wconf 87' lang='lat' dir='ltr'>qnalle</span> <span class='ocrx_word' id='word_1_437' title='bbox 1308 3987 1411 4047; x_wconf 91' lang='lat' dir='ltr'>oculus</span> <span class='ocrx_word' id='word_1_438' title='bbox 1441 4004 1506 4048; x_wconf 89' lang='lat' dir='ltr'>esse</span> <span class='ocrx_word' id='word_1_439' title='bbox 1528 3985 1642 4048; x_wconf 90' lang='lat' dir='ltr'>debeat</span> 
     </span>
     <span class='ocr_line' id='line_1_42' title="bbox 287 4071 1643 4149; baseline 0.001 -17"><span class='ocrx_word' id='word_1_440' title='bbox 287 4073 387 4147; x_wconf 88' lang='lat' dir='ltr'>dictat,</span> <span class='ocrx_word' id='word_1_441' title='bbox 411 4082 440 4134; x_wconf 92' lang='lat' dir='ltr'>et</span> <span class='ocrx_word' id='word_1_442' title='bbox 461 4071 529 4136; x_wconf 83' lang='lat' dir='ltr'>ideo</span> <span class='ocrx_word' id='word_1_443' title='bbox 552 4073 621 4134; x_wconf 87' lang='lat' dir='ltr'>talis</span> <span class='ocrx_word' id='word_1_444' title='bbox 643 4080 690 4134; x_wconf 89' lang='lat' dir='ltr'>est</span> <span class='ocrx_word' id='word_1_445' title='bbox 710 4072 805 4133; x_wconf 85' lang='lat' dir='ltr'>factus</span> <span class='ocrx_word' id='word_1_446' title='bbox 827 4072 947 4148; x_wconf 88' lang='lat' dir='ltr'>oculus,</span> <span class='ocrx_word' id='word_1_447' title='bbox 970 4074 1040 4149; x_wconf 88' lang='lat' dir='ltr'>quia</span> <span class='ocrx_word' id='word_1_448' title='bbox 1062 4071 1130 4132; x_wconf 90' lang='lat' dir='ltr'>talis</span> <span class='ocrx_word' id='word_1_449' title='bbox 1151 4090 1234 4133; x_wconf 90' lang='lat' dir='ltr'>mens</span> <span class='ocrx_word' id='word_1_450' title='bbox 1256 4081 1310 4149; x_wconf 88' lang='lat' dir='ltr'>est,</span> <span class='ocrx_word' id='word_1_451' title='bbox 1333 4091 1392 4134; x_wconf 90' lang='lat' dir='ltr'>non</span> <span class='ocrx_word' id='word_1_452' title='bbox 1415 4076 1554 4136; x_wconf 84' lang='lat' dir='ltr'>vicissim.</span> <span class='ocrx_word' id='word_1_453' title='bbox 1601 4073 1643 4134; x_wconf 83' lang='lat' dir='ltr'>Et</span> 
     </span>
     <span class='ocr_line' id='line_1_43' title="bbox 283 4159 1640 4241; baseline 0.002 -22"><span class='ocrx_word' id='word_1_454' title='bbox 283 4160 356 4241; x_wconf 86' lang='lat' dir='ltr'>quid</span> <span class='ocrx_word' id='word_1_455' title='bbox 378 4161 500 4221; x_wconf 80' lang='lat' dir='ltr'>multis?</span> <span class='ocrx_word' id='word_1_456' title='bbox 545 4159 714 4222; x_wconf 81' lang='lat' dir='ltr'>Geometria</span> <span class='ocrx_word' id='word_1_457' title='bbox 744 4168 812 4223; x_wconf 89' lang='lat' dir='ltr'>ante</span> <span class='ocrx_word' id='word_1_458' title='bbox 843 4179 940 4222; x_wconf 88' lang='lat' dir='ltr'>rerum</span> <span class='ocrx_word' id='word_1_459' title='bbox 961 4166 1057 4220; x_wconf 89' lang='lat' dir='ltr'>ortum</span> <span class='ocrx_word' id='word_1_460' title='bbox 1086 4163 1177 4221; x_wconf 87' lang='lat' dir='ltr'>menti</span> <span class='ocrx_word' id='word_1_461' title='bbox 1201 4161 1318 4222; x_wconf 80' lang='lat' dir='ltr'>divinae</span> <span class='ocrx_word' id='word_1_462' title='bbox 1349 4171 1522 4240; x_wconf 89' lang='lat' dir='ltr'>coaeterua,</span> <span class='ocrx_word' id='word_1_463' title='bbox 1553 4161 1640 4223; x_wconf 88' lang='lat' dir='ltr'>Dens</span> 
     </span>
     <span class='ocr_line' id='line_1_44' title="bbox 282 4246 1644 4328; baseline -0.001 -19"><span class='ocrx_word' id='word_1_464' title='bbox 282 4251 347 4328; x_wconf 92' lang='lat' dir='ltr'>lpse</span> <span class='ocrx_word' id='word_1_465' title='bbox 370 4247 456 4327; x_wconf 91' lang='lat' dir='ltr'>(quid</span> <span class='ocrx_word' id='word_1_466' title='bbox 477 4251 555 4310; x_wconf 90' lang='lat' dir='ltr'>enim</span> <span class='ocrx_word' id='word_1_467' title='bbox 577 4252 608 4308; x_wconf 90' lang='lat' dir='ltr'>in</span> <span class='ocrx_word' id='word_1_468' title='bbox 624 4248 698 4321; x_wconf 86' lang='lat' dir='ltr'>Deo,</span> <span class='ocrx_word' id='word_1_469' title='bbox 721 4246 801 4325; x_wconf 90' lang='lat' dir='ltr'>qnod</span> <span class='ocrx_word' id='word_1_470' title='bbox 823 4265 883 4308; x_wconf 90' lang='lat' dir='ltr'>non</span> <span class='ocrx_word' id='word_1_471' title='bbox 897 4249 957 4309; x_wconf 88' lang='lat' dir='ltr'>sit</span> <span class='ocrx_word' id='word_1_472' title='bbox 948 4264 1012 4325; x_wconf 90' lang='lat' dir='ltr'>rpse</span> <span class='ocrx_word' id='word_1_473' title='bbox 1027 4247 1150 4324; x_wconf 77' lang='lat' dir='ltr'>Densi)</span> <span class='ocrx_word' id='word_1_474' title='bbox 1172 4249 1307 4328; x_wconf 82' lang='lat' dir='ltr'>exempla</span> <span class='ocrx_word' id='word_1_475' title='bbox 1323 4248 1387 4310; x_wconf 86' lang='lat' dir='ltr'>Deo</span> <span class='ocrx_word' id='word_1_476' title='bbox 1404 4248 1522 4312; x_wconf 89' lang='lat' dir='ltr'>creandi</span> <span class='ocrx_word' id='word_1_477' title='bbox 1537 4248 1644 4310; x_wconf 89' lang='lat' dir='ltr'>mundi</span> 
     </span>
     <span class='ocr_line' id='line_1_45' title="bbox 284 4334 1644 4456; baseline 0.001 -59"><span class='ocrx_word' id='word_1_478' title='bbox 284 4337 484 4417; x_wconf 81' lang='lat' dir='ltr'>suppeditavit</span> <span class='ocrx_word' id='word_1_479' title='bbox 506 4345 535 4398; x_wconf 89' lang='lat' dir='ltr'>et</span> <span class='ocrx_word' id='word_1_480' title='bbox 557 4354 624 4397; x_wconf 91' lang='lat' dir='ltr'>cnm</span> <span class='ocrx_word' id='word_1_481' title='bbox 646 4336 773 4412; x_wconf 85' lang='lat' dir='ltr'>imagine</span> <span class='ocrx_word' id='word_1_482' title='bbox 788 4335 845 4396; x_wconf 91' lang='lat' dir='ltr'>Dei</span> <span class='ocrx_word' id='word_1_483' title='bbox 867 4337 1034 4396; x_wconf 86' lang='lat' dir='ltr'>transivit</span> <span class='ocrx_word' id='word_1_484' title='bbox 1026 4354 1055 4394; x_wconf 89' lang='lat' dir='ltr'>rn</span> <span class='ocrx_word' id='word_1_485' title='bbox 1078 4334 1233 4413; x_wconf 90' lang='lat' dir='ltr'>hominem,</span> <span class='ocrx_word' id='word_1_486' title='bbox 1259 4354 1316 4397; x_wconf 92' lang='lat' dir='ltr'>uon</span> <span class='ocrx_word' id='word_1_487' title='bbox 1332 4335 1449 4400; x_wconf 86' lang='lat' dir='ltr'>demum</span> <span class='ocrx_word' id='word_1_488' title='bbox 1469 4355 1520 4456; x_wconf 90' lang='lat' dir='ltr'>per</span> <span class='ocrx_word' id='word_1_489' title='bbox 1536 4337 1644 4399; x_wconf 86' lang='lat' dir='ltr'>oculos</span> 
     </span>
     <span class='ocr_line' id='line_1_46' title="bbox 285 4423 698 4504; baseline 0.002 -20"><span class='ocrx_word' id='word_1_490' title='bbox 285 4427 441 4486; x_wconf 85' lang='lat' dir='ltr'>introrsum</span> <span class='ocrx_word' id='word_1_491' title='bbox 463 4431 509 4485; x_wconf 91' lang='lat' dir='ltr'>est</span> <span class='ocrx_word' id='word_1_492' title='bbox 529 4423 698 4504; x_wconf 50' lang='lat' dir='ltr'>receptu)</span> 
     </span>
    </p>

    <p class='ocr_par' dir='ltr' id='par_1_5' title="bbox 371 4507 1644 4591">
     <span class='ocr_line' id='line_1_47' title="bbox 371 4507 1644 4591; baseline 0.001 -18"><span class='ocrx_word' id='word_1_493' title='bbox 371 4512 446 4573; x_wconf 82' lang='lat' dir='ltr'>Gum</span> <span class='ocrx_word' id='word_1_494' title='bbox 477 4513 566 4591; x_wconf 87' lang='lat' dir='ltr'>igitur</span> <span class='ocrx_word' id='word_1_495' title='bbox 597 4507 862 4573; x_wconf 73' lang='lat' dir='ltr'>demonstrabilibus</span> <span class='ocrx_word' id='word_1_496' title='bbox 893 4510 1109 4587; x_wconf 84' lang='lat' dir='ltr'>quantitatibus</span> <span class='ocrx_word' id='word_1_497' title='bbox 1140 4513 1222 4584; x_wconf 85' lang='lat' dir='ltr'>insit,</span> <span class='ocrx_word' id='word_1_498' title='bbox 1255 4527 1316 4573; x_wconf 90' lang='lat' dir='ltr'>uon</span> <span class='ocrx_word' id='word_1_499' title='bbox 1347 4520 1494 4590; x_wconf 88' lang='lat' dir='ltr'>quatenus</span> <span class='ocrx_word' id='word_1_500' title='bbox 1526 4512 1644 4590; x_wconf 82' lang='lat' dir='ltr'>figurae</span> 
     </span>
    </p>
   </div>
   <div class='ocr_carea' id='block_1_5' title="bbox 161 4597 1643 4708">
    <p class='ocr_par' dir='ltr' id='par_1_6' title="bbox 161 4597 1643 4708">
     <span class='ocr_line' id='line_1_48' title="bbox 161 4597 1643 4708; baseline 0.001 -50"><span class='ocrx_word' id='word_1_501' title='bbox 161 4653 166 4658; x_wconf 85' lang='lat'>.</span> <span class='ocrx_word' id='word_1_502' title='bbox 284 4599 479 4676; x_wconf 78' lang='lat' dir='ltr'>snbjiciuntur</span> <span class='ocrx_word' id='word_1_503' title='bbox 507 4600 613 4675; x_wconf 60' lang='lat' dir='ltr'>eculin</span> <span class='ocrx_word' id='word_1_504' title='bbox 642 4598 695 4660; x_wconf 89' lang='lat' dir='ltr'>sed</span> <span class='ocrx_word' id='word_1_505' title='bbox 717 4605 863 4677; x_wconf 89' lang='lat' dir='ltr'>quatenus</span> <span class='ocrx_word' id='word_1_506' title='bbox 895 4597 1001 4659; x_wconf 88' lang='lat' dir='ltr'>mentis</span> <span class='ocrx_word' id='word_1_507' title='bbox 1023 4598 1118 4708; x_wconf 78' lang='lat' dir='ltr'>oculis</span> <span class='ocrx_word' id='word_1_508' title='bbox 1139 4607 1254 4678; x_wconf 88' lang='lat' dir='ltr'>patent,</span> <span class='ocrx_word' id='word_1_509' title='bbox 1284 4599 1315 4659; x_wconf 89' lang='lat' dir='ltr'>id</span> <span class='ocrx_word' id='word_1_510' title='bbox 1337 4609 1383 4660; x_wconf 91' lang='lat' dir='ltr'>est</span> <span class='ocrx_word' id='word_1_511' title='bbox 1409 4609 1556 4679; x_wconf 83' lang='lat' dir='ltr'>quatenus</span> <span class='ocrx_word' id='word_1_512' title='bbox 1578 4618 1643 4661; x_wconf 88' lang='lat' dir='ltr'>non</span> 
     </span>
    </p>
   </div>
   <div class='ocr_carea' id='block_1_6' title="bbox 286 4784 1647 4936">
    <p class='ocr_par' dir='ltr' id='par_1_7' title="bbox 286 4784 1647 4936">
     <span class='ocr_line' id='line_1_49' title="bbox 363 4784 1642 4839; baseline -0.001 -9"><span class='ocrx_word' id='word_1_513' title='bbox 363 4785 555 4839; x_wconf 74' lang='lat' dir='ltr'>*llladsmpsaa</span> <span class='ocrx_word' id='word_1_514' title='bbox 568 4787 663 4828; x_wconf 78' lang='lat' dir='ltr'>Preolna</span> <span class='ocrx_word' id='word_1_515' title='bbox 635 4787 743 4839; x_wconf 75' lang='lat' dir='ltr'>narspaai</span> <span class='ocrx_word' id='word_1_516' title='bbox 729 4784 1117 4839; x_wconf 70' lang='grc' dir='ltr'>ιιιιιιΙιιιιιιιίιιιΔιιιιιι·</span> <span class='ocrx_word' id='word_1_517' title='bbox 1135 4786 1422 4828; x_wconf 70' lang='grc' dir='ltr'>ιιιιιιίιιιιιιιιιιιιιιιι</span> <span class='ocrx_word' id='word_1_518' title='bbox 1441 4787 1562 4828; x_wconf 76' lang='lat' dir='ltr'>uslmiiari</span> <span class='ocrx_word' id='word_1_519' title='bbox 1575 4788 1642 4829; x_wconf 81' lang='lat' dir='ltr'>v·ari</span> 
     </span>
     <span class='ocr_line' id='line_1_50' title="bbox 286 4799 1647 4936; baseline 0 -53"><span class='ocrx_word' id='word_1_520' title='bbox 286 4840 513 4936; x_wconf 53' lang='lat' dir='ltr'>mmm,</span> <span class='ocrx_word' id='word_1_521' title='bbox 458 4849 513 4892; x_wconf 85' lang='lat' dir='ltr'>soa,</span> <span class='ocrx_word' id='word_1_522' title='bbox 527 4840 753 4892; x_wconf 77' lang='lat' dir='ltr'>aottatplhaamtotl</span> <span class='ocrx_word' id='word_1_523' title='bbox 726 4799 910 4884; x_wconf 59' lang='lat' dir='ltr'>aapunlrttaaral</span> <span class='ocrx_word' id='word_1_524' title='bbox 882 4839 1647 4892; x_wconf 76' lang='lat' dir='ltr'>nsanmarahatyptamatbautatlslatblaoaatsrnlalatoainrma·</span> 
     </span>
    </p>
   </div>
   <div class='ocr_carea' id='block_1_7' title="bbox 0 0 1793 5625">
    <p class='ocr_par' dir='ltr' id='par_1_8' title="bbox 0 0 1793 5625">
     <span class='ocr_line' id='line_1_51' title="bbox 0 0 1793 5625; baseline 0 0"><span class='ocrx_word' id='word_1_525' title='bbox 0 0 1793 5625; x_wconf 95' lang='lat' dir='ltr'> </span> 
     </span>
    </p>
   </div>
  </div>
 </body>
</html>
