3567 5625
695 373 705 401 ’
773 411 915 485 Aeolon·-
1245 485 1247 498 ,
1420 412 1515 489 ἰιι

171 591 308 650 arguam.
353 576 441 636 Anne
471 573 591 652 qnidam
621 576 716 635 itit.
739 575 906 652 'l'nblngam
933 578 1079 654 proiectos
1107 581 1218 656 negotii
1248 591 1353 655 mess,
1387 581 1468 641 nihil·
1488 586 1517 641 in

172 673 279 739 parato
303 664 405 741 habui,
426 673 541 739 praeter
562 660 704 738 panculas
726 662 867 739 pagellas,
892 662 956 723 llhri
971 665 1027 727 111.
1049 670 1201 726 materiam
1222 663 1323 727 rudem
1341 670 1517 746 complexas,

170 766 249 826 quas
273 752 433 811 monstravi
456 752 573 824 amicis,
606 750 752 826 explicavi
774 750 920 810 scribendi
950 756 1146 830 prepositum,
1176 772 1253 832 quae
1275 775 1295 815 a
1318 757 1359 815 20
1381 760 1465 816 annis
1487 760 1516 817 in

172 837 323 898 meditatis
346 839 472 898 habeam
494 853 630 914 quaeque
651 846 761 897 restent
783 838 964 914 inquirenda,
987 841 1102 916 singula
1124 844 1264 902 recensui.
1311 842 1370 903 Sed
1398 855 1427 905 et
1448 863 1518 922 grs-

169 929 242 984 tiam
269 926 367 986 habeo
396 943 448 1005 pre
479 926 631 984 verissime
661 924 758 1001 elegio
787 928 844 985 mei
875 929 991 1002 operis3
1019 931 1126 1002 fateor,
1157 929 1224 989 libri
1246 933 1417 1007 praesertim
1440 935 1516 991 tertii

168 1016 323 1073 materiam
351 1032 403 1091 per
431 1015 471 1071 ‘li
503 1029 596 1072 annes
627 1015 730 1073 iterum
758 1015 920 1090 iterumque
948 1017 1087 1088 revisam,
1118 1017 1211 1076 fateor
1243 1018 1326 1076 libris
1349 1018 1401 1079 IV.
1426 1029 1456 1080 et
1479 1020 1516 1079 V.

169 1118 339 1178 quanquam
361 1102 488 1160 breviori
510 1111 641 1176 tempere
664 1101 838 1175 plurimum
859 1101 1081 1162 cimentatienis
1100 1103 1401 1183 fermentationisque
1428 1107 1515 1166 adhi-

169 1189 272 1256 bbnm,
297 1193 367 1266 quin
391 1199 420 1248 et
442 1190 669 1264 putrefactienos
690 1196 721 1247 et
734 1187 943 1247 calcinationes
965 1197 996 1248 et
1009 1190 1228 1252 sublimationes
1245 1194 1512 1256 reverberationes·

169 1293 228 1352 que
258 1278 325 1352 jure
357 1291 490 1352 quasque
521 1292 575 1335 suo
597 1277 778 1351 apposueris.
825 1279 870 1334 An
903 1292 974 1334 vere
1004 1278 1121 1354 singula
1148 1278 1187 1339 ad
1215 1297 1280 1339 eam
1307 1282 1514 1356 perfectionem
1638 1347 1642 1360 ¹

168 1365 278 1422 luerim
301 1374 436 1435 excocta,
465 1379 553 1438 qnam
577 1361 723 1422 liebertus
746 1365 889 1434 insinuat,
918 1380 1006 1440 super
1027 1383 1064 1425 ea
1084 1383 1115 1425 re
1133 1366 1246 1443 judicia
1274 1384 1340 1427 eum
1362 1367 1513 1428 doctorum

167 1452 308 1531 plurium,
331 1463 391 1510 tum
414 1453 503 1510 etiam
525 1467 622 1510 meum
647 1452 738 1526 ipsius
761 1451 946 1527 exspectabo.
993 1449 1059 1527 Qua
1081 1453 1169 1514 ders
1190 1463 1287 1514 exstat
1307 1455 1359 1518 sol,
1372 1457 1436 1515 320
1457 1461 1514 1517 mei

168 1542 266 1615 operis
288 1542 458 1617 provocatio
480 1537 636 1597 luculenta

257 1626 308 1685 Ad
333 1627 514 1702 Analysln
536 1621 593 1686 ill.
637 1623 772 1699 ignosce,
797 1622 941 1698 Roberte,
966 1625 1035 1685 lana
1056 1627 1128 1686 mihi
1149 1629 1204 1686 iuit
1226 1643 1314 1705 epus,
1345 1631 1413 1707 plns
1436 1630 1514 1690 illius

168 1714 512 1789 nauseamentis
534 1714 639 1787 eapite.
686 1711 811 1769 Discede
833 1729 935 1787 porro,
957 1722 1051 1773 emtor
1068 1715 1132 1790 jam
1155 1723 1322 1788 contentas,
1353 1726 1446 1777 atua
1468 1727 1515 1777 ta-

169 1803 278 1876 berna3
300 1810 333 1859 tu
355 1816 401 1861 res
425 1811 491 1860 tuas
514 1802 655 1859 arbitratu
670 1807 721 1858 tue
745 1798 902 1874 disponite,
926 1799 1025 1860 ordine
1048 1804 1111 1861 sire
1125 1811 1213 1875 recte,
1237 1804 1301 1861 sire
1315 1814 1513 1881 praepostere.

168 1888 248 1965 Quin
271 1899 300 1948 ιι
322 1906 408 1978 parce
430 1890 504 1947 meis
526 1887 639 1960 verbim
662 1902 718 1961 ego
740 1887 797 1944 nisi
820 1903 893 1946 voce
915 1887 1138 1963 qtsadamtmuo
1160 1906 1255 1952 essem
1277 1908 1358 1964 usus,
1381 1894 1409 1949 in
1432 1896 1513 1970 peri-

168 1977 235 2037 culo
258 1977 309 2050 sni,
333 1994 369 2036 ne
392 1995 410 2035 a
433 1985 461 2035 te
483 1974 575 2033 salsae
596 1972 779 2049 gloriationis
801 1990 867 2033 reus
889 1991 1001 2050 agerer.
1045 1976 1119 2036 Nam
1142 1986 1174 2035 tu
1197 1995 1215 2036 a
1236 1995 1283 2037 me
1306 1987 1352 2038 est
1374 1980 1424 2038 nbi
1447 1980 1511 2039 dis·

167 2066 287 2124 sandes.
334 2062 411 2139 Quid
434 2061 513 2138 qued
535 2073 565 2120 et
586 2077 709 2120 accusas
731 2037 825 2119 rudem
848 2063 877 2118 ie
900 2063 996 2138 capite
1019 2066 1047 2121 2.
1071 2064 1283 2142 prolixitatem,
1309 2071 1459 2143 nunqnam
1481 2066 1511 2125 id

166 2154 313 2224 iaotnrns,
343 2153 401 2210 nisi
422 2159 454 2207 tn
477 2152 553 2208 intra
581 2148 668 2225 hujus
691 2151 772 2206 vocis
795 2150 1020 2223 quadamtenus
1048 2155 1198 2227 angustias
1228 2153 1432 2213 constitisses?
1477 2156 1515 2214 Et

167 2241 288 2297 inierim
310 2240 370 2296 vim
393 2239 497 2314 capitis
520 2237 577 2295 mei
600 2237 669 2295 noni
692 2239 856 2309 coarctasti,
879 2237 977 2296 lassus
1000 2255 1045 2309 ea,
1068 2256 1144 2315 quae
1169 2242 1231 2316 ipso
1253 2240 1347 2301 multa
1364 2240 1514 2303 locutione
1563 2233 1568 2248 ’

167 2325 327 2401 multisque
353 2325 433 2383 loliis
455 2322 640 2396 tradiderim,
671 2331 700 2380 ιι
731 2324 760 2380 in
788 2323 944 2398 parvulum
975 2324 1121 2400 redegisse
1143 2326 1256 2400 lecum,
1285 2327 1343 2388 hoc
1371 2347 1443 2388 vere
1469 2341 1514 2389 est

169 2413 396 2489 quadammmus
418 2411 546 2471 modam
567 2413 731 2469 materiam
753 2411 917 2484 complecti
961 2411 1037 2471 Nam
1058 2414 1250 2488 turpcmslum
1273 2415 1418 2491 profiteris
1440 2417 1524 2476 ern-‘

168 2500 284 2558 diendis
306 2500 413 2573 ocuh's,¹
441 2515 496 2573 ogo
527 2499 623 2558 verbis
645 2505 690 2556 tet
710 2513 776 2555 sum
797 2514 883 2571 usus,
912 2507 946 2557 nt
974 2499 1022 2559 vel
1049 2499 1158 2559 clausis
1181 2502 1274 2560 ecelis
1304 2505 1392 2562 etiam
1414 2521 1510 2578 aures,

168 2585 240 2662 qnid
263 2586 365 2659 velim,
395 2589 543 2662 percipere
565 2593 684 2661 queant.
730 2584 766 2642 lit
788 2585 859 2660 qnid
888 2595 946 2657 est,
981 2603 1106 2662 quaeso,
1133 2595 1242 2647 cantus
1268 2590 1464 2650 bonnoniam
1486 2600 1514 2650 et
1624 2599 1626 2604 ’

166 2682 226 2733 tres
248 2674 436 2743 medietates,
468 2674 563 2749 capite
585 2688 651 2731 mee
677 2674 725 2731 16.
748 2689 890 2748 persnas
914 2689 1018 2733 causas
1041 2674 1195 2748 deductas,
1227 2676 1265 2735 ab
1286 2676 1392 2753 effectu
1413 2685 1512 2737 mien-

168 2761 247 2836 dcrc,
272 2764 329 2822 nisi
351 2761 583 2838 quadamtenus,
606 2758 718 2820 seilicet
740 2776 894 2820 causarum
916 2771 1015 2836 tenus,
1039 2765 1114 2839 quas
1136 2771 1205 2824 ante
1226 2779 1273 2824 me
1296 2764 1423 2824 nondum
1445 2774 1513 2828 ten·

168 2859 247 2910 tatas
270 2853 415 2921 existimo,
439 2846 615 2923 complecti?
660 2845 798 2916 Omnium
818 2851 945 2908 maxime
969 2851 1022 2909 tibi
1044 2853 1103 2927 ipsi
1124 2853 1245 2927 parcito,
1268 2869 1304 2912 ue
1325 2866 1514 2932 μιμψιμοιρος

168 2939 283 2997 audias.
334 2937 409 2996 Nam
440 2935 510 3012 quid
539 2937 643 2993 attinet
676 2935 800 2994 voculae
828 2952 986 3010 usurpans
1018 2937 1212 2999 succensere?
1263 2939 1365 3018 Egone
1396 2941 1513 2999 titulum

168 3024 351 3084 Harmoniae
380 3023 549 3082 Mandanae
579 3021 634 3080 soli
663 3039 728 3083 mee
761 3024 841 3100 operi
869 3025 999 3099 arrogo?
1043 3026 1105 3085 Aut
1134 3028 1201 3102 quis
1228 3025 1276 3086 hic
1308 3044 1395 3103 super
1421 3029 1513 3107 pallio

169 3115 321 3171 trabeatus
349 3111 555 3189 philosophus,
585 3111 635 3185 qni
658 3112 759 3169 titulos
787 3118 815 3169 et
836 3110 997 3184 diemitates
1015 3114 1156 3188 politicas
1182 3116 1256 3172 ieter
1286 3114 1513 3191 disceptationes

171 3199 392 3276 philosophicas
415 3200 573 3269 somnians,
596 3215 628 3256 se
651 3198 747 3273 ipsum
768 3197 1036 3258 stomachabundus
1060 3199 1194 3272 incendit,
1218 3208 1250 3259 ιιι
1270 3218 1326 3260 nee
1347 3202 1385 3260 ab
1407 3203 1515 3278 inJ'oria

169 3305 201 3347 se
223 3286 397 3346 contineat?
440 3285 544 3359 Legite
567 3294 679 3343 textum
700 3301 797 3343 meum
814 3284 875 3357 ΙΙΙ,
900 3302 987 3360 quem
1009 3288 1072 3362 ipse
1089 3288 1239 3347 verissime
1264 3287 1380 3362 ,sterile
1393 3289 1508 3349 seium“

170 3374 263 3450 dixit3
285 3377 311 3432 si
333 3375 363 3431 in
386 3389 421 3432 eo
443 3373 617 3449 philantiam
639 3373 817 3445 inveneritis,
841 3370 1008 3446 exemplum
1031 3372 1167 3432 damnate
1190 3383 1220 3433 et
1242 3383 1352 3433 cavete.

256 3460 398 3537 Reliquas
422 3462 655 3536 comparationes
676 3457 868 3535 particulares
890 3476 910 3517 a
924 3476 971 3518 me
994 3464 1131 3532 omissas,
1155 3459 1244 3534 adds,
1268 3460 1351 3534 licet,
1379 3479 1432 3539 pre
1455 3464 1513 3521 tnls

169 3547 339 3609 lectoribus.
383 3547 448 3623 Ege
477 3551 505 3605 in
534 3547 689 3606 verberum
716 3562 836 3605 numero
864 3554 977 3623 partem
1007 3545 1180 3607 discriminis
1207 3564 1286 3623 pene
1317 3547 1443 3623 nnllam,
1476 3549 1512 3609 de

170 3636 340 3696 harmonica
362 3634 489 3694 chordae
512 3636 641 3693 sectione
664 3641 746 3693 tanta
767 3651 832 3692 sum
856 3650 927 3692 usus
951 3634 1104 3694 verberum
1126 3637 1220 3709 copia,
1244 3644 1384 3711 qnantum
1407 3640 1513 3711 requiri

171 3726 272 3783 censui
294 3722 332 3782 ad
354 3721 527 3799 explicanda
551 3723 679 3780 musicae
701 3720 908 3794 laudamenta3
938 3724 966 3777 ln
989 3720 1195 3781 medietatibus
1222 3737 1308 3799 porro
1337 3723 1513 3783 harmonicis
1559 3708 1565 3725 ’

170 3818 256 3871 tanta
278 3812 430 3884 brevitate,
454 3817 565 3885 quanta
586 3812 704 3868 omnino
726 3811 822 3884 petui3
846 3810 917 3883 quia
938 3818 968 3866 et
990 3826 1112 3886 parvum
1135 3811 1164 3866 in
1189 3810 1224 3867 iis
1247 3819 1424 3870 momentum
1448 3820 1512 3871 erat

172 3901 262 3957 sitnm
284 3896 323 3957 ad
344 3898 401 3958 hoe
422 3914 515 3973 genus
538 3894 757 3972 contemplandi
778 3895 1025 3972 philosophicum,
1049 3906 1079 3957 et
1092 3896 1168 3956 ultre
1184 3898 1381 3972 sequebantur
1396 3897 1508 3958 medie-

168 3995 253 4060 tates,
276 3987 443 4045 constitutis
465 3987 616 4055 extremis,
640 3982 671 4042 id
692 3991 736 4041 est
757 3982 917 4045 harmoniis
939 3985 1010 4059 ipsis
1033 3986 1107 4044 inter
1124 4001 1156 4043 se
1179 3987 1362 4060 compositis,
1386 4002 1509 4062 quarum

168 4082 264 4132 ertum
295 4071 451 4132 docueram
480 4075 575 4149 capite
597 4076 626 4128 a.
670 4069 735 4128 Non
765 4069 852 4129 video
882 4078 996 4145 tamem
1027 4071 1079 4147 qui
1104 4072 1333 4147 superficialiter
1359 4075 1511 4149 scripsisse

168 4158 226 4219 diei
249 4163 359 4236 possim
382 4159 418 4217 de
441 4159 647 4218 medietatibus
669 4157 855 4230 harmonicis,
877 4159 929 4233 qni
952 4167 982 4217 et
1004 4157 1201 4218 definitionem
1223 4175 1301 4234 pene
1316 4175 1354 4217 ex
1368 4163 1513 4219 sententia

169 4256 301 4307 veteram
323 4255 352 4306 et
373 4266 392 4306 a
413 4246 608 4306 fondamentis
631 4247 701 4322 ipsis
724 4262 789 4304 eam
811 4244 956 4317 convello,
980 4254 1013 4305 ut
1036 4262 1111 4322 quae
1133 4246 1365 4320 hequentissime
1383 4246 1513 4322 proferat

167 4350 305 4394 numeres
331 4351 390 4393 nen
412 4334 610 4407 harmonicen,
639 4348 745 4391 nomen
770 4333 833 4391 sine
856 4350 895 4391 re.
941 4330 1038 4409 Quare
1066 4331 1228 4392 menendus
1258 4341 1304 4392 est
1325 4333 1397 4392 milri
1419 4332 1512 4393 lector

167 4431 266 4481 nester
288 4424 448 4481 commanis
471 4424 597 4498 insuper,
620 4420 721 4480 rideat
743 4421 830 4478 etiam
852 4429 941 4495 atque
965 4422 1069 4489 etiarn,
1091 4437 1161 4478 num
1183 4419 1329 4480 liebertus
1352 4437 1422 4479 snas
1443 4438 1510 4480 me-

168 4506 293 4569 dietates
321 4509 506 4568 harmonicas
528 4525 564 4568 ex
585 4507 642 4566 bac
665 4513 795 4567 veterum
817 4506 984 4567 definitione
1006 4506 1165 4581 describam
1198 4508 1306 4583 quippe
1328 4510 1378 4580 ait,
1402 4526 1435 4567 se
1458 4526 1510 4568 eo-

164 4599 332 4671 piesissrine
352 4597 422 4655 ilias
443 4604 472 4657 at
490 4596 590 4655 osea
611 4594 732 4670 quidm
753 4595 997 4655 summioribus
1012 4594 1178 4653 modwinus.
1223 4593 1255 4654 Si
1275 4602 1320 4653 est
1340 4595 1420 4671 qued
1443 4593 1510 4655 dice

168 4679 242 4764 (nen
266 4693 311 4744 est
332 4687 410 4743 enim
435 4683 509 4743 liber
532 4683 595 4757 ejus
618 4681 657 4740 ad
678 4677 815 4762 manus),
845 4690 915 4741 tunc
945 4682 1081 4757 equidem
1102 4680 1249 4741 Rebertns
1276 4683 1334 4740 ista
1357 4682 1512 4741 verberum

167 4774 253 4847 eopia
276 4774 416 4833 erraverit
444 4788 511 4830 cum
541 4769 688 4827 veteribus
719 4772 892 4828 averitate.
939 4767 1035 4844 Quare
1059 4767 1222 4828 cavendnm
1245 4771 1299 4829 erit
1328 4769 1444 4843 lectori,
1474 4786 1511 4828 ns

167 4861 335 4938 acquiescat
356 4857 457 4934 dimin,
479 4859 649 4934 priusquam
671 4854 818 4916 Rebertns
838 4859 967 4918 rationes
989 4875 1069 4918 meas
1091 4857 1239 4918 veteribus
1262 4860 1414 4935 eppesltas
1434 4856 1512 4937 legi·
