3567 5625
643 448 959 524 menumquam.
1411 457 1475 521 339

129 625 170 680 hic
186 633 284 682 auctor
301 627 365 697 agit,
384 643 526 686 commune
544 627 683 698 quippiam
700 634 743 684 eet
761 633 818 682 teru
835 625 1004 683 naturalibus
1022 625 1216 697 accidentsrie,
1235 636 1290 684 tam
1308 645 1358 698 pro
1376 634 1475 688 natura

129 704 284 761 nobilitatis
296 721 370 766 snae.
387 724 468 777 qnam
486 706 582 762 divinis
600 714 733 775 perpetuo
752 713 780 760 et
798 704 986 772 essentialiter,
1006 705 1107 774 quippe
1125 721 1194 775 quae
1212 714 1277 762 sunt
1294 707 1449 763 immobilis.
1494 701 1497 712 ’

211 782 286 838 Nota
302 784 377 841 XIII.
413 784 492 854 Quod
518 790 609 839 antem
638 784 735 839 statuit
759 782 787 838 in
815 783 913 838 diviuis
932 783 1050 853 aliquam
1068 799 1178 840 censam
1196 785 1318 854 ipsorum
1335 788 1473 856 perpetui·

129 861 188 915 tetie
207 861 287 929 quasi
303 878 354 931 per
371 872 473 919 motum
498 867 569 930 (nam
595 861 676 917 etiem
695 861 730 916 ad
747 860 839 916 diviua
865 862 984 930 pertinet
1002 863 1028 918 vi
1046 863 1245 919 consecutionis
1262 864 1336 935 qnod
1353 865 1475 921 habeant

127 938 301 1008 principium,
320 941 448 1010 quod'sit
464 948 568 1010 motus,
596 955 646 996 een
662 956 680 995 a
698 941 777 1009 quo),
803 938 831 995 id
848 939 990 995 Aristoteli
1007 941 1114 998 videtur
1131 939 1219 1004 cierat
1237 943 1365 1013 ι’νιργιιατ
1389 944 1475 1000 utsii

127 1016 175 1071 hoc
191 1025 275 1087 pecto
293 1018 453 1074 vocabulum
470 1026 560 1076 motus
578 1018 656 1072 valde
674 1018 859 1088 aequivocum.

209 1091 301 1153 Porro
329 1093 481 1153 rationalis
510 1093 667 1154 musmitae
697 1093 757 1154 aiia
788 1101 832 1152 est
861 1099 894 1152 ut
926 1111 1007 1153 meus
1037 1103 1067 1154 et
1105 1097 1198 1172 vergit
1234 1094 1272 1154 ad
1296 1093 1471 1156 diviniorem

127 1182 268 1256 speciem,
300 1180 359 1240 alia
381 1191 413 1239 ut
435 1200 482 1243 ars
506 1191 536 1243 et
557 1188 671 1257 spectet
692 1182 785 1256 ipsam
807 1187 887 1240 recta
910 1183 1070 1252 rationem,
1098 1181 1158 1242 ain
1180 1189 1213 1242 ut
1235 1200 1298 1242 moe
1322 1190 1351 1243 et
1375 1185 1471 1257 vergit

128 1266 163 1326 ad
184 1275 319 1328 naturam
342 1265 423 1352 ΧΠ).
468 1268 524 1329 Per
546 1285 648 1328 omnes
678 1277 737 1328 tres
758 1270 872 1345 species
901 1266 972 1328 iicet
994 1270 1125 1330 invenire
1157 1267 1359 1344 harmonicen,
1388 1288 1473 1331 aese-

31 1433 34 1440 ,
127 1363 263 1430 quantem
291 1359 440 1434 proprium
467 1374 552 1416 sunm
579 1356 666 1424 finem
693 1351 754 1434 Π).
798 1354 874 1413 Nem
897 1357 1022 1431 primum
1044 1358 1109 1433 ipsa
1131 1358 1220 1432 ratio,
1252 1356 1422 1435 simpliciter
1443 1366 1475 1419 et

127 1443 284 1502 nulrersim
305 1452 418 1518 sumta,
450 1442 526 1504 solet
548 1443 657 1502 ordinis
688 1452 716 1502 et
745 1458 929 1502 commensus
956 1461 1021 1503 esse
1053 1461 1143 1503 causa
1175 1446 1204 1502 iu
1233 1445 1338 1519 rehus3
1367 1444 1474 1508 deiude

127 1528 294 1590 harmonica
315 1533 344 1590 in
372 1533 469 1609 specie
490 1532 564 1591 ratio
588 1546 770 1590 commensus
800 1531 896 1588 estin
920 1529 1093 1590 audibilium
1116 1550 1223 1608 genere
1246 1542 1364 1606 auctor,
1396 1534 1472 1592 sicut

127 1618 198 1676 ratio
221 1619 415 1694 imaginativa
436 1621 465 1676 iu
485 1618 660 1691 visIbiiium,
681 1617 858 1694 judicatorius
881 1621 910 1675 in
934 1617 1178 1679 intellectibilium
1199 1638 1319 1698 genere,
1344 1620 1473 1697 disponit

126 1713 223 1765 eutem
246 1704 375 1766 ordinem
398 1706 488 1779 iilum,
512 1708 562 1783 qui
586 1713 630 1766 est
652 1707 682 1763 in
704 1704 895 1778 audibilibus,
921 1708 1146 1785 quamproprie
1170 1709 1393 1768 concinnitatem
1417 1726 1472 1786 ap·

126 1791 267 1867 pellamus
284 1790 357 1873 ¹V1).
401 1793 495 1871 igitur
522 1795 560 1853 ob
590 1792 803 1869 speculativam
826 1793 1026 1853 inventionem
1049 1798 1363 1857 commensurationem
1385 1811 1474 1875 spec·

126 1885 202 1938 tatur
223 1899 244 1939 a
265 1882 396 1958 partibus
418 1884 532 1954 mentia,
556 1881 593 1940 oh
618 1882 798 1940 manuariam
821 1896 891 1940 vero
916 1898 1015 1940 earum
1038 1886 1339 1958 repraesentationem
1361 1901 1381 1944 a
1403 1901 1474 1959 par·

119 1955 202 2027 'tibus
224 1971 379 2042 astartis,
407 1970 532 2045 deniqne
560 1969 599 2028 ob
622 1969 862 2029 exercitationem
884 1969 1059 2028 imitativum
1082 1987 1101 2029 a
1123 1971 1254 2046 partibus
1276 1973 1365 2032 moris
1387 1967 1473 2049 ΠΗ),

127 2062 154 2112 et
174 2053 232 2114 hoc
253 2054 330 2129 ideo,
353 2059 422 2132 qnia
452 2058 481 2114 in
506 2058 673 2116 universum
705 2057 780 2116 ratio
809 2056 922 2115 invenit
950 2055 1068 2131 quidem
1099 2057 1208 2117 bouum
1238 2058 1475 2134 contemplando,
1570 2115 1574 2120 ,

125 2150 323 2218 repraesentat
353 2161 424 2204 vero
447 2142 690 2220 comprehensum
712 2142 875 2220 operando,
906 2143 1051 2204 assimilat
1083 2143 1208 2222 denique
1230 2145 1288 2204 sibi
1309 2145 1476 2222 subjectam

127 2230 343 2290 consuescendo
365 2228 461 2311 ΜΠ).

208 2311 236 2367 N
238 2319 283 2368 ota
300 2313 371 2368 x1v.
408 2315 478 2369 Cave
497 2312 700 2381 ambiguitatem
717 2328 751 2368 en
768 2310 983 2381 reduplicatioue
1001 2312 1055 2366 ista
1072 2319 1262 2382 emergentem.
1298 2314 1387 2369 Erant
1405 2314 1476 2368 eninr

127 2390 219 2446 eadem
230 2391 293 2461 tria,
311 2406 381 2461 quae
393 2391 439 2447 hic
451 2398 651 2461 commemorat,
667 2391 748 2445 mam
760 2391 788 2448 in
805 2391 950 2460 prioribus,
968 2398 1024 2446 tres
1036 2390 1129 2446 itidem
1142 2392 1289 2448 seeundum
1302 2392 1349 2447 illa
1363 2406 1475 2446 musae:

126 2469 206 2534 Deus,
225 2471 304 2536 ratio,
323 2479 429 2526 natura
447 2471 483 2525 ht
500 2485 571 2525 nnnc
589 2469 706 2530 rnedIam
723 2485 825 2539 earnm,
843 2469 977 2525 rationem
995 2477 1073 2539 puta
1093 2470 1251 2540 subdividit,
1271 2471 1426 2527 coustumia
1444 2485 1477 2526 aa

126 2551 249 2618 repetitis
266 2550 363 2606 iisdem
381 2548 541 2605 differentiis
559 2548 654 2615 tribue,
673 2547 807 2602 rationem
825 2546 913 2617 ipsam
931 2555 979 2603 aut
996 2547 1114 2603 divinem
1132 2564 1194 2604 esee
1222 2548 1351 2606 scribens.
1369 2557 1417 2603 aut
1434 2564 1477 2603 ra·

127 2627 262 2698 tionelem,
280 2637 329 2684 aut
346 2629 505 2685 naturalem.
531 2626 647 2681 Schoiae
664 2626 870 2696 philosophicae
889 2625 972 2696 paulo
990 2625 1071 2682 aliter
1087 2629 1244 2684 incedentes
1273 2628 1366 2684 eodem
1384 2637 1476 2682 tamen

127 2707 243 2763 veniunt.
279 2708 348 2763 Nam
375 2707 511 2777 principes
530 2705 636 2760 animae
662 2704 807 2760 facultates
831 2704 903 2760 dnae
926 2713 1005 2761 sunt:
1035 2707 1186 2763 theoretice
1211 2716 1239 2763 et
1262 2710 1387 2778 practica
1425 2710 1477 2766 Ilia

127 2788 234 2855 propris
251 2807 315 2849 acor
341 2786 439 2842 dicitnr
465 2801 514 2842 eeu
541 2783 712 2853 intellectus,
739 2783 767 2839 in
794 2784 846 2839 hac
873 2790 1002 2840 censetur
1028 2785 1162 2841 voluntas.
1199 2786 1253 2842 Sed
1279 2788 1313 2844 de
1337 2788 1479 2848 voluntate

127 2864 301 2920 Ptolemaeue
324 2865 455 2935 jamnon
481 2864 626 2935 prasprne
654 2863 728 2934 egit,
755 2864 821 2933 quin
849 2864 942 2933 potins
961 2863 996 2918 de
1014 2866 1095 2920 variis
1112 2865 1226 2920 rationIs
1245 2865 1477 2940 dispositionibus,

127 2958 239 3009 quarum
259 2944 369 3013 aliquae
385 2946 413 2999 in
440 2945 547 3000 theoria
572 2952 755 3013 occupantur,
782 2944 889 3013 aliquae
908 2943 943 2998 ad
970 2945 1066 3013 praxin
1094 2960 1155 2999 sese
1182 2954 1319 3000 exserunt
1354 2947 1398 3002 Ad
1414 2946 1478 3004 illas

127 3022 244 3087 pertinet
261 3022 383 3092 scientie,
402 3023 436 3078 ad
454 3022 504 3078 has
523 3022 642 3079 actiones
661 3032 689 3078 et
706 3022 823 3078 habitus.
849 3023 918 3078 Cum
935 3022 1006 3078 enlm
1025 3023 1144 3079 senones
1164 3024 1275 3080 crebrae
1292 3032 1433 3081 tnneeant
1450 3026 1478 3081 in

125 3097 248 3171 habitus,
268 3100 309 3156 sic
326 3108 358 3157 ut
376 3102 491 3172 deniqne
509 3118 563 3157 non
580 3101 737 3171 consilium,
763 3101 812 3157 sed
830 3103 892 3170 ipsa
909 3103 1096 3165 comnetudo,
1114 3102 1231 3158 subnixa
1247 3105 1389 3172 memoria,
1407 3120 1478 3174 quae

126 3175 216 3233 iuhnra
234 3180 342 3235 animae
362 3179 477 3237 facultas
495 3188 553 3251 est,
580 3182 716 3237 sentiente
734 3189 865 3251 excepta,
890 3181 1036 3237 multarum
1061 3183 1197 3237 achonum
1216 3197 1299 3238 canae
1316 3181 1377 3237 hat:
1403 3190 1479 3239 recte

126 3254 207 3322 igitur
234 3258 359 3326 practice
384 3260 466 3314 animi
492 3258 607 3315 facultas
633 3261 662 3315 in
688 3260 757 3315 duas
786 3259 983 3323 subdividitur,
1009 3276 1090 3315 unam
1108 3274 1179 3329 quae
1197 3274 1232 3314 ex
1249 3261 1316 3315 artis
1334 3260 1479 3316 dicmmine

127 3344 273 3404 operatur,
301 3337 416 3393 alteram
433 3353 503 3407 qnae
520 3355 554 3394 er
572 3354 647 3397 more
673 3354 721 3395 een
739 3339 942 3395 comnmudine.
979 3340 1039 3394 IIoc
1063 3339 1147 3408 igitur
1164 3346 1245 3408 pacto
1263 3346 1319 3394 tras
1336 3344 1479 3407 amomi

127 3416 294 3486 principales
312 3417 438 3485 ioapyaroer
456 3418 594 3475 facultatis
613 3418 717 3474 animae
735 3418 880 3488 principis:
910 3417 1077 3485 inteliectio,
1103 3415 1262 3471 exercitatio
1279 3417 1308 3471 in
1324 3416 1477 3486 intelleotIs,

126 3500 157 3547 et
172 3494 371 3551 exercitatione
388 3504 546 3565 comparata
562 3499 678 3555 facilites
697 3499 863 3569 operationis
869 3518 877 3568 ;
895 3505 952 3554 tres
970 3499 1044 3554 modi
1062 3495 1192 3552 cansrmdi
1210 3495 1321 3564 ahquid.
1351 3495 1390 3550 Et
1406 3502 1479 3563 nota,

127 3571 197 3638 quod
215 3571 390 3631 Ptolemaeus
406 3592 462 3630 nou
481 3575 561 3643 dicit,
586 3577 657 3646 tria,
685 3594 755 3647 quas
773 3578 817 3633 hic
835 3583 1039 3642 commemorat,
1066 3590 1128 3631 esse
1151 3574 1212 3642 ista,
1231 3581 1357 3642 mentem,
1384 3580 1479 3642 arten,

126 3665 241 3716 morem,
259 3651 309 3706 sed
328 3653 400 3722 dicit,
419 3671 481 3710 esse
498 3655 546 3710 iiia
563 3666 594 3712 nt
611 3665 744 3726 mentem,
763 3665 915 3723 utentem,
940 3662 971 3710 nt
988 3669 1097 3709 morem.
1134 3654 1204 3709 Nem
1222 3668 1281 3707 mos
1299 3667 1348 3707 sen
1366 3666 1481 3706 consue·

127 3730 192 3785 tudo
212 3731 404 3801 complectitur
421 3734 531 3790 habitus
559 3752 670 3805 omues,
696 3743 725 3792 at
750 3736 831 3791 etam
849 3751 894 3789 ers
920 3734 991 3789 Inter
1017 3733 1126 3789 habitus
1145 3738 1187 3786 est
1205 3732 1340 3799 etiamque
1358 3728 1478 3792 scientia,

127 3811 226 3865 mentis
245 3813 358 3881 propria
375 3813 525 3884 dispositio.
560 3814 623 3869 Non
641 3822 833 3869 commemorat
850 3813 934 3881 igitur
950 3811 1126 3867 Ptolemaeus
1144 3816 1200 3864 tres
1217 3808 1336 3878 babitus,
1355 3805 1404 3861 sed
1422 3813 1479 3860 tres

128 3887 214 3944 dictas
233 3889 315 3943 enimi
333 3889 477 3947 facultates
490 3907 636 3962 earumque
649 3892 779 3960 energias,
799 3905 913 3960 quarum
926 3889 1064 3959 quaelibet
1081 3891 1129 3945 uni
1147 3890 1280 3946 dictarum
1291 3888 1372 3943 trium
1389 3901 1479 3941 rerum

128 3968 294 4025 aednilatur
312 3967 355 4024 vel
373 3977 490 4041 cognate
507 3978 557 4027 est.
593 3971 745 4027 intellectio
763 3970 836 4025 enirn
854 3985 903 4024 sen
920 3968 1007 4039 mame
1025 3969 1144 4024 inventio
1162 3970 1191 4024 in
1208 3966 1347 4038 praesenti
1364 3964 1478 4018 mntem

125 4043 198 4100 intra
214 4048 317 4103 mentis
339 4052 490 4119 penetralia
506 4052 635 4117 vertitur,
661 4050 819 4108 exercitatio
848 4065 909 4104 sese
927 4049 1002 4104 foras
1021 4049 1055 4104 ad
1075 4049 1186 4103 sensilis
1203 4047 1320 4117 proiert,
1347 4042 1479 4111 equibus

126 4122 288 4181 documenta
305 4128 427 4197 cepimus
454 4130 534 4189 artie
560 4146 614 4199 qua
639 4128 742 4199 polleat
765 4144 899 4198 operans,
926 4129 1050 4196 operatio
1078 4142 1112 4181 ex
1139 4126 1235 4182 habitu
1254 4139 1284 4179 se
1300 4123 1361 4190 ipss
1378 4120 1477 4176 intelli·

126 4203 215 4273 gitur,
242 4205 331 4274 qnaiia
349 4207 391 4263 sit
428 4208 527 4264 Differt
543 4209 614 4264 enim
633 4207 762 4263 hocloco
781 4208 808 4260 iu
827 4206 983 4261 Ptolemaeo
1002 4206 1161 4262 exercitatio
1180 4203 1328 4260 secuudum
1345 4208 1479 4259 aeternat

126 4283 248 4350 operatio
265 4300 301 4340 ex
319 4285 426 4355 habitn3
454 4303 508 4355 quo
526 4286 593 4342 artie
610 4285 741 4341 vocabulo
765 4284 822 4354 jam
839 4284 961 4343 nondum
987 4284 1217 4354 praesupponisur
1241 4280 1351 4336 habitus
1368 4278 1397 4332 in
1414 4278 1476 4348 ipeo

126 4368 282 4431 exercente,
309 4364 485 4435 inquantum
503 4383 533 4423 ee
551 4372 677 4433 exercet,
705 4364 754 4420 sed
777 4362 966 4418 antummodo
994 4363 1128 4418 dictamn
1154 4362 1281 4425 rationis,
1307 4359 1381 4415 velut
1398 4368 1477 4413 extra

126 4440 236 4495 stantis:
263 4450 292 4498 at
310 4443 392 4500 morie
410 4461 459 4500 seu
477 4444 587 4503 habitus
604 4444 737 4501 vocabulo
754 4442 915 4512 iutelligitur
932 4442 1039 4497 affectio
1057 4441 1143 4511 ipsine
1161 4438 1313 4510 operantis,
1340 4445 1475 4507 qnatenus

126 4527 261 4586 operatur.
298 4523 403 4577 liorem
429 4538 479 4578 sen
497 4524 721 4579 consuetudinem
748 4522 783 4577 ad
801 4529 917 4578 naturae
934 4527 1027 4589 partes
1045 4519 1174 4574 inclinare
1193 4519 1273 4586 dicit,
1301 4515 1421 4585 quamvis
1439 4517 1476 4570 sit

125 4599 238 4655 udonis
255 4603 374 4670 species:
399 4602 464 4671 qnia
482 4602 553 4658 sicut
570 4617 668 4658 causae
685 4599 823 4656 naturales
849 4608 934 4668 agunt
951 4599 1010 4654 sine
1028 4596 1162 4668 dimumu,
1181 4596 1283 4667 qnippe
1301 4611 1354 4664 quo
1373 4601 1474 4663 carent,

127 4682 160 4731 et
177 4685 257 4747 egum
274 4696 382 4750 semper
399 4681 495 4737 eodem
512 4680 601 4750 modo,
620 4697 675 4736 non
692 4678 846 4749 impeditae,
865 4678 905 4734 sic
923 4678 1014 4745 etiam,
1033 4675 1106 4746 quod
1124 4691 1159 4731 ex
1177 4689 1252 4731 more
1269 4672 1308 4743 iit,
1325 4671 1354 4727 id
1371 4673 1474 4742 simpli·

126 4754 239 4812 citaret
256 4758 416 4830 plerumque
433 4777 488 4816 non
506 4776 541 4815 ex
558 4757 707 4814 deliberato
725 4756 765 4812 fit.
1325 4820 1327 4833 ,
1471 4826 1473 4830 Ι

117 4832 120 4839 ’
213 4835 285 4894 Nota
301 4838 360 4893 XV.
394 4838 457 4894 iem
483 4837 669 4894 accommodet
693 4834 828 4905 triplicem
854 4833 925 4889 haue
951 4833 1088 4902 energima
1105 4831 1218 4887 rationis
1244 4829 1280 4885 ad
1304 4830 1473 4899 propositum

126 4912 275 4988 ebjmtnm,
294 4916 399 4973 scilicet
414 4917 451 4973 ad
467 4915 631 4991 barmoniae.
666 4914 800 4982 Primum,
817 4929 886 4983 qnae
904 4929 955 4983 ego
970 4911 1029 4982 jam
1045 4913 1168 4983 energias
1186 4904 1256 4980 dixi,
1274 4906 1397 4978 appellat
1412 4909 1472 4980 ipse

895 5014 897 5019 ’
1246 5004 1286 5062 22
1297 5001 1316 5038 ⁴*
