3567 5625
177 355 181 363 ’
258 382 322 443 ιιι
648 382 828 464 uouemus
843 385 1019 448 rursum
1036 383 1214 442 mones.

258 565 502 637 ωιιιιιιιιιιιιιιι,
536 579 591 622 nco
620 563 678 623 ulli
704 580 795 624 ιιιιιιιι
825 564 905 626 docet
932 566 1125 641 ορροιιιιιιιις
1156 563 1611 642 ιιιιίυιοιᾴιιιᾳιιεωιιβνπιουιι

257 642 438 726 (rationibus
460 651 581 724 optimis
601 647 755 730 stabilivit)
777 652 858 712 borso
879 651 1038 733 (οιιιαιιιιιι
1051 660 1079 713 ct
1093 652 1281 730 ὼαιιιιαιι).
1294 661 1323 712 st
1336 655 1405 728 qaas
1417 651 1610 711 saturabitur

260 733 366 794 videns
386 735 516 810 glorium
539 737 666 797 comm?

347 839 506 900 Arioma
528 840 640 901 XLVI.
664 841 852 903 solidarum
873 843 1032 921 figurarum
1062 842 1246 905 interlocutio
1267 845 1345 902 inter
1364 844 1450 903 orbes
1472 843 1610 920 planeta·

258 927 327 1002 rios,
350 928 375 986 si
397 927 490 989 libera
513 937 571 1001 est,
603 947 658 990 nec
679 930 916 1006 praecedentium
939 949 1094 993 causamm
1114 930 1340 992 necessitatibus
1361 929 1519 1008 impedita,
1542 947 1611 1009 per·

259 1013 387 1075 lectione
409 1018 494 1091 sequi
517 1016 604 1076 debet
626 1018 794 1094 analogiam
816 1021 1036 1097 inscriptionum
1064 1029 1094 1080 et
1122 1019 1419 1097 circumscriptiouum
1452 1020 1611 1095 geometri·

260 1115 369 1176 carum,
394 1104 529 1180 adeoque
553 1111 582 1164 et
604 1105 786 1165 conditiones
808 1109 1007 1185 proportionis
1028 1109 1232 1185 inscriptorum
1255 1104 1292 1166 ad
1316 1107 1556 1182 circumscriptos.

344 1194 418 1252 Nibrl
437 1197 508 1250 enim
526 1205 569 1251 cst
586 1199 672 1266 magis
698 1205 924 1258 consentancum.
952 1216 1032 1268 quam
1059 1208 1090 1256 ut
1115 1198 1254 1270 inscriptio
1280 1197 1394 1268 physica
1411 1197 1611 1268 geometricam,

257 1277 387 1341 tunquam
406 1289 475 1342 opus
494 1271 588 1345 t'ypum
606 1291 693 1340 sunm,
711 1283 808 1332 exacte
825 1285 1021 1347 repraesentet.

344 1364 564 1443 Propositio
586 1366 713 1428 XLVII.
762 1367 793 1429 Si
815 1369 973 1448 figurarum
997 1374 1069 1430 inter
1101 1368 1235 1447 planetus
1257 1369 1409 1444 inscriptio
1430 1366 1524 1428 bbere
1545 1369 1611 1444 tuit,

259 1451 425 1513 tetrabdron
448 1471 538 1531 supra
560 1455 806 1533 tangere-debuit
827 1458 944 1535 angulis
967 1459 1067 1519 orbem
1088 1455 1263 1535 peribolium
1285 1453 1373 1516 Jovis
1394 1457 1613 1530 eructamus

260 1542 366 1602 centris
388 1541 540 1618 planorum
570 1542 719 1620 apbelium
741 1543 845 1604 Martis
877 1554 991 1607 exacte.
1037 1545 1137 1605 Cubus
1160 1561 1231 1604 vero
1260 1551 1290 1603 et
1312 1541 1471 1604 ocuedrou
1493 1545 1613 1621 angulis

258 1629 289 1685 in
313 1630 412 1689 orbam
436 1629 608 1707 peribelium
630 1634 678 1692 sui
700 1649 835 1709 qumque
858 1632 994 1710 planetas
1016 1634 1192 1702 insistentes,
1215 1633 1322 1691 aencis
1344 1630 1497 1709 planomm
1520 1650 1614 1710 pane·

260 1722 337 1774 bare
359 1716 522 1776 debuerunt
545 1718 645 1778 orbem
666 1721 714 1779 sui
735 1721 897 1794 interioris,
927 1725 970 1781 sic
992 1727 1026 1779 ut
1047 1718 1099 1780 illa
1121 1727 1222 1779 centra
1244 1726 1396 1778 venentur
1417 1720 1495 1779 intra
1517 1721 1613 1793 orbes,

260 1802 409 1878 apbelium
431 1811 461 1863 et
483 1804 662 1881 peribolium.
687 1805 899 1868 Dodecaiidron
923 1815 1024 1869 contra
1040 1815 1069 1867 et
1084 1805 1257 1880 icosiedron,
1281 1805 1396 1881 angulis
1418 1813 1503 1866 extra
1524 1810 1614 1866 strin-

259 1897 362 1965 gentes
384 1901 504 1951 suorum
527 1893 711 1968 planetarum
735 1895 820 1957 orbes
842 1896 1010 1973 peribslioa
1034 1897 1140 1955 centris
1161 1889 1315 1974 planorum
1336 1910 1395 1952 non
1418 1892 1507 1970 plane
1522 1898 1615 1953 attin·

260 1994 329 2054 gere
353 1978 516 2039 debuerunt
537 1980 671 2057 aphelius
700 1983 784 2042 orbes
806 2000 925 2043 suorum
959 1986 1137 2043 interiomm.
1183 1981 1311 2041 Echinus
1334 1979 1461 2057 denique
1484 1980 1615 2042 dodeca-

261 2064 392 2141 turcus,
424 2076 503 2126 stans
532 2069 648 2144 angulis
679 2072 708 2128 ln
738 2070 880 2146 peribolio
905 2071 974 2131 orbe
998 2071 1116 2145 Martis,
1149 2069 1253 2128 mediis
1283 2071 1400 2145 punctis
1430 2071 1615 2130 inversorum

261 2151 393 2229 laterum,
416 2153 515 2215 radios
536 2157 621 2216 binos
643 2157 755 2218 solidos
776 2160 1081 2238 interstingncutium,
1111 2156 1214 2217 debuit
1237 2159 1336 2217 venire
1350 2157 1489 2234 vproxime
1513 2159 1614 2218 orbem

266 2239 416 2317 aphelium
438 2242 571 2303 Veneris.
804 2262 809 2268 ·

347 2333 400 2389 Est
418 2335 488 2388 enim
506 2333 662 2391 tetru'edron
680 2333 768 2403 figura
785 2336 875 2391 media
891 2336 1079 2408 primariarurn
1097 2343 1125 2392 et
1143 2342 1205 2392 ortu
1223 2340 1251 2389 et
1269 2335 1322 2390 situ
1340 2333 1369 2390 iu
1386 2335 1496 2402 mundo,
1515 2351 1614 2406 aequa
1702 2405 1706 2410 1

263 2411 326 2468 liter
342 2412 441 2483 igitur,
469 2414 492 2468 si
510 2414 577 2468 nibil
595 2414 776 2484 impediebat,
804 2430 973 2471 summovere
992 2416 1086 2473 debuit
1110 2423 1254 2485 utramque
1272 2413 1411 2482 regionem
1438 2422 1465 2471 ct
1483 2416 1560 2471 Joris
1587 2423 1615 2472 et

262 2491 367 2547 Martis.
404 2492 454 2547 Cui
479 2492 544 2563 quia
561 2494 648 2548 cubus
666 2509 774 2548 sursum
803 2501 862 2549 erut
879 2500 908 2549 et
925 2496 1053 2560 exterius,
1079 2493 1268 2551 dodecaedrou
1296 2494 1423 2548 deorsum
1441 2502 1470 2550 et
1486 2495 1613 2551 interius:

262 2585 313 2637 par
330 2577 389 2625 erat
406 2587 480 2640 ergo,
498 2578 528 2626 ut
547 2580 575 2626 et
591 2570 700 2627 illorum
717 2571 859 2642 inscriptio
879 2570 1021 2628 affectaret
1037 2572 1256 2629 contrarietatem
1274 2569 1342 2640 ejus,
1359 2574 1612 2639 cuiustatraedron

261 2651 374 2706 tenebat
391 2650 516 2721 medium,
537 2660 565 2708 et
582 2652 669 2707 alteru
685 2650 793 2707 illarum
812 2667 956 2708 excessum
972 2653 1075 2707 iaceret
1093 2650 1285 2719 inscriptionis,
1303 2648 1389 2704 ultera
1407 2651 1555 2722 deiectum,
1575 2652 1612 2707 sl·

262 2734 321 2784 tera
339 2744 377 2783 sc.
396 2729 553 2786 interiorem
579 2733 672 2788 orbam
697 2731 895 2800 quadamtenus
921 2737 1095 2802 penetraret,
1122 2731 1208 2787 altera
1231 2746 1286 2785 non
1304 2730 1459 2800 attingeret.
1494 2732 1531 2787 Et
1550 2732 1615 2801 quis

263 2806 410 2863 octaedron
429 2816 472 2865 cst
491 2809 561 2865 cubo
579 2817 732 2880 cognatum,
751 2809 891 2879 aequalem
909 2811 1013 2867 habens
1031 2811 1137 2867 orbium
1155 2807 1366 2879 proportionem,
1385 2807 1537 2866 icosiedron
1550 2829 1614 2868 vero
1675 2864 1678 2877 ,

263 2886 446 2944 dudecabdro:
473 2889 547 2958 quod
564 2891 649 2961 igitur
666 2890 752 2945 cubos
770 2889 854 2946 habet
871 2891 906 2947 de
924 2890 1091 2960 perfectione
1114 2887 1315 2958 inscriptionis,
1342 2887 1414 2943 idem
1441 2898 1469 2945 et
1485 2892 1614 2948 octaedro

198 2982 202 2991 ¹
264 2965 422 3035 debebatur,
447 2967 521 3038 quod
539 2968 738 3038 dodecabdrou,
755 2969 828 3024 idem
847 2977 875 3026 et
891 2971 1035 3027 icosiedro.
1054 2970 1092 3024 Et
1109 2976 1152 3024 est
1163 2966 1310 3024 consimilis
1328 2966 1446 3023 octaedri
1463 2969 1536 3031 situs¹
1551 2972 1615 3027 situi

147 3086 165 3113 „
263 3043 333 3113 cubi,
351 3045 477 3100 icosiedri
494 3065 558 3103 reru
577 3048 641 3103 situi
658 3048 834 3121 dodecaedri,
862 3051 974 3121 quiunt
992 3051 1079 3106 cubus
1098 3049 1213 3104 alterum
1231 3053 1306 3103 tenet
1321 3045 1466 3102 terminum
1483 3047 1518 3102 ad
1537 3056 1614 3104 exte·

206 3150 210 3155 ·
263 3120 346 3191 riora,
373 3122 412 3179 sic
431 3127 579 3181 ocuedron
598 3133 673 3182 tenet
689 3129 823 3198 reliquum
842 3137 992 3185 extremum
1012 3128 1046 3182 ad
1064 3128 1194 3183 interiora
1211 3125 1316 3188 mundi,
1343 3124 1532 3182 dodecaedron
1550 3145 1614 3183 vero

264 3209 293 3257 et
309 3203 462 3259 icosiedron
479 3204 615 3261 mediant:
644 3208 769 3262 convenit
786 3208 871 3279 igitur
888 3208 970 3264 etiam
989 3208 1084 3263 similia
1102 3207 1258 3277 inscriptio,
1276 3204 1334 3259 illic
1352 3205 1522 3273 penetrativa
1540 3208 1615 3263 orbis

264 3282 406 3351 planetarii
423 3283 568 3351 interioris,
586 3285 631 3339 hic
651 3283 778 3340 deficiens
796 3286 907 3342 abillo.
942 3286 1065 3341 Echinus
1083 3301 1155 3353 vero,
1175 3285 1221 3352 qui
1239 3283 1436 3341 summitatibus
1455 3284 1616 3354 angulorum

264 3368 453 3430 repraesentat
470 3363 639 3434 icosiedron,
666 3364 776 3421 basilius
795 3365 1000 3434 dodecaedron,
1028 3360 1170 3435 utramque
1194 3364 1274 3420 etiam
1291 3362 1444 3433 regionem,
1469 3372 1525 3419 tam
1544 3366 1616 3420 inter

265 3443 382 3496 Martem
401 3450 428 3498 et
445 3444 582 3499 Tellurem
600 3444 779 3516 dodecatdro,
805 3462 887 3514 quam
904 3446 975 3503 inter
989 3447 1127 3502 Tellurem
1145 3451 1173 3501 et
1189 3444 1321 3499 Venerem
1339 3442 1478 3500 icosaedro
1496 3444 1615 3499 tributas

265 3519 390 3592 implere,
417 3523 560 3592 complecti
582 3538 631 3578 seu
655 3522 799 3593 disponere
821 3523 923 3581 debuit.
958 3525 1056 3583 Utrum
1077 3532 1168 3579 autem
1200 3522 1386 3591 oppositorum
1411 3521 1466 3577 utri
1489 3523 1616 3577 societati

148 3652 157 3663 ,
266 3600 425 3671 conveniat,
451 3601 559 3657 uriom
584 3601 763 3672 praemissum
791 3601 895 3658 clarum
921 3601 994 3659 iacit.
1031 3602 1199 3658 Tetratdron
1218 3600 1303 3667 enim,
1330 3598 1433 3655 habens
1455 3598 1615 3668 inscriptum

265 3679 357 3733 orbem
376 3680 529 3749 affabilem,
558 3682 677 3737 medium
695 3681 791 3737 sortita
809 3688 851 3738 cst
873 3682 964 3738 locum
982 3683 1054 3739 inter
1070 3682 1229 3752 primarias,
1256 3680 1356 3748 stipatu
1375 3679 1500 3748 utrinque
1518 3677 1614 3747 figuris

163 3824 169 3839 Ι
264 3756 576 3816 incommensurabilium
594 3761 706 3826 orbium,
726 3778 839 3830 quarum
857 3762 976 3818 exterior
993 3761 1089 3829 cubus,
1108 3760 1221 3815 interior
1239 3758 1436 3828 dodecaedron,
1454 3773 1504 3827 per
1517 3775 1577 3829 cap.
1592 3764 1614 3816 t.

265 3836 354 3905 hujus.
390 3839 466 3893 Haec
484 3855 547 3895 vero
565 3840 682 3910 qualitas
701 3840 877 3911 geometrica,
897 3841 1041 3896 effabilibus
1059 3839 1189 3910 inscripti,
1208 3845 1396 3909 repraesentat
1412 3839 1558 3901 inmatura
1575 3839 1616 3893 iu·

265 3915 439 3986 scriptionem
456 3917 600 3986 planetarii
619 3918 691 3973 orbis
709 3918 865 3988 perfectam.
904 3920 996 3975 Cubus
1017 3920 1100 3989 igitur
1122 3916 1183 3974 cu'm
1207 3918 1281 3973 socia
1297 3916 1400 3974 babent
1416 3917 1561 3987 inscriptos
1581 3935 1616 3974 ex

266 3994 376 4050 dimidio
395 3997 491 4052 saltem
510 3997 643 4064 stabiles,
662 3998 690 4053 id
709 4005 751 4053 est
768 3998 827 4053 sola
844 3998 978 4068 potentiu3
1006 3997 1106 4054 debent
1123 3997 1205 4068 igitur
1222 3995 1438 4066 semiperfectum
1454 4012 1617 4067 repraesen-

265 4081 324 4130 tare
341 4074 559 4147 inscriptionem,
579 4077 624 4131 ubi
637 4076 701 4132 licet
719 4094 773 4133 non
791 4077 853 4148 ipsa
870 4078 944 4135 orbis
966 4077 1110 4148 planetarii
1129 4077 1298 4143 extremitas,
1325 4082 1354 4131 at
1379 4075 1475 4130 saltem
1499 4076 1616 4132 interius

266 4155 367 4224 aliquid
386 4162 414 4211 et
431 4155 588 4209 nominatim
606 4157 737 4213 medietas
755 4156 828 4212 iuter
845 4159 942 4227 orbes,
970 4156 1108 4227 aphelium
1127 4162 1155 4210 et
1176 4155 1353 4226 perihelium‚
1381 4155 1471 4226 siper
1488 4156 1554 4210 alius
1573 4171 1617 4210 ra·

266 4235 354 4291 ticum
372 4234 431 4289 fieri
448 4235 550 4304 possit,
578 4237 729 4307 attingatur
747 4254 764 4291 u
781 4238 881 4294 centris
909 4238 1052 4308 planorum
1077 4235 1191 4304 figurae.
1227 4234 1423 4291 Dodecaedrou
1441 4240 1536 4289 contre
1553 4250 1617 4289 cum

267 4316 342 4370 socia
356 4315 461 4370 habent
478 4314 623 4385 inscriptos
641 4314 723 4387 plane
740 4315 892 4373 ineffabiles
911 4314 1119 4387 etlongitudine
1130 4314 1199 4371 radii
1217 4321 1245 4368 et
1262 4312 1396 4382 potentie:
1415 4312 1516 4368 debent
1533 4312 1619 4380 igitur

267 4393 349 4464 plane
366 4394 551 4465 imperfectam
568 4400 773 4466 repraesentare
791 4395 994 4465 inscriptionem
1013 4401 1041 4449 et
1058 4394 1167 4463 penitus
1184 4392 1251 4447 nihil
1270 4392 1304 4447 de
1322 4393 1388 4447 orbe
1406 4390 1556 4459 planetario
1576 4398 1618 4447 at·

268 4474 429 4543 tingentem,
448 4473 501 4527 hoc
519 4479 562 4527 est
579 4473 750 4530 deficientem
769 4482 797 4529 et
814 4490 902 4542 usque
920 4473 955 4527 ad
973 4472 1111 4543 aphelium
1129 4473 1255 4549 planetae
1273 4470 1366 4526 orbern
1383 4486 1438 4524 nou
1455 4468 1536 4539 plane
1554 4488 1619 4540 per·

267 4551 414 4619 tingentem
432 4566 543 4606 suorum
570 4551 713 4621 planorum
732 4551 840 4607 centris.
876 4551 1013 4621 Echinus,
1040 4551 1092 4605 etsi
1119 4550 1289 4606 dodeca'e'dro
1313 4557 1342 4604 et
1367 4548 1456 4604 sociae
1483 4556 1618 4618 cognatus

268 4635 318 4697 est,
336 4629 419 4684 babet
437 4637 526 4684 tumen
545 4629 648 4698 aliquid
666 4630 753 4685 simile
769 4629 915 4684 tetrubdro.
952 4629 1021 4683 Nam
1033 4628 1125 4684 radius
1142 4629 1266 4699 inscripti
1282 4628 1413 4683 lateribus
1425 4628 1484 4697 ejus
1502 4624 1617 4684 inversis

268 4714 311 4763 est
328 4708 436 4777 quidem
453 4708 730 4765 incommensurabilis
749 4709 945 4779 circumscripti
961 4708 1047 4779 radio,
1067 4717 1095 4763 at
1108 4708 1355 4773 commensurabilis
1374 4714 1416 4762 est
1433 4706 1541 4761 int'erim
1558 4705 1616 4761 lon·

268 4787 389 4855 maline
406 4786 551 4845 distantiae
569 4789 694 4844 binorum
713 4790 873 4860 angulorum
891 4788 1048 4844 vicinorum.
1083 4790 1180 4858 ltaque
1196 4786 1328 4858 perfectio
1346 4784 1615 4842 commensurationis

267 4866 404 4922 audianum
421 4866 480 4924 fere
497 4874 587 4939 muta,
615 4875 719 4938 quanta
735 4868 879 4939 namuro,
898 4868 1066 4938 imperiectio
1090 4867 1254 4924 altrinsecus
1270 4872 1362 4934 ιιιιιιι,
1381 4870 1484 4935 quanta
1500 4861 1615 4919 dotem
