3567 5625
541 490 718 551 Harmonicis.
753 496 837 553 Idber
853 494 902 552 ΠΙ.
924 498 1013 568 Caput
1030 498 1102 576 m·

698 784 840 860 CAPUT
866 788 948 861 xii.

410 933 456 989 De
477 931 587 989 modis
609 932 848 1006 melodiarum,
873 951 957 1004 quos
978 940 1077 989 tonos
1099 940 1231 992 vocant

227 1093 274 1152 De
298 1094 393 1155 modis
416 1095 545 1156 dicturus
568 1097 692 1173 primum
716 1094 872 1156 hodiernos
896 1097 1040 1157 admoneo
1062 1099 1205 1172 musicos,
1230 1115 1305 1175 quos
1327 1100 1369 1159 illi
1392 1101 1494 1162 modos

144 1180 290 1257 appellare
313 1182 424 1257 solent,
457 1201 497 1243 sc.
521 1187 737 1260 proportionem
765 1192 861 1243 tactus
884 1184 1017 1263 duplam,
1049 1186 1165 1264 triplam
1195 1193 1223 1244 et
1246 1187 1356 1247 similes
1378 1186 1492 1268 (quales

142 1267 243 1328 modas
265 1270 340 1329 lorte
362 1271 492 1331 fecerunt
514 1273 585 1331 olim
607 1272 687 1330 tibiis
709 1273 738 1328 in
761 1271 921 1331 comoediis
945 1270 1166 1352 Romanorum),
1191 1273 1227 1332 de
1241 1275 1277 1333 iis
1300 1275 1380 1348 mibi,
1405 1294 1492 1352 prae-

144 1366 274 1432 terquam
296 1358 376 1435 qnod
395 1360 458 1437 jam
481 1368 525 1417 est
549 1359 674 1433 dictum,
706 1377 867 1419 sermonem
895 1376 953 1418 non
977 1362 1047 1419 lore.
1092 1360 1198 1421 Medos
1227 1378 1282 1437 ego
1306 1362 1385 1436 dico,
1418 1381 1493 1440 qnos

144 1444 196 1520 ipsi
219 1462 286 1504 cnm
309 1448 456 1507 veteribus
479 1446 573 1506 solent
595 1446 744 1523 appellare
766 1457 867 1520 tonos,
891 1465 958 1507 eum
980 1450 1143 1523 quaeritur,
1167 1450 1252 1525 enjus
1276 1451 1335 1507 toni
1359 1453 1398 1508 sit
1420 1469 1492 1511 caa-

144 1538 197 1590 tns.
242 1531 319 1591 Sunt
346 1537 424 1593 enim
454 1544 550 1594 certae
578 1544 681 1593 cautus
710 1538 842 1593 concinni
870 1553 922 1594 sen
953 1535 1111 1612 qualitates
1141 1554 1194 1596 sen
1218 1540 1343 1612 specics,
1378 1538 1493 1599 duabus

144 1622 262 1679 sommis
283 1636 424 1696 generum
446 1621 629 1695 differentiis,
653 1621 716 1680 duri
740 1630 769 1681 et
792 1621 903 1691 mollis,
926 1631 1027 1681 contra
1049 1639 1081 1682 se
1104 1622 1226 1682 diremti.

226 1706 335 1768 Graeci
357 1731 482 1787 τροπους
503 1718 533 1769 et
554 1706 615 1787 ἢθη
638 1708 752 1782 dixere,
782 1709 857 1775 illud
875 1728 895 1769 a
917 1710 1009 1769 lorma
1030 1708 1216 1787 'systematis,
1246 1709 1303 1770 hoo
1325 1712 1363 1770 ab
1386 1713 1492 1773 effecto

143 1801 242 1854 cantos
259 1797 287 1852 in
305 1795 431 1871 homine,
455 1799 525 1873 qnia
540 1796 670 1875 plerique
692 1797 891 1873 legislatorum
916 1806 1096 1870 censuerunt,
1120 1796 1221 1856 modos
1242 1807 1381 1858 cantuum
1395 1801 1491 1861 lacere

143 1880 178 1941 ad
198 1899 296 1942 mores
320 1883 550 1944 conformandos.

224 1971 273 2030 De
303 1971 406 2031 horum
436 1974 524 2048 igitur
552 1968 685 2032 tonorum
714 1987 834 2030 numero
869 1978 900 2031 et
926 1970 1139 2030 discriminibus
1169 1987 1226 2030 uon
1254 1970 1343 2033 laodic
1378 1981 1491 2034 tantum

143 2074 267 2134 magnae
296 2067 364 2118 snnt
390 2061 464 2120 inter
487 2062 614 2119 musicos
637 2060 867 2131 controversiae,
896 2058 947 2116 sed
971 2066 1000 2117 et
1025 2059 1089 2134 J‘am
1111 2056 1182 2115 olim
1204 2058 1336 2134 inerunt,
1368 2078 1492 2137 quarum

144 2144 255 2222 aliquas
278 2147 357 2224 apud
380 2146 600 2222 Ptolemaeum,
630 2147 784 2223 plerasque
807 2144 885 2220 apud
909 2145 1096 2204 Vincentinm
1118 2143 1285 2205 Galilaenm
1314 2147 1412 2207 videre
1436 2156 1491 2209 est.

143 2230 213 2292 itur
235 2250 308 2294 vero
330 2250 383 2294 nee
406 2237 572 2294 examinare
596 2249 835 2309 quorumcunque
856 2234 1016 2293 sententias
1038 2243 1083 2292 est
1105 2237 1303 2315 propositum,
1324 2251 1420 2311 neque
1442 2253 1491 2296 rs·

143 2319 248 2398 lutare3
272 2323 372 2399 itaque
395 2340 453 2381 oon
477 2328 625 2400 exspectet
646 2322 775 2380 musicos
799 2338 817 2377 a
839 2336 885 2378 me
908 2319 1049 2395 quicquid
1071 2317 1151 2378 aliud
1176 2322 1205 2377 in
1229 2319 1285 2379 hac
1307 2325 1488 2398 quaestione,

144 2425 227 2484 qnam
249 2406 281 2467 id
304 2412 430 2483 unicum,
451 2409 493 2471 ad
515 2408 595 2485 quod
617 2426 682 2467 mea
705 2424 751 2466 me
774 2406 882 2464 ducunt
905 2409 1048 2485 principia
1071 2406 1212 2466 hactenus
1232 2407 1386 2484 explicata
1424 2410 1490 2470 Etsi

144 2499 215 2555 enim
239 2498 303 2554 toni
325 2497 363 2556 ab
386 2514 421 2557 eo
444 2496 513 2555 dicti
536 2496 685 2564 videntur,
714 2492 794 2571 quod
815 2493 920 2552 modus
944 2511 1018 2554 unus
1041 2493 1132 2554 altero
1165 2496 1211 2553 vel
1235 2495 1324 2556 altius
1347 2495 1395 2556 vel
1417 2515 1489 2574 pro·

143 2583 257 2643 lnndins
280 2585 401 2661 incipiat
427 2586 513 2643 unius
540 2585 603 2642 toni
625 2578 690 2663 (vel
720 2575 882 2661 semitonii)
906 2581 1085 2656 intervallo,
1106 2590 1191 2640 tonos
1214 2589 1313 2642 tamen
1343 2601 1399 2661 ego
1429 2601 1490 2645 non
1574 2626 1576 2628 -

142 2672 202 2748 ipsa
224 2688 333 2750 perse
356 2680 458 2731 cantus
481 2669 633 2729 altitudine
657 2668 705 2729 vel
726 2671 871 2744 gravitate
895 2667 1070 2743 discrimino,
1096 2668 1176 2745 quod
1198 2668 1292 2729 solnm
1316 2671 1489 2731 observasse

143 2757 285 2835 quosdam
314 2757 486 2819 Vincentius
518 2756 669 2818 Galilaeus
701 2763 840 2830 testatur,
879 2755 931 2816 sed
954 2773 1105 2817 nnmerum
1135 2773 1235 2817 eornm
1268 2756 1306 2818 ad
1337 2775 1490 2819 numerum

141 2850 303 2923 specierum
324 2849 411 2906 nnius
433 2846 574 2923 diapason
603 2861 668 2904 cum
690 2842 862 2903 Ptolemaeo
885 2845 972 2919 exigo
1001 2845 1124 2922 dicoque
1157 2845 1279 2906 totidem
1307 2863 1371 2908 esse
1394 2855 1489 2923 tonos,

142 2943 211 3009 quot
231 2942 358 3012 possunt
379 2950 444 2993 esse
466 2932 578 2993 sociata
599 2933 767 3009 systematis
791 2939 914 2991 octavae
936 2931 1068 3007 legitima
1089 2941 1119 2992 et
1141 2934 1298 3006 concinna,
1321 2936 1488 3010 generibus,

142 3020 240 3081 ordine
265 3023 470 3081 concinnerum
492 3018 711 3079 intervallorum
735 3027 765 3078 et
787 3021 846 3077 situ
862 3018 1120 3093 tetrachordorum,
1144 3037 1196 3079 seu
1213 3020 1355 3081 electione
1377 3023 1490 3084 medie-

142 3115 232 3168 tatum
255 3109 390 3168 binarnm
417 3107 649 3167 harmonicorum
678 3107 754 3166 inter
783 3123 815 3165 se
847 3105 1020 3174 differentia.
1065 3106 1138 3166 Tres
1168 3109 1305 3167 nimirum
1337 3119 1406 3168 sunt
1432 3128 1489 3185 res,

141 3212 214 3271 qnae
236 3204 324 3255 tonos
347 3196 463 3254 variant
484 3196 618 3272 interque
641 3211 706 3253 sese
730 3192 927 3269 distinguunt:
959 3211 1065 3270 genus,
1088 3196 1210 3271 sequela
1231 3198 1438 3257 concinuerum
1461 3205 1491 3258 et

144 3281 306 3343 ardcnlatio
328 3282 428 3342 sceleti
451 3300 487 3341 ex
510 3283 709 3341 consonantiis
732 3282 901 3340 minoribns.

222 3369 354 3428 Primum
374 3386 483 3446 genera
504 3369 572 3443 duo,
596 3386 659 3446 cap.
678 3370 706 3427 6.
729 3370 889 3427 constituta
906 3367 1058 3426 divisionis
1074 3372 1243 3445 systematis
1259 3379 1392 3445 octavae,
1416 3388 1489 3430 con·

138 3460 260 3517 stitnnru
281 3458 366 3517 nobis
389 3455 463 3516 dnos
485 3458 628 3532 principes
651 3463 681 3515 et
703 3458 938 3531 naturaprimos
960 3465 1062 3528 tonos,
1086 3473 1152 3514 cnm
1174 3459 1239 3532 ipso
1265 3476 1304 3518 sc
1328 3467 1489 3535 systemate

137 3547 221 3604 nnins
243 3544 336 3604 solius
360 3534 484 3604 octavae
514 3550 602 3603 ortos.
648 3542 763 3603 Deinde
786 3546 814 3599 in
839 3552 963 3617 unoque
985 3559 1092 3617 genere
1114 3548 1299 3620 systematis,
1331 3558 1392 3604 tam
1415 3544 1487 3604 duro

136 3650 223 3709 qnam
245 3630 342 3705 molli,
373 3649 409 3691 ex
431 3632 643 3708 compositione
667 3630 789 3690 duorum
812 3628 954 3705 diapason
981 3632 1123 3688 inunum
1150 3632 1246 3705 majus
1275 3641 1305 3691 et
1327 3632 1488 3708 perfectum

134 3731 273 3797 systema,
296 3734 385 3794 quam
409 3719 580 3779 tradidimus
603 3723 698 3794 capite
724 3720 772 3790 11,
797 3716 902 3775 dantur
923 3725 1084 3793 systemata
1098 3718 1289 3793 singularium
1306 3726 1488 3794 octavarum,

135 3807 297 3869 Moenus
327 3805 476 3866 radicibus
507 3823 561 3866 sen
582 3808 678 3876 metis,
709 3806 816 3882 quibus
845 3802 1046 3878 includuntur3
1079 3813 1147 3862 sont
1173 3813 1272 3864 autem
1299 3806 1368 3866 illae
1391 3815 1487 3868 metae

133 3892 199 3956 loca
220 3895 388 3971 systematis
417 3892 718 3972 naturalis'diversa‚
746 3909 799 3951 seu
827 3891 968 3951 hodierno
998 3890 1144 3952 vocabulo
1167 3890 1266 3953 claves
1289 3895 1366 3953 aliae
1397 3901 1487 3970 atque

132 3981 223 4056 abac,
250 3998 325 4058 qnae
354 3983 542 4058 consequitur
563 3982 727 4040 necessario
757 3979 873 4038 diversa
895 3977 1020 4038 altitudo
1044 3986 1177 4055 respectu
1207 3984 1375 4058 systematis
1397 3992 1487 4042 natu·

132 4069 212 4144 ralis,
235 4067 315 4147 qnod
337 4086 356 4127 e
380 4065 408 4127 G
430 4071 547 4144 incipit,
571 4078 600 4127 et
622 4068 774 4145 perillam
798 4067 931 4126 diversus
955 4069 1044 4126 etiam
1066 4069 1139 4126 situs
1160 4071 1317 4142 semitonii,
1340 4070 1420 4146 qnod
1442 4079 1514 4130 est.

132 4158 181 4217 vel
204 4158 291 4218 tertio
315 4154 363 4215 vel
384 4158 502 4230 penimo
534 4156 581 4215 vel
611 4158 669 4214 imo
692 4154 757 4214 loeo
780 4163 914 4214 octavae.
960 4154 1036 4214 Nam
1064 4154 1143 4231 qood
1166 4158 1271 4215 attinet
1299 4156 1484 4217 altitudinem

132 4245 227 4321 ipsam
254 4244 391 4304 absolute
414 4242 642 4321 consideratam,
675 4241 727 4301 illa
755 4260 807 4318 per
834 4259 866 4302 se
895 4241 967 4301 nibil
991 4249 1085 4301 mutat
1113 4244 1240 4317 speciem
1269 4252 1384 4316 canms,
1419 4260 1486 4302 cum

25 4359 27 4378 ν
132 4332 235 4392 eadam
256 4332 369 4408 species
393 4331 440 4391 vel
463 4331 522 4390 alte
544 4332 638 4408 possit
666 4331 791 4389 intonari
821 4330 868 4389 vel
892 4328 1048 4391 humiliter.
1092 4328 1195 4406 Neque
1217 4330 1424 4407 adstringimur
1446 4331 1484 4389 ad

131 4418 197 4493 boc,
219 4426 253 4478 nt
274 4425 410 4478 tonorum
432 4418 609 4494 reliquorum
638 4416 788 4476 dimidiam
817 4424 929 4493 partem
952 4434 1101 4476 snmamns
1133 4433 1199 4475 cum
1222 4417 1390 4478 Ptolemaeo
1413 4434 1484 4492 pro·

130 4504 294 4565 lnndiorem
322 4513 480 4583 systemate
506 4503 532 4565 G
554 4506 707 4583 principali
730 4515 759 4564 et
781 4503 924 4578 naturali,
957 4503 1106 4562 dimidiam
1133 4503 1275 4562 altiorem.
1321 4505 1482 4564 Possumus

131 4597 210 4653 enim
231 4593 281 4654 vel
303 4609 404 4654 omnes
427 4593 562 4666 altiores,
593 4592 642 4653 vel
669 4609 769 4651 omnes
796 4591 966 4651 humiliores
989 4607 1118 4662 sumere,
1154 4590 1319 4649 cumidem
1348 4594 1484 4667 utrinqne

130 4689 271 4758 sequatur
293 4680 365 4741 ordo
387 4684 604 4754 continuorum,
628 4688 697 4739 tunc
719 4682 868 4753 nimirum,
899 4681 923 4737 si
946 4685 1077 4754 systema
1099 4676 1223 4753 duplicis
1246 4686 1370 4738 octavae
1394 4686 1483 4738 nato-

129 4768 232 4829 ralitsr
253 4771 447 4845 compositum
469 4770 590 4846 incipiat
611 4785 631 4826 a
653 4766 730 4825 clavi
756 4765 792 4827 G.
837 4768 878 4826 At
900 4768 926 4825 si
948 4773 1061 4843 partem
1084 4763 1269 4839 humiliores,
1301 4774 1413 4843 partem
1436 4764 1484 4825 al·

130 4859 220 4916 tiores
242 4857 383 4917 iaciamus
405 4873 470 4916 com
492 4854 679 4928 Ptolemaeo,
710 4863 838 4921 systema
860 4855 992 4913 naturale
1022 4856 1065 4913 sic
1088 4853 1142 4912 erit
1170 4852 1416 4929 componendum,
1450 4861 1483 4912 nt

131 4945 208 5004 infra
229 4944 364 5021 diapente
387 4943 544 5018 addamus,
575 4959 663 5018 supra
686 4940 883 5016 diatessaron,
914 4949 944 5000 et
974 4944 1016 5000 sie
1047 4948 1179 5017 systema
1201 4943 1394 5017 compositum
1426 4939 1483 4999 du-

1262 5044 1326 5105 12·
