3567 5625
1343 463 1712 537 congruentia
1802 468 1969 527 Liber
2001 469 2073 526 11.
2945 475 3071 538 125

348 646 552 707 gruunt
585 639 656 696 20
690 640 892 710 trigoni
928 648 985 696 et
1015 641 1080 697 12
1101 641 1363 711 decagoni
1388 644 1440 697 in
1466 659 1633 697 unum
1657 644 2333 716 trheontakoedyhedrom

349 717 494 785 quod
550 718 768 787 appello
828 725 1147 775 truncum
1219 719 1723 777 dodecaedron.
1815 723 1879 779 Id
1934 722 2208 793 signatum
2260 737 2345 785 est

356 812 504 850 num.
543 796 653 852 23⁸.
731 799 865 854 Cum
894 799 1108 856 duobus
1131 799 1548 870 dodecagonicis
1565 800 1822 870 impletur
1856 802 2110 870 planities
2143 820 2246 860 nec
2278 805 2341 859 fit

351 875 559 931 solidus
597 877 828 946 angulus
875 878 1157 948 multoque
1191 880 1370 935 minus
1425 894 1547 934 cum
1592 878 1904 947 majoribus.
1976 881 2053 935 Et
2097 885 2337 938 transac-
2403 930 2411 947 ,.

346 964 458 1009 tum
499 961 612 1010 est.
632 955 690 1012 in
724 957 1036 1013 universum
1087 973 1210 1013 cum
1242 958 1497 1028 trigonis,
1553 961 1608 1013 in
1647 960 1910 1016 dualitate
1957 963 2175 1030 quidem
2211 977 2335 1032 spe·

350 1048 570 1090 onerum.

529 1114 663 1168 Cum
700 1130 833 1185 ergo
869 1115 1011 1170 inter
1044 1114 1199 1169 binas
1236 1115 1520 1184 planorum
1562 1120 1775 1187 species
1810 1136 1922 1175 non
1946 1121 2179 1191 amplius
2205 1130 2335 1179 sunt

347 1192 573 1261 trigoni:
619 1192 843 1248 minima
891 1210 1054 1264 porro
1103 1191 1280 1262 figura
1323 1197 1425 1251 erit
1471 1203 1806 1268 tetragonus.
1879 1200 2046 1269 Atqui
2094 1205 2331 1268 tetrago-
2403 1228 2430 1271 a„
2447 1220 2455 1228 ·

348 1270 451 1325 uici
490 1278 605 1326 tres
639 1288 764 1326 cum
798 1286 909 1327 uno
944 1270 1165 1340 maioris
1200 1273 1350 1342 plani
1387 1277 1585 1344 angulo
1622 1285 1886 1347 superant
1917 1280 1952 1335 4
1975 1287 2182 1348 rectos,
2219 1279 2330 1334 duo

347 1364 478 1403 vero
514 1351 837 1419 tetragonici
879 1367 1002 1406 cum
1036 1366 1148 1405 uuo
1182 1351 1404 1420 maioris
1448 1371 1559 1411 non
1599 1355 1906 1413 tolerantur
1948 1360 2020 1416 ob
2067 1358 2332 1415 definitio-

349 1442 472 1482 nem
504 1430 565 1497 9,
611 1430 742 1498 quia
776 1429 997 1496 majoris
1032 1430 1235 1498 speciei
1276 1431 1486 1502 figurae
1518 1440 1730 1490 tantum
1777 1435 1918 1490 duae
1963 1438 2335 1507 reciperentur

348 1509 400 1560 in
444 1507 699 1563 solidum.
771 1509 924 1564 Unus
970 1509 1140 1578 igitur
1180 1512 1550 1579 tetragonicum
1611 1529 1734 1568 cum
1784 1513 1996 1570 duobus
2039 1515 2411 1585 pentagonicis
2462 1529 2547 1568 re-

343 1587 532 1654 jicitur
564 1602 665 1657 per
701 1588 796 1658 233
834 1605 956 1644 cum
991 1587 1207 1645 duobus
1231 1590 1582 1662 hexagonicis
1613 1594 1745 1660 coit,
1784 1600 1842 1648 et
1867 1599 2172 1663 congruunt
2209 1596 2240 1650 6
2277 1601 2551 1659 tetragoni

346 1682 472 1721 cum
507 1667 546 1722 8
578 1666 879 1737 hexagonis
922 1671 979 1722 iu
1020 1685 1189 1726 unum
1227 1672 1879 1740 tessarakaedecaedron,
1924 1675 2073 1742 quod
2107 1674 2322 1743 appello
2358 1682 2469 1729 tru
2482 1690 2542 1727 n·

348 1761 489 1800 cum
528 1746 857 1804 octaedro
873 1768 928 1806 n.
989 1752 1239 1824 Pingitur
1260 1767 1483 1809 numero
1509 1752 1623 1809 23⁹.
1683 1754 1842 1809 Unus
1866 1754 2234 1821 tetragonicus
2269 1768 2388 1808 cum
2416 1752 2548 1807 duo·
2799 1771 3012 1816 ;-::=..‚.;·.;

348 1823 449 1879 ΜΒ
488 1823 867 1896 heptagoniqig
914 1830 1143 1902 aliisque
1190 1831 1675 1901 imparilaterarum
1711 1833 1956 1920 rejicitur
1999 1848 2099 1901 per
2133 1832 2216 1902 23,
2255 1849 2375 1887 cum
2414 1832 2547 1887 duo·

350 1902 451 1957 bus
489 1905 825 1974 octogonicis
859 1907 1081 1978 planum
1128 1910 1307 1965 locum
1344 1909 1562 1980 implet,
1608 1927 1727 1965 cum
1778 1911 2078 1979 majoribus
2127 1912 2288 1968 etiam
2325 1919 2549 1982 superat

349 1982 381 2035 4
426 1990 641 2048 rectos,
689 2002 791 2041 nec
826 1990 1065 2057 assurgit
1108 1988 1178 2043 ad
1226 1988 1459 2044 solidum
1504 1990 1762 2060 angulum
1808 1990 2167 2046 formandum.
2238 1992 2326 2047 Ita
2371 1999 2549 2048 trans·
2619 1988 2795 2048 “’”--’ἓ’ῑῑ“’-
3004 1988 3008 1992 “

349 2068 533 2116 actum
555 2069 642 2117 est
664 2080 787 2118 cum
807 2071 1114 2137 tetragono,
1141 2084 1264 2123 cum
1288 2068 1429 2123 duae
1454 2069 1604 2124 solae
1627 2069 1834 2125 debent
1860 2085 1984 2126 esse
2006 2069 2289 2139 planorum
2315 2070 2546 2140 species·
2719 2060 2739 2076 ᾧ
2880 2075 2896 2088 “

527 2143 654 2198 Duo
688 2147 1034 2214 pentagonici
1070 2164 1193 2203 cum
1228 2165 1337 2203 uno
1373 2148 1713 2218 hexagonico
1750 2156 1849 2204 aut
1882 2165 2206 2219 quocunque
2240 2147 2346 2203 alio
2383 2146 2543 2202 unico
2582 2148 2913 2217 rejectitium
2948 2149 3078 2219 quid

354 2219 620 2276 inchoant
655 2239 755 2292 per
789 2224 885 2294 23,
935 2226 1082 2295 quod
1122 2242 1289 2296 supra
1324 2226 1485 2282 etiam
1523 2228 1591 2283 de
1625 2227 1888 2297 trigonico
1941 2235 1996 2283 et
2030 2227 2366 2296 tetragonico
2417 2241 2538 2281 cum
2578 2228 2721 2282 binis
2758 2228 3077 2298 pentagoni-

356 2300 434 2354 cis
470 2304 875 2372 usurpavimus.
946 2308 1178 2377 Insuper
1213 2322 1335 2361 cum
1373 2324 1483 2363 uno
1521 2307 1851 2376 decagonico
1899 2308 2177 2378 planitiem
2216 2313 2490 2374 sternunt,
2540 2322 2643 2362 nec
2692 2324 2816 2364 cum
2851 2309 2947 2364 illo
2984 2319 3081 2365 aut

357 2378 659 2447 majoribus
697 2391 992 2451 assurgunt
1028 2386 1083 2439 in
1120 2381 1463 2441 soliditatem.

535 2457 692 2513 Unus
732 2476 859 2529 ergo
895 2462 1287 2532 pentagonicus
1335 2481 1457 2520 cum
1493 2462 1705 2520 duobus
1741 2464 2096 2535 hexagonicis
2147 2464 2240 2519 mi·
2535 2465 2635 2516 1³¹8·
2657 2463 2763 2507 23¹⁰.

358 2552 461 2591 nus
499 2535 634 2590 facit
668 2539 703 2591 4
739 2540 921 2601 rectis.
957 2546 1014 2595 et
1048 2549 1355 2609 congruunt
1392 2543 1457 2598 12
1494 2545 1788 2613 pentagoni
1825 2560 1946 2599 cum
1984 2543 2053 2597 20
2083 2543 2252 2597 hexa·
2399 2551 2525 2615 ..ff-'³⁸²'
2684 2548 2687 2549 ’

362 2616 517 2682 gonis
565 2615 624 2668 in
660 2633 826 2671 unum
852 2618 1490 2687 triacontakaedyedron.
1527 2622 1675 2690 quod
1701 2621 1919 2692 appello
1953 2629 2250 2676 truncum
2503 2627 2539 2655 ·’

356 2696 769 2752 icosiedron.
839 2697 1102 2752 Formam
1141 2697 1312 2752 habes
1349 2699 1619 2766 signatam
1657 2706 1883 2755 numero
1911 2700 2045 2754 23¹⁰.
2116 2698 2235 2754 Nec
2282 2687 2379 2782 Γ

359 2774 525 2845 plura
561 2774 937 2846 exspectanda
973 2793 1008 2832 a
1031 2783 1358 2847 pentagono.
1419 2778 1560 2835 Nam
1586 2794 1728 2835 unus
1755 2785 2101 2849 pentagonus
2126 2793 2275 2860 cum,
2555 2776 2563 2791 ''

361 2854 577 2910 dnobus
630 2854 1007 2923 heptagonieis
1052 2855 1171 2924 ,iam
1218 2866 1440 2926 superat
1487 2859 1521 2915 4
1572 2866 1770 2914 rectos.
1857 2856 2270 2927 Hexagonicus·

361 2949 484 2988 cum
527 2931 742 2989 duobus
781 2932 902 2988 aliis
938 2934 1131 3005 implet
1164 2933 1475 3006 planitiem,
1522 2955 1646 2994 cum
1681 2937 1974 3007 majoribus
2020 2943 2245 3007 superat
2261 2913 2311 2952 ι’·

360 3011 393 3064 «t
416 3018 618 3066 rectos.
683 3013 877 3083 Itaque
913 3012 1001 3069 hic
1026 3013 1151 3070 finis
1171 3022 1259 3070 est
1285 3016 1577 3070 mixtorum
1605 3031 1673 3072 ex
1701 3015 1913 3070 duabus
1939 3013 2244 3084 speciebus,
2268 2960 2315 3080 X
2379 3052 2403 3096 a·

531 3092 743 3160 Quodsi
776 3093 944 3147 trium
982 3095 1285 3163 specierum
1321 3093 1488 3164 plana
1533 3109 1858 3149 concurrere
1900 3099 2134 3164 possunt
2170 3093 2240 3147 ad
2421 3164 2427 3176 d

356 3186 524 3227 unum
575 3171 835 3242 angulum
881 3171 1143 3229 solidum:
1200 3173 1434 3244 primum
1487 3171 1673 3240 anguli
1711 3171 1819 3227 duo
1872 3171 2047 3240 plani,
2100 3187 2243 3226 unus
2507 3172 2511 3182 “

354 3249 659 3318 tetragoni,
706 3249 847 3305 alter
888 3252 1183 3321 pentagoni
1238 3258 1502 3321 superant
1536 3252 1568 3306 2
1602 3254 1817 3320 rectos3
1866 3250 2102 3318 majores
2137 3248 2242 3317 his,
2616 3296 2624 3302 ,

356 3328 530 3384 multo
564 3331 763 3398 magis:
810 3337 926 3385 tres
964 3347 1090 3386 vero
1127 3332 1463 3400 trigonorum
1497 3331 1661 3385 trium
1707 3335 1946 3398 aequant
1979 3331 2013 3384 2
2047 3338 2252 3393 rectos;
2302 3336 2588 3398 nequeunt
2633 3329 2802 3399 igitur
2837 3336 2953 3386 tres
2989 3332 3083 3387 tri-

358 3408 537 3475 goniei
572 3407 803 3476 admitti,
840 3415 904 3463 ut
939 3412 1149 3464 summa
1184 3413 1423 3467 omnium
1459 3416 1686 3480 superet
1718 3411 1752 3465 t
1788 3415 1987 3464 rectos.
2059 3410 2183 3464 Duo
2221 3426 2351 3465 vero
2387 3408 2643 3479 trigonici
2697 3425 2822 3465 cum
2854 3425 2966 3464 uno
3002 3415 3081 3463 te.

360 3487 641 3553 tragonico
677 3492 736 3543 et
770 3500 881 3540 uno
915 3489 1276 3558 pentagonico
1313 3491 1401 3545 vel
1435 3507 1534 3562 pro
1573 3506 1639 3546 eo
1675 3488 2032 3559 hexagonico,
2068 3496 2167 3545 aut
2201 3503 2526 3558 quocunque
2548 3487 2739 3551 majori
2762 3487 3085 3557 rejiciuntur

361 3578 458 3630 per
491 3579 570 3633 pr.
609 3564 695 3629 23,
734 3565 863 3634 qnia
895 3566 1143 3634 trigonus
1180 3567 1552 3638 imparitatem
1584 3570 1763 3640 figura
1798 3568 1940 3639 cingi
1973 3567 2196 3624 deberet
2231 3574 2515 3637 tetragono
2559 3573 2616 3623 et
2648 3573 2959 3637 pentagono
2997 3563 3083 3621 vel

360 3657 458 3712 pro
497 3659 563 3698 eo
603 3642 892 3713 hexagono
931 3653 1034 3699 etc.

532 3721 687 3777 Unus
726 3721 890 3792 igitur
924 3723 1221 3794 trigonicus
1266 3742 1392 3782 cum
1427 3725 1642 3782 duobus
1676 3726 2029 3794 tetragonicis
2080 3733 2136 3781 et

360 3818 469 3857 uno
521 3801 885 3871 pentagonico
937 3802 1116 3859 minus
1150 3803 1397 3861 efficiunt
1435 3807 1468 3860 4
1504 3804 1696 3872 rectis,
1744 3812 1801 3860 et
1837 3812 2143 3874 congruunt

361 3882 428 3936 20
462 3880 663 3949 trigoni
700 3896 823 3934 cum
860 3882 930 3939 30
964 3884 1261 3952 tetragonis
1302 3890 1359 3939 et
1397 3886 1462 3940 12
1496 3883 1835 3955 pentagonis,
1872 3884 1929 3939 in
1963 3899 2128 3937 unum

358 3958 941 4030 hexacontadyedron,
977 3961 1125 4032 quod
1160 3961 1377 4032 appello
1420 3962 2128 4018 rhombicosidodeca·
2283 4013 2285 4015 ,

362 4036 578 4091 edron
616 4053 715 4092 seu
741 4043 951 4094 sectum
985 4039 1268 4095 rhombum
1291 4039 1877 4098 icosidodecaedricum
1936 4041 2134 4110 ‚Pingi·

363 4123 453 4170 tur
486 4133 635 4172 num.
672 4117 806 4171 23¹¹.
884 4115 895 4125 '
1343 4118 1350 4122 ’

532 4196 689 4252 Unus
726 4197 1041 4270 trigonicus,
1080 4201 1187 4257 duo
1221 4201 1542 4271 tetragonici
1582 4216 1707 4256 cum
1739 4215 1850 4255 uno
1887 4199 2125 4270 hexago—

366 4272 482 4328 nico
516 4282 757 4344 aequant
791 4283 971 4336 rectos
1008 4286 1267 4348 quatuor3
1300 4297 1422 4336 cnm
1458 4297 1568 4335 uno
1602 4281 1796 4348 majori
1813 4320 1829 4348 ,
1864 4285 2127 4348 superant
2239 4289 2339 4356 ἐξὲξ-ιζ

364 4368 464 4409 nec
498 4355 568 4409 ad
599 4352 835 4413 solidum
872 4364 1183 4426 assurgam.
1258 4360 1540 4416 Mittanus
1580 4359 1747 4429 igitur
1796 4357 1935 4413 duos
1969 4364 2134 4413 tetra·
2247 4356 2341 4420 “·-,;ῐῑ

367 4449 605 4500 gomcos.
2299 4464 2303 4472 ·
2335 4460 2355 4478 *-

536 4515 691 4571 Unus
727 4515 1043 4586 trigonicus,
1079 4533 1218 4572 unus
1255 4518 1623 4587 tetragonicus
1659 4525 1716 4572 et
1740 4514 1849 4569 duo
1874 4521 2133 4595 pentago-

368 4592 470 4647 nici
505 4601 768 4664 superant
801 4597 833 4648 4
870 4601 1053 4651 rectos
1089 4595 1371 4664 multoque
1405 4596 1604 4665 magis,
1654 4598 1700 4652 si
1741 4595 1857 4653 bini
1901 4594 2133 4663 majores

372 4670 516 4738 plani
552 4672 740 4741 anguli
776 4673 1220 4730 admiscerentur.
1288 4671 1563 4730 Desinunt
1596 4675 1761 4746 igitur
1795 4673 2008 4730 misceri
2044 4687 2135 4725 an·

370 4749 476 4818 guli
508 4751 658 4821 plani
695 4754 943 4823 quaterni
978 4753 1050 4808 ad
1087 4750 1428 4809 formandum
1463 4769 1629 4808 unum
1666 4756 1922 4823 solidum3
1962 4752 2161 4809 desinit
2186 4769 2315 4821 ergo
2355 4758 2410 4808 et
2438 4751 2682 4821 trigonus
2708 4752 2919 4823 ingredi
2941 4757 3081 4812 mix·

369 4835 540 4884 turam
572 4830 858 4901 triplicem.
928 4831 1070 4888 Nam
1117 4846 1259 4886 nnus
1292 4830 1593 4899 trigonicns
1607 4876 1620 4903 ,
1664 4849 1807 4888 unus
1842 4833 2217 4903 tetragonicus
2265 4839 2321 4887 et
2355 4846 2497 4886 unus
2550 4832 2944 4901 pentagonicus
2980 4841 3085 4889 aut

371 4906 677 4979 quicunque
706 4909 849 4966 alius
886 4910 1053 4978 hujus
1087 4909 1213 4965 loco
1246 4907 1566 4980 rejiciuntur
1597 4930 1697 4983 per
1728 4915 1823 4982 24,
1861 4915 1994 4984 quia
2030 4911 2278 4979 trigonus
2310 4917 2399 4967 est
2430 4906 2799 4981 imparilatera
2830 4910 3026 4981 figura.
