3567 5625
696 369 829 435 uberi.
860 375 950 452 ⁸(rapu
966 378 1011 435 rx.
1207 354 1214 362 ’
1466 379 1529 446 305

179 549 323 625 seriptum:
351 559 416 625 erto
441 552 496 608 illia
514 568 549 608 er
575 551 751 622 possibilibus
778 553 927 609 harmoniis
953 553 1079 608 minimae
1106 552 1252 624 debeutrrr,
1279 555 1381 625 quippe
1399 563 1530 626 cognatae

177 640 288 702 propter
297 633 358 702 boc,
377 638 444 687 etut
455 649 498 687 ax.
509 634 534 687 2.
545 631 635 687 locum
652 632 759 687 babeat.
778 632 862 701 atqui
880 633 1038 687 harmoniae
1051 633 1169 686 omnium
1181 631 1315 703 minimae,
1334 649 1373 689 sc.
1392 635 1427 704 il,
1441 644 1468 689 et
1481 638 1529 706 M„

178 728 231 766 non
250 720 315 767 sunt
332 711 491 780 possibiles,
518 728 569 781 per
592 727 669 781 prop.
690 712 714 767 6.
751 713 824 781 Ergo
854 712 987 768 debentur
1011 710 1105 781 figuris
1133 711 1212 766 dictis
1234 710 1391 770 harmoniae
1407 715 1530 784 proxime

177 790 294 858 majores
311 789 396 858 bisce,
414 791 518 848 scilicet
536 793 579 847 vel
598 791 631 859 ⁸l,
650 789 693 843 rel
713 789 745 860 ’1,
763 790 807 845 rel
824 790 857 857 is,
876 792 919 847 rel
937 791 980 861 Ἃ.

265 868 385 922 Rursum
404 869 492 940 ligura
508 871 580 925 iuter
596 871 731 925 Venerem
747 877 776 924 et
792 870 958 926 Mercurium
974 870 1150 938 interlucata,
1169 870 1273 926 scilicet
1291 869 1448 944 octaedron,
1468 890 1530 943 pro

177 946 333 1017 portionem
349 946 434 1002 habet
451 948 565 1003 eandem
584 965 694 1004 snorum
712 949 826 1019 orbium,
844 967 925 1019 quam
944 949 1046 1005 cubus:
1066 957 1094 1004 at
1113 952 1183 1004 cubo
1201 967 1250 1020 pro
1268 950 1365 1004 minori
1382 951 1531 1018 harmonia,

177 1042 249 1096 quae
267 1033 310 1080 est
326 1028 399 1082 inter
416 1037 505 1082 motus
523 1028 855 1097 connumeratorum
871 1028 1012 1098 diapason,
1030 1045 1081 1098 per
1097 1045 1175 1097 prop.
1193 1030 1219 1096 7,
1238 1044 1302 1097 ergo
1321 1028 1465 1085 deberetur
1482 1047 1532 1099 per

177 1104 331 1174 analogiam
349 1106 431 1161 etiam
449 1107 577 1163 octaedro
595 1116 680 1175 tanta,
698 1124 735 1164 so.
758 1108 789 1184 ¹1,
809 1125 859 1178 pro
878 1109 984 1179 minori,
1003 1110 1027 1164 si
1043 1108 1112 1164 nihil
1130 1107 1294 1164 diversitatis
1312 1109 1461 1165 accederat.
1479 1112 1531 1166 Aea

178 1184 251 1242 cedit
269 1193 362 1240 antem
379 1185 431 1241 boc
449 1187 620 1254 diversitatis,
637 1189 712 1257 qnod
729 1188 884 1244 cubicorum
904 1187 1013 1255 quidem
1030 1187 1211 1257 planetarum,
1229 1185 1338 1241 Saturni
1357 1203 1395 1243 sc.
1406 1197 1436 1242 et
1446 1188 1531 1257 Joris,

179 1262 348 1331 singulorum
365 1266 490 1333 propriae
507 1273 630 1324 motuum
656 1267 847 1336 proportiones
869 1266 982 1333 junctae
1001 1265 1156 1320 efficiebant
1181 1281 1312 1322 summam
1330 1284 1385 1320 non
1402 1267 1531 1334 maiorem

180 1357 260 1408 qnam
281 1343 325 1409 il„
344 1342 389 1396 bio
406 1359 469 1398 vero
482 1345 695 1399 ocmedricorum
708 1346 887 1414 planetarum,
906 1344 1019 1401 Veneris
1032 1353 1060 1402 et
1072 1343 1209 1409 Mercurii,
1228 1342 1394 1410 singulorum
1406 1344 1532 1414 propriae

175 1420 289 1487 junctae
306 1420 408 1475 iaciant
425 1437 557 1476 summam
574 1424 703 1492 majorem
722 1441 803 1493 quarn
824 1425 867 1492 Ἄ,
886 1422 959 1493 quod
977 1422 1058 1478 facile
1077 1424 1116 1479 sic
1134 1429 1256 1490 apparet
1274 1422 1343 1476 Esto
1361 1421 1439 1480 euim,
1458 1423 1531 1491 quod

177 1500 331 1566 requireret
349 1500 473 1569 mmogia
490 1501 562 1556 inter
579 1504 677 1558 cubum
697 1510 724 1557 et
739 1502 905 1568 ootaedron,
933 1502 957 1558 si
975 1502 1035 1558 sola
1052 1511 1137 1568 esset,
1163 1502 1200 1556 sit
1226 1501 1336 1570 inquam
1353 1501 1440 1556 minor
1458 1511 1532 1557 octa·

179 1579 280 1646 edrico,
298 1578 385 1647 major
402 1595 482 1647 quam
499 1588 564 1635 snut
582 1581 627 1637 hic
644 1582 836 1652 praescriptae,
855 1581 978 1651 adeoque
991 1582 1031 1637 sic
1048 1582 1129 1650 plane
1141 1589 1226 1651 muta,
1244 1589 1347 1650 quanta
1358 1581 1411 1635 fuit
1428 1581 1532 1648 cubica,

179 1657 285 1712 scilicet
307 1658 350 1730 ¹12:
369 1665 429 1713 erat
444 1674 509 1713 vero
526 1660 614 1728 majm
633 1663 666 1733 Ἰ,
683 1677 733 1731 per
749 1677 827 1731 prop.
846 1663 890 1720 12.
925 1661 1026 1716 Ablata
1043 1660 1126 1729 igitur
1142 1659 1222 1728 binc,
1244 1676 1326 1729 quam
1343 1660 1425 1715 modo
1441 1662 1533 1730 posui·

179 1753 247 1802 rnna,
265 1737 371 1792 minore
392 1738 440 1809 ¹1„
469 1749 563 1806 manet,
579 1740 669 1796 adbuc
690 1739 721 1812 ¹1,
742 1756 792 1809 pro
809 1755 916 1795 summa
932 1740 1104 1809 propriarum
1120 1739 1234 1794 Veneris
1252 1747 1280 1794 et
1297 1740 1440 1810 Mercurii,
1459 1741 1534 1810 atqui

182 1819 214 1890 Ἰ,
230 1816 295 1888 plus
314 1824 358 1872 est
374 1834 454 1896 quam
473 1835 576 1876 summa
595 1820 627 1888 Ἰ,
645 1819 817 1888 propriarum
835 1818 946 1874 Saturni
965 1826 992 1872 et
1011 1819 1099 1887 Joris,
1126 1825 1234 1873 atvero
1255 1817 1384 1886 majorem
1401 1834 1533 1874 summam
1576 1830 1579 1836 ·

179 1897 251 1951 banc
269 1895 359 1964 major
377 1897 499 1965 sequitur
517 1898 718 1967 eccentricitaa,
742 1913 792 1966 per
810 1913 869 1966 cap.
888 1897 918 1964 3,
937 1896 1065 1965 majorem
1084 1913 1147 1950 vero
1167 1897 1394 1952 eocentrioitatem
1413 1900 1535 1966 sequitur

138 1981 147 1994 ‘
180 1978 268 2031 minor
284 1975 425 2044 proportio
442 1982 563 2031 motuum
582 1977 811 2044 converguntium,
828 1991 878 2044 per
896 1975 968 2029 idom
986 1992 1045 2044 cap.
1059 1977 1084 2032 3.
1103 1976 1193 2045 Quare
1208 1975 1239 2029 fit
1252 1976 1406 2030 accessione
1423 1976 1533 2044 majoris

180 2054 391 2109 eocentrioitatie
410 2054 446 2109 ad
464 2055 616 2126 analogiam
639 2055 711 2110 inter
737 2055 838 2112 cubum
865 2061 893 2108 et
920 2054 1079 2124 octaedron,
1107 2061 1138 2109 ut
1164 2053 1251 2108 minor
1268 2054 1354 2128 ⁴etiarn
1381 2055 1534 2125 requiratur

181 2133 403 2199 converrentium
422 2133 536 2189 Veneris
565 2143 593 2189 et
610 2135 739 2191 Mercurii
763 2134 919 2204 proportio,
948 2149 1029 2202 quam
1051 2133 1093 2204 Ἰ,
1130 2133 1161 2188 ld
1189 2134 1269 2186 etiam
1296 2135 1457 2188 conveniens
1476 2144 1535 2189 erat

182 2212 312 2266 axiomati
331 2214 364 2281 1,
392 2220 422 2267 ut
439 2212 581 2268 harmonia
607 2213 738 2284 diapason
767 2214 894 2268 absumta
921 2212 948 2265 in
967 2210 1285 2267 cubicos'conoiliaretur
1302 2213 1461 2267 octaedricis
1479 2212 1534 2267 alia

181 2292 305 2359 proxima
323 2297 352 2345 et
368 2306 417 2359 per
434 2293 554 2361 priorem
573 2292 830 2348 demonstrationem
848 2291 937 2350 minor
961 2306 1043 2360 quam
1065 2294 1105 2361 ¹l,.
1142 2293 1194 2346 Est
1219 2298 1308 2346 autem
1335 2291 1385 2346 hac
1411 2293 1533 2360 proxime

180 2369 269 2424 minor
287 2372 334 2438 Ἃ,
354 2386 424 2439 quse
442 2379 473 2426 ut
489 2372 577 2441 majm
594 2387 628 2427 ex
646 2372 735 2428 tribus
754 2370 905 2426 debebatur
922 2371 1024 2440 figurae
1042 2371 1152 2439 majoris
1170 2370 1276 2426 orbium
1294 2384 1403 2424 suorum
1421 2383 1533 2438 proper·

181 2448 270 2516 tiouiu,
289 2449 418 2504 octaedro
436 2450 546 2506 scilicet.
582 2452 703 2507 Minores
729 2452 812 2520 igitur
829 2452 863 2518 ⁵),
881 2459 910 2506 et
930 2449 961 2523 Ἴ,
984 2450 1026 2504 rel
1045 2449 1078 2518 ἢ,
1104 2450 1328 2520 rel'urquebantur
1353 2447 1487 2502 icosiedro
1505 2453 1534 2500 et

182 2525 362 2595 Muecaedro,
380 2526 475 2598 figuris
493 2530 675 2599 proportionis
694 2529 799 2586 orbium
817 2545 928 2585 suorum
945 2528 1065 2586 minoris.

268 2607 329 2662 Hae
356 2624 419 2662 reru
446 2609 573 2666 residuae
598 2609 669 2666 iuter
695 2608 763 2664 duas
786 2608 911 2664 residuas
937 2609 977 2662 sic
1002 2615 1066 2662 sunt
1092 2605 1262 2662 distributae.
1299 2607 1374 2664 Sicut
1401 2605 1472 2660 enim
1499 2617 1534 2660 ex

180 2686 288 2757 liguris,
315 2685 380 2742 licet
406 2687 557 2756 aequalium
577 2688 649 2742 intur
675 2703 740 2742 suos
767 2686 847 2742 orbes
873 2686 1093 2756 proportionum,
1121 2686 1208 2739 cubus
1235 2683 1342 2753 quidem
1361 2685 1473 2740 sortitus
1492 2686 1536 2738 est

181 2763 350 2821 harmoniam
366 2767 417 2836 ¹l,‚
445 2767 593 2823 octaedron
611 2782 674 2823 vero
693 2767 726 2836 il,
744 2765 890 2835 minorem,
922 2781 955 2822 eo
974 2764 1046 2835 quod
1065 2779 1171 2819 summa
1187 2764 1358 2835 propriorum
1376 2763 1489 2819 Veneris
1507 2771 1535 2820 et

181 2845 308 2900 Mercurii
327 2855 468 2915 superaret
491 2862 621 2902 summam
647 2847 819 2916 propriarum
838 2847 949 2901 Saturni
974 2854 1002 2901 et
1018 2845 1108 2899 loris:
1138 2844 1178 2899 sic
1196 2844 1277 2897 etiam
1294 2844 1338 2898 hic
1356 2842 1534 2914 dodecaedro,

181 2924 303 2991 quamvis
321 2922 350 2978 id
368 2924 482 2980 eandem
499 2926 582 2982 iaciat
600 2926 704 2981 orbium
723 2942 832 2981 suorum
851 2925 1056 2996 proportionem
1084 2939 1165 2993 qnam
1190 2922 1358 2992 icosiedron,
1385 2922 1535 2977 debebatur

181 3002 269 3055 minor
288 3018 370 3069 quam
388 3003 537 3074 icosiedro,
562 3006 687 3074 proxima
704 3012 797 3060 tamen
814 3013 930 3074 propter
947 3004 1062 3059 similem
1080 3017 1205 3069 causam,
1225 3018 1261 3057 so.
1281 3002 1345 3071 quia
1363 3001 1431 3057 baec
1447 3002 1536 3072 figura

110 3086 115 3101 ’
182 3087 226 3135 est
241 3082 314 3136 inter
331 3081 469 3138 Tellurem
487 3092 515 3138 et
532 3083 662 3154 Martem,
690 3085 768 3154 cujus
787 3084 814 3138 iu
833 3084 1019 3153 superioribus
1037 3097 1137 3151 magua
1161 3081 1234 3136 facta
1257 3089 1316 3136 erat
1334 3082 1533 3149 eocentrioitas5

181 3160 296 3217 Venena
313 3177 378 3216 roro
395 3170 425 3217 et
441 3162 573 3231 Telluris,
602 3172 632 3218 nt
650 3165 677 3218 iu
697 3164 874 3231 sequentibus
892 3163 1045 3232 audiemur,
1072 3161 1197 3215 minimae
1223 3167 1289 3215 suut
1311 3159 1534 3216 eocentrioitates.

180 3241 217 3295 Αι
235 3256 298 3296 cunr
316 3241 464 3296 octaedrorr
483 3243 583 3297 habeat
602 3242 654 3311 Ἃ,
671 3243 833 3308 icosiedron,
852 3243 932 3310 cuius
951 3241 1055 3295 orbium
1074 3239 1214 3308 proportio
1232 3239 1327 3307 minor,
1346 3238 1534 3293 succedentem

182 3320 265 3388 paolo
284 3321 414 3374 minorem
431 3321 492 3385 illa,
517 3337 554 3376 sc.
575 3324 621 3391 ’με
645 3321 850 3390 relinquebatur
866 3322 950 3390 igitur
967 3318 1137 3374 dodecaedro
1159 3317 1202 3371 vel
1222 3318 1255 3385 ἰ,
1273 3317 1397 3384 residua,
1425 3316 1468 3369 rel
1486 3316 1534 3386 M„

183 3397 275 3466 potius
293 3414 357 3452 vero
376 3398 431 3468 illa,
450 3400 550 3469 quippe
568 3401 680 3470 propior
697 3400 879 3455 icosaedricae
899 3403 947 3466 ll„
966 3400 1027 3467 quia
1047 3398 1075 3453 et
1092 3397 1195 3466 figurae
1213 3395 1314 3450 similes
1332 3403 1405 3450 sunt.

269 3476 306 3531 At
323 3492 358 3531 ne
375 3477 513 3546 possibilis
532 3479 640 3547 quidem
658 3478 712 3534 fuit
729 3479 772 3548 il,
810 3477 885 3533 Etsi¹
898 3478 969 3532 euim
1000 3477 1066 3532 satis
1093 3491 1192 3545 magna
1210 3484 1269 3530 erat
1295 3476 1323 3529 in
1349 3475 1534 3544 superioribus

183 3556 295 3625 propria
310 3559 452 3627 proportio
469 3564 591 3613 motuum
609 3565 791 3615 extremorum
803 3558 915 3625 Martie,
933 3566 963 3611 at
974 3554 1076 3622 Tellus,
1095 3562 1126 3609 ut
1140 3552 1197 3621 jam
1210 3554 1310 3609 dictum
1329 3561 1357 3607 et
1373 3554 1402 3608 iu
1420 3569 1534 3621 sequen·
1587 3614 1591 3629 .

184 3633 256 3688 tibus
274 3635 387 3703 patebit,
406 3634 563 3691 conferebat
580 3636 717 3706 propriam
736 3636 875 3703 minorem,
894 3651 976 3705 quam
995 3640 1026 3688 ut
1043 3649 1149 3687 summa
1159 3634 1300 3701 utriusque
1318 3642 1460 3701 superaret
1477 3631 1533 3687 dia·

184 3722 274 3783 pente.
310 3715 374 3771 Non
391 3724 500 3785 poterat
514 3716 599 3784 igitur
617 3717 706 3771 locum
724 3716 824 3771 habere
843 3717 890 3787 ll„
915 3730 965 3783 per
989 3728 1067 3781 prop.
1086 3713 1112 3767 7.
1146 3711 1178 3766 Id
1197 3728 1229 3766 eo
1248 3711 1377 3781 amplius,
1402 3709 1480 3779 quia,
1504 3719 1535 3764 ut

121 3782 126 3801 '
185 3802 316 3861 aequetur
342 3810 420 3865 prop.
442 3796 481 3865 li,
499 3795 586 3864 major
610 3810 671 3851 esse
700 3794 794 3851 debuit
810 3794 1012 3851 intervallorum
1030 3790 1249 3860 conrerqentiunr
1272 3789 1424 3860 proportio,
1453 3804 1534 3857 quam

188 3873 240 3906 1⁰⁰0

233 3876 504 4025 lui’ropoaitio
531 3947 619 4007 XVI.
666 3948 788 4009 Veneris
812 3955 841 4007 et
862 3946 1001 4009 Mercurii
1023 3956 1157 4005 motuum
1184 3945 1403 4022 proportiones,
1434 3942 1534 4018 cujus-

188 4053 244 4112 que
266 4038 413 4112 propriae,
432 4035 555 4112 junctae
578 4035 742 4096 debuerunt
763 4034 878 4096 efficere
901 4031 953 4116 δή,
976 4036 1099 4094 circiter.

255 4126 343 4182 Aufer
360 4128 431 4181 eninr
449 4126 579 4181 minorem
597 4126 781 4182 harmonicam
800 4126 849 4197 ³1„
871 4127 936 4181 huic
955 4125 1033 4192 bigae
1052 4124 1230 4180 communiter
1246 4121 1375 4178 tributam
1392 4138 1471 4192 prop.
1492 4123 1534 4190 15,

187 4207 221 4262 ab
238 4206 348 4261 illorum
361 4206 459 4274 maiori
478 4205 507 4277 ἰ,
525 4207 568 4261 rel
586 4208 650 4278 ⁸l„,
668 4223 718 4278 per
736 4223 815 4276 prop.
831 4207 871 4274 12,
890 4212 976 4260 restat
988 4204 1054 4275 ⁵!„,
1072 4220 1176 4260 summa
1194 4203 1364 4272 propriarum
1383 4202 1533 4268 utriusque.

186 4287 283 4354 Itaque
301 4286 430 4341 Mercurii
447 4287 532 4341 solius
559 4286 670 4356 proprio
696 4296 820 4343 motuum
845 4293 1027 4341 extremorum
1055 4282 1195 4353 proportio
1221 4281 1309 4334 minor
1326 4290 1368 4336 est
1385 4294 1466 4349 quam
1485 4278 1533 4348 M„

188 4366 340 4434 quantitate
360 4365 486 4435 propriae
505 4365 626 4421 Veneris.
661 4366 787 4434 Intellige
813 4367 867 4421 hoc
892 4366 926 4420 de
944 4365 986 4421 his
1004 4365 1098 4434 primis
1117 4360 1275 4417 rationibus.
1311 4359 1381 4414 Nom
1399 4357 1470 4411 inira
1487 4371 1536 4426 per
1622 4396 1625 4403 .

187 4444 322 4500 secundae
340 4445 472 4514 rationes,
499 4445 647 4501 accedente
666 4445 854 4500 communibus
871 4445 1013 4513 utriusque
1031 4439 1176 4497 harmoniis
1194 4438 1285 4508 aliquo
1303 4436 1451 4503 fermento,
1478 4432 1536 4489 effi·

189 4524 289 4592 cietur,
306 4529 339 4576 ιιι
356 4521 415 4576 sola
431 4522 543 4595 propria
560 4522 689 4578 Mercurii
706 4522 826 4592 perfecte
844 4522 966 4576 obtineat
983 4520 1044 4591 ism.

276 4596 493 4674 Propositio
515 4596 619 4672 xvir,
664 4598 826 4660 Harmonia
848 4606 980 4658 motuum
1003 4596 1106 4656 Martis
1130 4599 1159 4654 et
1175 4591 1303 4651 Telluris
1325 4589 1537 4665 divergentium

188 4702 250 4746 nou
269 4687 367 4761 potuit
388 4701 455 4745 esso
476 4687 571 4744 minor
593 4703 682 4762 quam
704 4682 767 4767 δίῃ.

274 4768 347 4823 Nam
362 4767 439 4824 solus
456 4767 531 4823 Mars
550 4776 646 4824 nactas
664 4767 717 4824 fuit
733 4769 762 4823 in
779 4767 890 4838 propria
910 4781 1021 4822 suorum
1044 4771 1165 4820 motuum
1182 4760 1357 4833 proportione
1375 4759 1437 4829 plus
1456 4773 1536 4827 quam

187 4847 359 4905 dictarem
378 4855 407 4903 et
423 4847 584 4917 plusquam
605 4846 676 4920 wip,
701 4861 750 4916 per
767 4863 845 4917 prop.
863 4847 906 4901 14.
944 4846 1034 4901 Minor
1051 4860 1114 4901 rero
1132 4843 1274 4901 harmonia
1296 4842 1405 4897 illorum
1421 4848 1464 4897 est
1482 4839 1537 4895 dla-

243 4956 339 5011 ιηιιιι
350 4956 467 5009 occur.
1340 4937 1382 4996 ιο
