3567 5625
673 366 822 423 mosem.
843 367 1007 438 capuana.
1244 351 1274 362 ”
1444 372 1508 432 407

158 548 316 613 precatores
332 543 403 599 aaut
418 543 529 612 socnam
547 541 648 610 (subito
667 558 683 596 e
700 558 730 596 re
748 543 836 604 tenui,
860 526 959 597 damno
976 538 1100 609 publico,
1118 525 1301 596 creveriut‘ut
1316 542 1444 611 spongia,
1463 556 1510 611 pe·

162 620 305 686 culatores,
325 621 406 688 avari,
425 620 619 689 deglubitores,
637 619 709 676 orbis
727 629 879 688 exactores,
899 618 1071 674 nummularii
1085 625 1113 674 et
1124 619 1311 689 cambiatores,
1328 618 1355 688 ii,
1375 620 1423 690 qni
1435 637 1510 675 num·
1601 654 1604 660 ·
1687 653 1693 676 r

161 699 211 751 mis
229 699 319 767 pretia
336 706 445 769 augent,
464 698 656 766 floruerintque
670 700 757 766 gratia
774 698 926 769 principum
945 706 973 753 et
990 698 1212 753 communitatum
1229 698 1256 751 in
1268 699 1430 754 necessitate
1448 715 1511 753 con-

162 776 327 843 stitutorum)
346 784 371 833 et
388 778 568 848 apparacrtnt
591 775 674 844 (tastu
693 778 884 853 etsplendore
901 778 973 831 vitae
993 783 1021 830 et
1039 776 1165 844 neglectu
1190 776 1344 830 tenuiorum
1366 776 1511 845 praestrin-

162 854 252 909 xerint
277 855 370 909 oculos
389 854 471 923 vulgi,
492 856 555 923 jura
573 854 724 911 nobilitatis
749 857 939 926 usurpaverint
961 855 1152 925 evicerintque)
1178 869 1269 909 omnes
1291 856 1339 924 qui
1361 861 1512 924 operantur

161 933 346 1004 t'at'pas'tatrm:
365 942 397 991 at
415 935 551 996 inteream
571 935 654 1000 (tama
676 935 797 1005 ipsorum
819 943 883 1005 post
906 950 1009 1005 paucos
1035 951 1121 990 anuos
1148 933 1338 999 exstinguatur
1355 948 1416 986 enm
1433 933 1511 1001 ipsis)

161 1012 191 1066 in
207 1013 328 1067 secatum
344 1015 435 1070 secati.
472 1014 514 1069 Ta
530 1022 622 1070 amera
639 1016 789 1070 adimamus
810 1017 842 1070 irs
858 1022 999 1070 marram
1015 1013 1143 1070 Danaa.
1179 1012 1316 1082 ρυοπίαηι
1333 1027 1390 1066 ecee
1406 1011 1513 1067 manta

162 1091 205 1146 tsi
220 1090 356 1159 Domine,
380 1095 510 1162 memsam
528 1110 586 1147 ecce
602 1093 708 1148 inimici
725 1095 766 1147 tui
784 1094 975 1159 (contemtores
993 1099 1021 1146 et
1040 1090 1208 1162 neglectores
1227 1103 1338 1157 operum
1357 1095 1466 1164 tuorum
1483 1096 1512 1142 et

162 1168 314 1223 divinorum
332 1171 492 1234 studiorum)
513 1171 644 1241 prribm
662 1178 687 1225 et
704 1172 894 1243 dr'sperperrtar
912 1188 1004 1227 omncs
1025 1172 1074 1241 gai
1091 1175 1240 1240 operantur
1256 1169 1436 1238 iniquitatem.
1471 1168 1513 1225 Et

161 1249 331 1304 maumam
345 1249 416 1302 sicut
433 1249 575 1303 anamais
597 1267 684 1304 corna
701 1266 788 1304 mewa
805 1256 831 1304 et
848 1257 970 1306 semdae
986 1266 1047 1304 meo
1065 1247 1169 1318 (saltem
1187 1247 1274 1301 lamae
1293 1246 1465 1314 posthumae]
1482 1248 1514 1301 ia

161 1327 351 1381 mbemcordic
367 1328 452 1381 abari.
488 1326 528 1381 Et
545 1328 668 1396 &merit
686 1329 780 1383 endas
793 1332 871 1383 'mna
888 1330 1014 1384 animnos
1031 1345 1104 1383 meos
1122 1327 1303 1396 (ignorantes,
1326 1324 1373 1393 qui
1391 1323 1512 1392 philoso·
1611 1373 1616 1382 ,

161 1406 263 1474 phiam,
281 1421 362 1473 qnam
380 1404 448 1470 colo,
467 1402 543 1457 nihili
561 1404 674 1472 iaciunt,
692 1405 823 1474 pecuniis,
843 1405 942 1475 quibus
961 1420 1049 1473 careo,
1068 1404 1232 1473 gloriantur3
1252 1409 1350 1456 natura
1367 1402 1439 1456 enim
1457 1416 1513 1455 om·

162 1499 210 1538 nes
228 1483 384 1552 ignorantes
402 1489 430 1537 et
447 1490 628 1537 contemtores
647 1484 797 1538 studiorum
822 1484 948 1540 omnibus
973 1484 1121 1539 scientibus
1145 1481 1258 1549 inimici,
1285 1481 1365 1535 mam
1382 1480 1469 1548 inviti)
1487 1487 1514 1536 et

161 1564 365 1633 inserpentrbae
377 1564 408 1616 irs
418 1579 460 1616 me
469 1563 690 1633 matronibus,
708 1564 802 1618 audiet
814 1565 893 1619 caris
904 1581 972 1632 mem
984 1563 1080 1631 janna
1090 1570 1122 1618 at
1129 1564 1227 1632 palma
1240 1561 1355 1629 timebit,
1372 1565 1405 1614 at
1417 1560 1514 1636 ardna

162 1643 269 1696 Libera
290 1643 523 1711 suspiratam.
559 1643 686 1697 Panaca·
706 1644 737 1697 irs
754 1643 835 1697 domo
852 1643 968 1698 Domini
992 1645 1024 1698 ia
1046 1645 1127 1698 atriis
1144 1644 1241 1697 dorsus
1258 1641 1313 1695 Dei
1329 1640 1419 1694 rostri
1434 1639 1513 1706 tiore·
1568 1671 1575 1692 t

162 1722 231 1775 bant
248 1720 486 1789 (contemplatione
504 1720 602 1776 mentis
620 1719 692 1774 inter
709 1720 788 1775 orbes
808 1719 955 1787 coelestes,
974 1720 1025 1772 Dei
1042 1718 1240 1786 babitaculum,
1266 1717 1431 1784 conversati,
1450 1734 1513 1771 con·

163 1805 259 1867 speetu
279 1799 428 1855 divinorum
447 1817 559 1870 operum
582 1799 757 1869 perfruentur
774 1802 888 1869 Deoqne
913 1799 1046 1854 conditori
1070 1799 1166 1853 laudes
1189 1798 1313 1854 accinent
1336 1803 1365 1852 et
1381 1796 1514 1851 mirabilia

162 1878 223 1945 ejus
242 1878 379 1933 docebunt
396 1880 478 1948 alios;
496 1878 671 1949 principibus,
690 1878 827 1947 praelatis,
846 1878 981 1933 nobilitati
999 1877 1031 1931 et*
1045 1878 1146 1946 optimo
1166 1876 1263 1945 cuique
1281 1873 1365 1940 chari,
1384 1874 1512 1943 qrramdiu

163 1955 265 2011 tuerint
282 1958 451 2028 superstites,
468 1966 600 2028 tantoque
617 1958 777 2011 remotiores
795 1965 876 2012 erunt
887 1975 904 2012 a
915 1958 1009 2012 multis
1026 1955 1223 2012 tentationibus
1242 1962 1270 2010 et
1287 1952 1392 2022 laqueis
1410 1953 1512 2009 diaboli

164 2044 193 2090 et
211 2035 352 2090 desideriis
370 2038 460 2093 multis
478 2037 617 2093 inutilibus
636 2044 664 2090 et
682 2037 798 2102 nocivis,
817 2053 887 2106 quae
906 2042 1033 2106 mergunt
1050 2034 1186 2090 homiuem
1204 2035 1232 2089 iu
1249 2031 1388 2090 interitum
1406 2039 1434 2085 et
1452 2049 1512 2102 per·
1578 2035 1585 2042 '

163 2114 294 2169 ditionem
316 2114 440 2186 viamque
464 2119 499 2172 ad
521 2117 629 2171 domum
655 2115 706 2169 Dei
731 2123 795 2183 post
824 2115 897 2169 hanc
921 2116 1002 2169 vitam
1024 2112 1218 2182 intersepiant,
1245 2116 1347 2181 quanto
1370 2108 1422 2164 sibi
1445 2110 1512 2180 ipsis

163 2209 256 2248 amore
273 2192 462 2264 philosophiae
479 2196 581 2250 fuerint
598 2195 739 2251 obstaculo
764 2196 798 2250 ad
817 2195 924 2249 divitias
947 2194 1143 2256 cumulandas).
1180 2193 1279 2248 Aribae
1296 2191 1516 2260 multiplicaretur

163 2273 194 2326 irs
211 2280 319 2327 scaeda
336 2276 426 2342 uberi,
455 2283 480 2331 et
498 2277 563 2331 benc
577 2275 716 2342 parantes
739 2282 831 2342 emant,
860 2282 891 2329 at
908 2274 1088 2340 annuncient,
1117 2273 1247 2343 pacatam
1272 2275 1362 2325 rectas
1378 2269 1517 2327 Doctrinae
1600 2313 1606 2324 ,

164 2350 243 2406 Deus
259 2357 361 2419 noda,
380 2359 406 2407 et
422 2370 479 2408 aaa
494 2361 536 2408 est
552 2354 684 2421 iniqnitas
701 2353 731 2407 in
749 2369 787 2407 co.

253 2455 328 2510 Nota
345 2456 393 2510 lX.
429 2457 480 2511 liic
502 2473 572 2511 unus
596 2456 706 2525 planeta
729 2473 811 2512 causa
836 2455 1006 2511 omnimodae
1029 2473 1095 2532 suae
1118 2456 1258 2511 sanctatis
1275 2461 1336 2510 tam
1351 2452 1514 2524 epicyclicae

167 2553 250 2606 qnam
272 2536 440 2592 ecceutricae
463 2543 635 2606 comparatur
659 2551 720 2588 cnm
743 2536 876 2591 sonitibus
900 2535 1016 2605 plurium
1035 2533 1205 2590 chordarum.
1240 2532 1272 2588 Id
1290 2548 1340 2603 per
1356 2548 1387 2586 se
1404 2547 1458 2585 nou
1476 2532 1516 2587 iu·

169 2621 263 2682 eptam
282 2623 331 2685 est,
350 2618 373 2670 si
392 2617 664 2686 epicyausabesset.
700 2614 769 2667 Nam
788 2614 868 2668 enam
886 2612 953 2667 milri
970 2614 1040 2669 libro
1053 2613 1085 2668 V.
1105 2631 1163 2682 cap.
1183 2613 1207 2668 6.
1226 2611 1354 2681 planetae
1371 2626 1455 2667 cansa
1472 2628 1516 2668 so·

168 2690 222 2746 lius
240 2693 408 2749 eccentrirae
427 2694 600 2756 volutationis
619 2710 679 2748 cum
697 2692 820 2763 pluribus
839 2692 948 2750 chordis
966 2699 1164 2760 comparantur.
1463 2711 1465 2716 ·

255 2789 330 2845 Nota
355 2790 389 2845 X.
435 2789 505 2859 Quid
532 2790 559 2845 iu
586 2791 638 2847 hac
665 2790 866 2860 comparatione
892 2788 1063 2859 planetarum
1090 2787 1257 2859 singulomm
1283 2803 1344 2843 cum
1371 2788 1516 2857 gauenbus

167 2873 265 2920 cautus
290 2868 377 2939 tribus
401 2867 547 2924 desiderari
571 2872 658 2939 possit
682 2872 715 2926 ab
734 2888 780 2939 eo,
807 2870 854 2939 qui
877 2870 968 2925 omnia
990 2867 1156 2938 excusserit,
1184 2866 1349 2925 dictumest
1377 2867 1518 2938 arl'caput

166 2945 320 3001 Ptolemaei
339 2951 380 3004 il.
399 2948 427 3002 in
445 2949 517 3003 notis
534 2951 560 3017 2,
578 2952 594 3005 4
615 2957 642 3005 et
660 2952 684 3004 5.

255 3044 329 3099 Nota
346 3044 394 3099 Xl.
435 3045 494 3098 Hae
520 3045 711 3113 proportiones
736 3045 934 3101 revolutionum
956 3041 1164 3113 epicyelicarum
1191 3040 1296 3095 numeri
1319 3038 1354 3095 ad
1377 3054 1517 3095 numerum

166 3124 379 3180 eeceutricorum
397 3122 486 3179 adhuc
503 3123 588 3178 multo
606 3126 692 3193 magis
710 3140 791 3193 quam
809 3140 892 3193 supra
916 3124 1018 3178 dierum
1042 3123 1070 3176 iu
1091 3121 1209 3191 periodis
1232 3118 1364 3175 mentales
1386 3127 1450 3174 suat
1466 3132 1518 3174 uec

166 3203 250 3257 rebus
272 3203 339 3274 ipsis
362 3204 466 3271 insunt,
494 3203 532 3257 ric
555 3209 586 3258 ut
608 3204 758 3272 comparari
781 3205 897 3271 possint.
933 3202 1003 3258 Nam
1021 3201 1087 3271 quid
1112 3200 1209 3257 attinet
1226 3200 1297 3253 inter
1314 3213 1343 3253 se
1361 3210 1518 3268 comparare

167 3283 284 3352 angulos
307 3278 418 3337 diurnos
443 3279 479 3334 ad
501 3286 623 3335 centrum
647 3281 761 3350 epinycli
784 3297 845 3336 cum
868 3281 975 3336 diurnis
994 3280 1028 3334 ad
1045 3287 1170 3345 centrum
1197 3277 1353 3345 accentrici,
1381 3294 1398 3331 a
1430 3277 1517 3333 centri

168 3362 284 3432 epicycli
301 3369 377 3417 motu
395 3359 539 3423 subternis,
557 3376 618 3413 cum
636 3359 730 3415 oculus
749 3358 840 3412 nullus
859 3359 895 3413 sit
913 3359 942 3413 in
960 3367 1054 3415 centm
1072 3359 1206 3429 epicycli‘l
1242 3356 1358 3411 Perinde
1376 3356 1447 3411 enim
1464 3356 1518 3413 hoc

169 3449 224 3509 est,
249 3457 283 3496 ac
300 3439 325 3494 si
342 3438 403 3507 quis
420 3437 490 3492 iuter
507 3452 537 3492 se
556 3452 712 3506 comparare
731 3438 795 3493 velit
812 3454 905 3493 vocem
932 3439 1020 3508 pueri,
1047 3439 1199 3495 discentum
1221 3435 1342 3489 canentis
1360 3434 1389 3488 iu
1407 3434 1518 3504 templo,

170 3537 232 3575 cnm
249 3520 329 3587 louge
353 3517 448 3571 dissita
465 3531 532 3583 voce
550 3514 651 3584 vigilis,
677 3515 770 3569 horam
794 3516 999 3585 pronunciantis
1018 3518 1051 3572 de
1070 3516 1149 3580 turri,
1178 3520 1209 3568 ut
1226 3521 1343 3570 taceam.
1372 3512 1445 3580 quod
1463 3511 1518 3579 epi·

170 3600 261 3669 cyclus
279 3595 371 3651 nullus
390 3602 439 3649 est.
478 3593 618 3661 Quomodo
638 3609 699 3647 vero
718 3602 809 3648 motus
827 3594 946 3649 Telluris
964 3594 1140 3659 ecccntricus,
1161 3609 1214 3661 qno
1233 3591 1339 3645 tollitur
1352 3590 1444 3655 ¹omnis
1463 3589 1518 3658 epi·

170 3678 272 3749 cyclus,
293 3681 464 3744 comparetur
481 3689 542 3727 curu
560 3672 677 3725 motibus
695 3679 854 3740 ceterorum,
873 3672 901 3726 id
913 3672 941 3727 in
959 3675 1125 3728 astronomia
1137 3671 1286 3727 Ptolemaei
1303 3669 1446 3725 dicendum
1463 3685 1519 3722 non

170 3766 221 3824 est,
241 3754 342 3810 dictum
360 3770 424 3808 vero
443 3759 485 3808 est
503 3769 520 3806 a
537 3766 580 3805 me
598 3751 665 3805 libro
684 3750 716 3805 V.

257 3851 331 3905 Nota
347 3848 409 3903 XII.
444 3849 497 3901 Hic
519 3864 602 3901 uuum
620 3863 635 3901 e
653 3846 789 3917 scrupulis
806 3847 956 3903 Ptolemaei
977 3846 1162 3903 infestissimis
1185 3844 1332 3914 eliminavi,
1357 3844 1433 3900 nulla
1454 3860 1519 3900 usus

170 3929 408 4001 tergiversatione,
428 3926 501 3996 quod
519 3926 589 3980 isoio
602 3926 787 3982 Ptolemaeum
804 3943 932 3982 recusare
946 3927 1176 3996 comparationem
1194 3922 1430 3979 retrocedentium.
1448 3922 1519 3978 Nam

170 4025 255 4066 causa
272 4023 353 4076 quam
372 4005 471 4073 aliero,
495 4004 567 4074 quod
586 4022 640 4060 non
659 4004 761 4074 possim
779 4005 859 4060 aliter
875 4006 910 4060 ob
929 4006 1087 4075 luminaria,
1106 4021 1189 4062 causa
1206 4002 1282 4058 nulla
1298 4008 1352 4057 est:
1375 4003 1429 4055 imo
1448 4016 1518 4055 com-

170 4085 341 4159 parationem
360 4087 446 4155 ipsam
465 4084 587 4152 destruit,
608 4085 708 4153 qaippe
726 4082 928 4153 impossibilem.

257 4184 333 4238 Nota
349 4181 423 4236 XIII.
456 4180 509 4234 llic
521 4180 655 4235 iudicatur
670 4196 725 4235 nna
742 4189 847 4237 tautum
859 4183 931 4236 inter
948 4181 1026 4236 binos
1038 4181 1142 4236 vicinos
1160 4177 1308 4248 proportio,
1326 4182 1447 4231 motuum
1464 4191 1520 4230 non

170 4270 367 4353 extremorum,
382 4258 429 4314 sed
447 4260 682 4327 internodiorum,
701 4275 751 4316 nec
764 4261 939 4326 sincerarum,
958 4260 1007 4314 sed
1024 4257 1170 4328 phantasia
1183 4256 1330 4326 epinyclica
1341 4254 1519 4322 iubatorum,

171 4342 382 4412 comparationis
395 4346 483 4394 tamen
502 4340 598 4394 modus
615 4348 689 4395 recte
702 4339 784 4394 habet
801 4344 829 4392 et
847 4344 890 4393 est
907 4337 1024 4393 causalis
1037 4353 1085 4392 sen
1099 4336 1301 4404 archetypicus:
1318 4332 1432 4388 eaedem
1449 4333 1520 4388 euim

171 4431 237 4479 sunt
254 4417 413 4475 harmoniae
431 4418 592 4485 abstractae,
611 4426 639 4471 et
657 4434 727 4487 quae
744 4419 816 4474 inter
833 4424 924 4473 motus
940 4417 1065 4472 binorum
1082 4416 1254 4486 planetarum
1270 4420 1408 4468 extremos
1426 4427 1443 4466 a
1460 4414 1519 4467 Deo

170 4502 284 4557 fuerunt
301 4504 428 4565 statutae,
447 4505 475 4551 et
492 4512 562 4565 quae
580 4496 687 4551 animae
702 4496 836 4551 hnmanae
852 4495 1040 4566 implantatae,
1060 4503 1092 4551 ut
1108 4495 1170 4550 illas
1186 4496 1257 4549 inter
1275 4508 1355 4546 voces
1373 4507 1518 4562 recognos-

172 4588 246 4637 ceret
264 4586 292 4634 et
310 4576 446 4647 probaret.

259 4675 334 4730 Nota
351 4674 423 4727 XIV.
459 4672 521 4727 Etsi
545 4671 589 4727 hic
611 4675 791 4726 secernuntur
813 4669 920 4739 aliquae
941 4666 1110 4737 planetarum
1133 4666 1305 4722 harmonicae
1329 4665 1519 4734 proportiones

172 4771 228 4810 non
244 4753 300 4808 alia
318 4767 361 4822 re,
379 4750 431 4806 nisi
448 4751 605 4805 diversitate
624 4748 799 4802 terminorum
817 4763 902 4803 causa
919 4746 1047 4817 epicycli,
1065 4745 1138 4817 qnod
1156 4745 1315 4800 altrinsecus
1335 4749 1408 4798 stant
1425 4742 1519 4812 plane·

172 4842 228 4904 tae,
247 4833 347 4904 quibus
366 4831 503 4902 epicyclns
520 4837 570 4900 est,
589 4829 725 4899 eragioue
737 4827 872 4899 planetae,
891 4827 939 4899 qui
956 4836 1051 4883 carent
1068 4825 1190 4901 epicydo
1208 4824 1265 4893 tali,
1284 4822 1331 4898 qui
1349 4819 1520 4897 superiusin
