3567 5625
252 427 314 492 456
345 405 348 420 .
722 427 887 497 Appendiois
904 427 1129 483 Harmouieorum

252 609 280 664 in
305 610 372 666 aire
396 623 468 683 puro
492 608 599 679 minor,
631 606 659 664 ln
685 604 792 681 rapido
822 621 936 664 rursum
964 608 1075 679 minor,
1106 612 1172 682 post
1202 606 1232 661 iu
1254 620 1346 679 aqua,
1378 607 1449 660 tunc
1472 599 1500 658 in
1525 596 1601 670 oleo,

252 693 359 754 electro
383 704 412 754 et
434 694 590 770 crystall03
619 695 664 752 sin
688 693 878 764 densitatem,
908 692 979 752 ordo
1003 695 1057 753 erit
1088 692 1177 762 alius,
1209 694 1269 750 ais'ri
1291 686 1429 750 suecedet
1451 689 1550 746 oleum
1573 695 1603 744 et

251 781 397 842 electrum.
424 781 491 840 huic
514 799 600 858 aqua,
626 791 695 841 tunc
720 784 835 854 vitrum,
860 780 1026 858 crystallus,
1050 779 1186 850 adornas,
1210 778 1278 837 inde
1301 794 1409 854 opaca,
1432 775 1492 847 sal,
1517 792 1603 848 roag-

251 887 320 941 nes,
349 881 499 940 stannum,
531 871 655 940 lerrum,
682 886 820 944 cuprum,
844 877 1015 946 argentum,
1038 867 1208 944 plumbum,
1232 865 1457 943 hydrargyrum,
1488 879 1602 921 aarum.

253 957 336 1015 Adeo
359 965 464 1016 natura
487 956 557 1014 nihil
584 958 695 1016 confert
718 956 755 1013 ad
779 959 996 1032 quaternarium
1012 964 1094 1014 tuum
1108 954 1260 1030 graduum.
1306 949 1492 1026 Relinquitur
1514 951 1604 1024 igitur

253 1046 326 1104 haec
349 1044 574 1121 quadripartitio
598 1053 649 1103 tuo
673 1044 802 1101 arbitrio.
848 1044 951 1119 Neque
974 1053 1070 1102 tamen
1095 1060 1182 1118 super
1205 1059 1240 1101 eo
1264 1049 1292 1100 te
1316 1040 1525 1109 condemnavi,
1551 1036 1602 1094 sed

252 1133 420 1210 comparavi
445 1143 525 1190 tuam
548 1129 717 1189 methodum
741 1140 770 1189 et
794 1148 869 1205 quae
894 1130 973 1189 illam
996 1129 1208 1205 ingrediuntor,
1233 1133 1299 1189 curu
1323 1145 1406 1206 mea,
1427 1125 1516 1201 idque
1541 1123 1603 1184 leo·

251 1223 321 1279 toris
344 1218 494 1290 erudiendi
519 1234 623 1290 causa,
646 1235 833 1294 nequaquam
857 1219 945 1294 igitur
967 1219 1143 1277 inconsulte.

340 1306 391 1365 Ad
415 1305 601 1383 Analysin
624 1304 731 1363 XXll.
776 1304 847 1364 tam
870 1305 908 1366 ad
931 1304 1152 1381 praecedentem
1168 1301 1302 1380 analysin
1319 1309 1364 1359 est
1382 1299 1502 1370 dictum,
1526 1298 1602 1357 bane

252 1403 348 1454 textus
377 1394 550 1470 particulam
581 1393 737 1452 cohaerere
765 1409 868 1452 sensus
898 1410 987 1450 eausa
1014 1409 1081 1452 eum
1111 1393 1260 1468 superiori.
1307 1389 1427 1448 Frustra
1456 1389 1545 1460 igitur
1574 1396 1602 1443 te

252 1484 363 1553 munis,
395 1481 539 1551 Roberte,
568 1498 625 1538 non
650 1479 776 1538 advenio
800 1489 1001 1556 oppugnator,
1030 1477 1081 1538 sed
1105 1480 1232 1556 hospes,
1263 1478 1377 1535 eminus
1406 1484 1435 1533 to
1456 1473 1602 1532 salutans.

251 1569 326 1629 Num
357 1571 412 1626 etsi
439 1569 551 1627 nullam
582 1566 732 1626 attulisses
760 1569 920 1644 rationem,
951 1584 1002 1626 cnr
1023 1567 1155 1642 singulas
1184 1566 1318 1639 regiones
1342 1565 1510 1632 triaeeares,
1544 1577 1602 1618 non

251 1655 318 1715 ideo
343 1664 370 1714 te
394 1654 643 1733 reprehenderem,
667 1652 814 1713 sufficeret
826 1655 906 1726 mihi,
931 1664 959 1713 et
986 1656 1040 1714 boc
1064 1663 1091 1714 et
1108 1653 1294 1732 praecedenti
1311 1659 1393 1709 textu
1415 1657 1603 1714 monstrasse,

253 1752 281 1803 te
304 1744 423 1801 arbitrio
446 1746 488 1801 uti
510 1744 541 1801 in
567 1742 802 1801 distinctionibus
825 1745 892 1814 tuis,
916 1744 1026 1818 quippo
1049 1745 1098 1819 qui
1122 1758 1198 1800 nano
1221 1737 1421 1815 quadriseees,
1448 1753 1526 1794 mirre
1550 1738 1603 1793 tri·

253 1849 342 1889 seces.
389 1829 516 1888 Multum
538 1839 568 1887 ct
591 1833 653 1905 ipse
676 1830 772 1888 tribuo
796 1829 977 1906 archetypali
1000 1829 1137 1887 'l'rinitati
1161 1824 1362 1902 ineffigiando
1379 1823 1495 1896 mundo,
1521 1823 1600 1899 quod

254 1907 378 1995 Epitom.
404 1919 521 1975 Astron.
545 1915 618 1974 libro
640 1916 694 1977 IV.
719 1916 841 1993 explico.
886 1915 982 1976 Tuam
1005 1917 1124 1992 quidem
1141 1916 1374 1974 distributionem
1392 1912 1503 1972 dierum
1520 1929 1603 1970 crea·

255 2006 344 2063 tionis
360 2007 434 2064 inter
449 2020 589 2082 personas
605 2004 757 2063 'l'rinltatls
772 2013 976 2063 sacrosanctae
994 2008 1158 2063 transmitto
1176 2001 1331 2077 theologis,
1355 2018 1411 2075 ego
1434 1997 1479 2058 sat
1496 1999 1602 2069 babeo,

254 2094 279 2151 ai
312 2094 340 2148 in
364 2093 430 2168 ipsa
460 2092 554 2168 figura
583 2092 682 2151 mundi
712 2094 800 2166 inque
830 2094 994 2168 praecipuis
1025 2092 1089 2167 ejus
1112 2091 1248 2151 membris
1277 2088 1425 2166 quandam
1449 2087 1605 2145 exhibeam

254 2179 476 2238 similitudinem
499 2187 705 2238 sacrosanctae
727 2178 887 2236 Trinitatis.

342 2264 375 2324 Si
399 2268 528 2324 trisectio
551 2265 708 2341 cujuslibet
730 2265 865 2325 elementi
888 2264 1050 2340 probabilis
1078 2284 1111 2324 ex
1137 2283 1172 2324 eo
1194 2264 1242 2331 fir,
1271 2261 1350 2339 quod
1375 2261 1489 2321 coelum
1514 2279 1604 2337 supe-

254 2369 318 2411 rum
341 2352 446 2429 triplex
469 2371 535 2412 esse
557 2353 742 2430 perhibetur,
766 2363 842 2420 esto,
867 2369 924 2410 non
948 2370 1003 2427 ego
1029 2352 1058 2410 id
1080 2355 1205 2429 negari,
1236 2369 1303 2409 narn
1327 2349 1407 2408 aliud
1429 2357 1474 2409 est
1495 2351 1605 2424 proba·

255 2440 354 2499 bilitas
377 2443 513 2513 rationis,
538 2440 574 2500 de
599 2458 658 2516 qua
681 2448 712 2498 tu
735 2439 799 2506 hic,
822 2439 905 2499 aliud
924 2441 1127 2514 probabilitas
1148 2457 1306 2516 amanum,
1338 2455 1427 2513 quam
1450 2454 1506 2510 ego
1530 2454 1605 2512 nego

253 2545 306 2603 per
338 2530 437 2585 omnia
465 2531 558 2604 sequi.
605 2528 672 2600 Ale,
703 2533 730 2585 te
762 2527 797 2585 de
823 2530 1020 2602 proportione
1042 2528 1176 2588 locatam
1199 2528 1355 2586 actionum
1378 2532 1406 2582 et
1426 2527 1606 2597 passionum

252 2617 332 2673 inter
354 2618 518 2674 materiam
541 2623 568 2674 et
588 2616 741 2692 sarnam,
769 2631 832 2673 non
859 2614 895 2671 de
917 2614 1100 2674 dimersione
1128 2615 1370 2673 intervallorum.
1417 2614 1510 2688 Atqui
1538 2628 1606 2669 seo-

253 2718 339 2760 suum
363 2702 556 2778 probabilitas
578 2720 616 2761 ue
639 2704 682 2761 sio
705 2700 822 2778 quidem
847 2703 954 2776 ubique
971 2704 1109 2776 sequitur.
1157 2702 1240 2761 Adria
1257 2700 1375 2776 quidem
1397 2706 1454 2758 tres
1470 2700 1606 2775 regiones

145 2779 148 2788 ’
256 2787 450 2865 qualitatihus
474 2788 690 2867 quodammodo
714 2788 866 2849 distinctas
888 2788 978 2849 habet
1002 2789 1189 2859 Aristotcles,
1218 2789 1269 2848 sed
1292 2788 1381 2847 habet
1409 2789 1471 2846 sina
1495 2786 1606 2846 invidia

257 2875 466 2936 hodiernorum
489 2878 746 2955 pbilosoplrornm3
770 2887 800 2936 at
824 2880 852 2934 in
875 2880 942 2951 igne
967 2877 1012 2936 rel
1036 2897 1122 2953 aqua,
1148 2887 1179 2936 ut
1202 2880 1231 2935 in
1256 2894 1363 2952 niagno
1380 2892 1511 2947 oceano,
1537 2874 1606 2951 quid

256 2981 368 3040 quaeso
397 2972 426 3023 te
458 2981 493 3023 ex
523 2966 658 3024 sensibus
689 2965 848 3040 allegabis,
884 2964 960 3024 unde
982 2966 1104 3043 probes,
1134 2966 1217 3024 aliter
1243 2966 1378 3041 superius
1405 2974 1607 3040 comparatum

256 3068 325 3110 eum
354 3053 519 3110 actionibus
548 3059 578 3112 et
606 3053 795 3129 passionibus
823 3052 934 3112 formae
964 3053 993 3110 in
1015 3055 1183 3124 materiam,
1214 3050 1297 3111 aliter
1328 3054 1355 3110 in
1379 3049 1491 3122 medio,
1524 3050 1607 3109 aliter

256 3138 381 3214 denique
404 3140 433 3195 in
456 3138 554 3208 lundo,
579 3138 777 3214 etquodnam
801 3141 927 3213 signum,
951 3156 1037 3215 quem
1061 3144 1214 3200 terminum
1238 3157 1297 3214 quo
1319 3137 1386 3198 loeo
1409 3155 1511 3216 pones,
1535 3154 1607 3195 con·

256 3226 328 3283 linia
351 3224 576 3300 distinguentem
599 3225 712 3286 mediae
734 3228 862 3302 regionis
886 3243 953 3284 eum
976 3231 1121 3301 extremis,
1146 3232 1216 3303 qnia
1234 3230 1376 3285 mensuris
1392 3227 1606 3302 quantitativia,

255 3311 434 3387 aequalitate
459 3312 505 3372 rel
527 3316 714 3389 proportione
737 3316 876 3372 continua
901 3317 1113 3386 constantibus,
1138 3323 1199 3374 tute
1219 3318 1283 3391 ipse
1302 3315 1364 3391 jam
1387 3312 1475 3372 modo
1498 3330 1608 3372 renuu-

260 3401 353 3460 eiasti.
399 3398 457 3459 Sed
480 3400 551 3476 quid
574 3417 629 3477 ego
653 3401 760 3459 trustra
784 3400 911 3473 teneor?
956 3402 1069 3462 Fateris
1092 3419 1160 3462 ecee
1176 3404 1239 3479 ipae
1253 3401 1501 3476 probabilitatem
1516 3401 1608 3473 bajus

258 3487 458 3546 distinotionis
479 3506 543 3548 non
565 3504 623 3546 esse
645 3489 678 3545 in
701 3504 799 3561 sensa,
822 3488 873 3546 sed
892 3492 996 3563 potina
1016 3492 1051 3548 in
1072 3491 1239 3564 intellectn;
1262 3490 1367 3547 lrustra
1383 3487 1514 3565 quidem,
1537 3486 1607 3546 nihil

259 3576 337 3632 enim
359 3581 404 3634 est
426 3577 455 3631 in
479 3574 629 3634 intellectu
653 3592 768 3647 rerum,
804 3575 881 3650 quod
905 3593 962 3633 non
986 3579 1024 3635 sit
1046 3579 1075 3634 in
1098 3594 1143 3647 re,
1174 3594 1250 3654 quae
1282 3584 1327 3635 ast
1350 3584 1448 3647 extra,
1482 3576 1541 3634 hoc
1564 3583 1608 3634 est

259 3664 287 3718 in
312 3661 478 3722 sensilibus.
523 3661 581 3721 Sed
605 3679 641 3720 ne
665 3662 735 3738 quid
758 3670 839 3722 extra
861 3672 961 3738 septa3
985 3662 1056 3723 illud
1081 3664 1228 3738 dicebam,
1251 3664 1358 3723 frustra
1381 3675 1409 3722 te
1434 3665 1520 3721 irasci
1544 3681 1607 3722 meo

260 3748 339 3807 dicto
363 3748 399 3807 de
421 3751 479 3807 tuis
503 3748 757 3824 distinctionibus,
782 3767 847 3808 cum
871 3749 899 3807 id
922 3752 985 3826 ipse
1008 3769 1140 3828 usurpes.

348 3834 399 3893 Ad
424 3835 602 3912 Analysiu
627 3835 748 3894 XXIII.
796 3835 881 3910 Quod
906 3840 1089 3913 potissimum
1121 3838 1260 3913 urgebam
1288 3839 1317 3893 in
1341 3836 1397 3894 hac
1419 3837 1608 3896 conclusione

258 3925 345 3980 unius
370 3926 606 3999 comparationis,
630 3935 743 3981 tuarum
765 3926 912 3981 unitatum
934 3942 1084 3987 mensuras
1107 3943 1171 3984 esse
1193 3924 1429 3983 indeterminatas
1452 3944 1469 3983 a
1494 3934 1607 3999 natura,

260 4009 290 4068 id
314 4008 401 4068 video
433 4019 461 4069 te
484 4012 576 4070 taeita
597 4011 803 4086 praetentione
835 4009 1003 4071 concedere.
1049 4013 1138 4072 lieete
1161 4014 1248 4089 igitur
1279 4011 1369 4070 habet
1397 4029 1463 4071 mea
1486 4032 1609 4089 compa-

259 4098 345 4156 ratio.
393 4096 515 4173 Accipio
538 4105 635 4156 tamen
667 4097 720 4156 aba
743 4105 771 4156 te
794 4100 957 4158 auctarium
981 4099 1053 4159 illud
1077 4102 1328 4175 comparationum
1350 4116 1498 4173 mearum,
1530 4100 1609 4178 quod

228 4200 230 4207 ’
260 4201 372 4256 mones,
397 4185 449 4243 tibi
474 4185 562 4243 etiam
585 4194 682 4242 motus
705 4201 769 4244 esse
791 4188 967 4262 propositos,
991 4188 1065 4247 inter
1088 4205 1162 4263 quos
1183 4189 1221 4246 sit
1244 4187 1404 4259 harmonia,
1431 4204 1488 4245 nou
1514 4193 1610 4247 minus

260 4289 348 4347 quam
371 4271 451 4344 mihi,
476 4271 528 4330 sed
551 4281 617 4330 tuos
640 4280 736 4330 motus
760 4289 824 4332 esse
847 4275 1039 4346 universales,
1061 4292 1125 4335 esse
1141 4283 1245 4333 motus
1266 4276 1471 4334 alterationem
1495 4287 1525 4335 et
1541 4294 1609 4352 pcr-

258 4359 428 4430 leetionum,
452 4375 532 4417 meos
556 4375 621 4417 essa
643 4360 841 4435 particulares.
889 4362 1011 4438 Accipio
1034 4371 1063 4420 et
1085 4361 1246 4421 concludo:
1273 4364 1314 4419 tui
1337 4364 1425 4436 igitur
1448 4362 1610 4423 dimensio·

259 4447 348 4505 nibus
371 4446 586 4504 mathematicis
608 4463 666 4504 uon
691 4446 864 4521 subduntur,
887 4459 919 4506 at
939 4452 995 4507 mei
1019 4449 1191 4525 subduntur,
1218 4460 1403 4527 quapropter,
1427 4459 1459 4508 ut
1481 4454 1609 4510 maxime

261 4532 428 4605 concedam,
452 4533 519 4592 illos
542 4544 608 4593 tuos
632 4542 729 4593 motus
751 4553 789 4594 ax
812 4535 861 4593 illo
884 4554 980 4594 rerunt
1003 4554 1107 4611 genere
1123 4555 1197 4610 esse,
1222 4536 1300 4613 quod
1321 4540 1525 4613 proportiones
1541 4539 1608 4598 har·

257 4623 391 4680 monicae
413 4629 526 4693 certas,
557 4630 630 4698 puta
653 4621 834 4681 diatessaron
859 4621 905 4681 rel
929 4624 1064 4700 diapente
1088 4627 1222 4702 recipiat,
1246 4633 1278 4683 at
1299 4625 1411 4696 inedia,
1444 4628 1554 4702 quihus
1577 4638 1606 4684 tu
1650 4613 1658 4621 ’

261 4706 364 4767 harum
388 4709 550 4785 quamlibet
572 4708 608 4767 de
630 4712 776 4785 praesenti
800 4709 904 4769 adesse
927 4710 1033 4783 discas,
1056 4713 1139 4770 nulla
1161 4719 1237 4771 suut.
1283 4712 1349 4774 Hoc
1372 4714 1468 4790 ipsum
1491 4732 1606 4773 monere

259 4795 383 4856 lectores
412 4799 469 4861 mei
499 4805 544 4855 est
577 4799 727 4879 propositi.
772 4797 847 4856 Nam
879 4797 915 4855 de
945 4799 1073 4859 motibus
1103 4800 1309 4860 alterationum
1341 4819 1377 4858 ax
1398 4801 1532 4876 professo
1561 4803 1604 4878 egi
