3567 5625
286 370 349 429 ute
496 392 503 407 ι
644 354 647 361 ’
698 364 740 420 De
759 360 1023 433 Gonfgnrationibus
1041 362 1219 418 Hmmonieis.

1273 506 1280 531 i

285 543 432 621 diapente,
454 542 632 620 sesquadrns
653 551 753 603 sexus
776 542 867 617 molli,
890 541 1054 618 biqointilis
1067 549 1168 601 sextae
1184 539 1284 614 durae,
1307 543 1460 619 oppositus
1475 541 1636 620 diapason3

285 633 355 707 quia
377 634 404 690 si
425 631 541 690 auferas
564 649 582 689 a
604 629 713 690 chorda
735 638 798 691 tota
820 636 934 690 tantam
955 632 1137 706 portionem,
1167 636 1307 704 quantam
1330 631 1494 706 portionem
1518 631 1555 690 de
1577 633 1638 690 cir-

285 719 351 779 culo
375 718 468 778 aufert
491 718 615 794 quilibet
636 725 789 795 aspectus,
820 717 969 779 residuum
993 715 1120 783 chordae
1149 717 1219 775 facit
1241 734 1306 775 cnm
1329 724 1392 775 tota
1422 717 1505 776 illam
1528 735 1637 777 conso-

285 808 429 879 nantiam,
460 822 536 882 quae
558 805 607 864 hic
628 805 748 866 cuilibet
771 809 904 883 aspectui
927 815 972 864 est
994 804 1152 880 adscripta.
1198 802 1272 862 Cum
1302 806 1390 879 igitur
1421 822 1558 864 numerus
1581 809 1637 865 iste

283 896 465 974 septenarius
488 892 777 967 concordantiarum,
809 912 862 954 sen
885 896 984 970 potius
1007 894 1171 950 sectionum
1195 891 1444 965 harmonicarum,
1476 911 1550 968 quas
1573 896 1637 951 sio-

236 1048 242 1060 ,
283 983 369 1058 gulas
391 980 524 1057 singulae
547 981 772 1041 concordantiae
794 983 869 1040 infra
892 981 1036 1058 diapason
1060 981 1264 1053 insequuntur,
1286 982 1438 1038 cenassit
1460 989 1489 1039 et
1512 981 1636 1041 demon·

284 1065 434 1142 strativus,
456 1086 516 1127 non
538 1071 635 1127 minus
658 1087 746 1145 quem
768 1072 859 1128 estin
876 1070 1037 1144 geometria
1053 1083 1192 1125 numerus
1209 1068 1361 1141 quinarios
1378 1084 1529 1142 corporum
1547 1087 1638 1144 regn-

284 1156 397 1233 leripm,
420 1164 454 1215 nt
474 1155 549 1214 libro
571 1156 626 1214 Ill.
650 1174 714 1233 cap.
740 1159 769 1215 2.
792 1160 903 1233 patuit:
932 1162 1009 1214 esset
1032 1155 1122 1229 igitur
1143 1157 1218 1212 ratio
1243 1152 1459 1237 demonstrandi
1483 1174 1638 1216 nanterum

180 1266 184 1275 ·
283 1250 458 1320 aspectuum
484 1242 578 1302 facilis
610 1251 640 1302 et
668 1243 806 1321 expedita
833 1261 885 1321 per
907 1249 1073 1320 susceptum
1104 1240 1160 1299 boc
1187 1244 1320 1315 axioma,
1351 1258 1408 1301 nec
1436 1244 1539 1304 fnisset
1561 1262 1638 1321 opus

284 1347 408 1408 operoso
430 1334 488 1389 isto
510 1347 654 1390 novorum
676 1334 855 1390 axiomatnm
879 1332 945 1389 libri
967 1330 1021 1389 lV.
1044 1335 1198 1406 apparatu.

369 1418 407 1477 Et
428 1435 500 1477 sane
522 1420 547 1476 si
571 1420 791 1478 observationes
812 1418 1058 1495 meteorologlcae
1081 1418 1151 1475 hnic
1172 1417 1337 1491 septenario
1365 1425 1538 1492 aspectuum
1560 1420 1637 1477 fuis-

283 1512 349 1564 sent
370 1505 547 1582 astipulatae
571 1524 605 1565 ex
629 1524 710 1577 esse,
733 1508 949 1582 acquievissem
972 1522 1028 1580 ego
1050 1506 1080 1559 in
1102 1520 1192 1579 supra
1213 1505 1310 1579 posito
1334 1506 1494 1579 axiomata,
1521 1524 1576 1565 nec
1600 1506 1636 1567 de

284 1594 335 1664 iis,
367 1610 443 1668 qnae
474 1611 509 1653 ex
532 1596 678 1651 rationum
705 1593 939 1653 harmonicorum
969 1602 1033 1652 ortu
1065 1607 1161 1667 exque
1190 1591 1409 1667 metepirysicae
1433 1611 1540 1653 caueae
1563 1612 1638 1653 eon·

284 1679 462 1739 sideratione
484 1689 621 1758 poterant
643 1682 745 1756 objici,
778 1680 864 1741 valde
887 1681 1007 1740 inissem
1029 1677 1183 1737 sollicitus.
1228 1677 1287 1738 Sed
1310 1681 1383 1755 quia
1403 1682 1503 1740 crebro
1530 1681 1638 1759 depre-

284 1767 408 1826 hensum
431 1775 484 1841 eet,
509 1778 641 1827 naturam
665 1768 851 1828 sublunarem
875 1767 1020 1827 stimulari
1042 1768 1161 1825 ctiama
1176 1768 1340 1838 semisexto,
1365 1770 1416 1843 qui
1432 1767 1639 1829 duodecimam

283 1863 396 1932 partem
428 1856 528 1914 circuli
555 1858 715 1932 intercipit,
748 1874 815 1915 cnm
837 1864 945 1929 tamen,
969 1853 1070 1913 ablata
1091 1856 1226 1929 portione
1250 1852 1423 1913 duodecima
1455 1855 1491 1915 de
1515 1857 1636 1931 chorda,

283 1942 432 2001 residuum
462 1945 588 2019 partium
619 1943 753 2003 undecim
781 1961 841 2003 oon
873 1950 1015 2003 consonet
1042 1958 1110 2000 cum
1141 1948 1221 2012 tota,
1252 1950 1282 2000 et
1303 1945 1375 2016 quia
1397 1942 1504 2003 infidae
1526 1944 1636 2021 depre-

283 2028 394 2088 bensae
415 2041 482 2089 sunt
506 2029 756 2091 exstimulationes
780 2040 1000 2109 tempestatum,
1014 2046 1065 2106 per
1086 2027 1294 2105 sesquadrnm,
1327 2032 1378 2106 qui
1401 2030 1553 2107 dispungit
1575 2041 1637 2092 tres

176 2118 182 2132 '
284 2124 406 2176 octavas
429 2118 543 2189 circuli,
568 2136 633 2176 cnm
657 2127 762 2188 tamen,
787 2120 895 2178 oblatio
918 2120 1011 2177 tubus
1034 2117 1147 2174 octavis
1171 2114 1207 2174 de
1230 2115 1347 2189 chorda,
1370 2118 1518 2176 residuum
1543 2121 1561 2177 b
1584 2137 1639 2179 cc-

283 2212 417 2263 tavarum
441 2208 559 2264 omnino
583 2215 722 2266 consonet
745 2223 811 2265 cum
834 2214 897 2265 tota
922 2209 956 2279 8,
981 2206 1050 2263 hinc
1072 2210 1137 2262 orta
1159 2201 1230 2260 mihi
1252 2204 1307 2261 fnit
1329 2209 1505 2275 necessitas,
1530 2224 1637 2266 causas

285 2289 434 2351 dissensus
457 2301 487 2351 et
510 2293 688 2352 diversitatis
718 2294 805 2371 htrjus
834 2295 891 2353 hoc
915 2294 967 2352 IV.
991 2291 1065 2349 libro
1088 2290 1212 2349 rimandi
1245 2292 1425 2367 profundius.
1471 2291 1558 2366 Quod
1581 2298 1639 2354 etsi

284 2386 361 2439 recte
388 2387 538 2456 peractum
569 2388 598 2439 ct
630 2398 735 2440 causas
766 2382 943 2441 clarissimas
972 2388 1070 2439 erutas
1093 2381 1242 2448 existimo,
1275 2398 1417 2438 sommam
1441 2389 1539 2439 tamen
1572 2380 1639 2440 dis·

284 2469 445 2543 putationis
469 2471 559 2526 totius
581 2470 686 2528 iterato
708 2470 857 2530 inculcare
880 2486 938 2527 non
962 2468 1108 2537 nocnerit,
1131 2483 1196 2523 cum
1220 2464 1249 2522 id
1272 2469 1400 2541 requirat
1423 2470 1556 2527 instituta
1581 2469 1640 2529 boo

186 2633 189 2642 Ι
285 2552 352 2613 loco
375 2555 533 2631 explicatio
556 2572 672 2630 eornm,
696 2559 825 2631 quaein
847 2554 1039 2637 praeambulo
1063 2552 1263 2627 Ephemeridis
1287 2557 1431 2614 concisius
1454 2564 1523 2613 sunt
1547 2556 1637 2618 dicta.

372 2642 471 2702 Causa
492 2643 591 2718 igitur,
615 2660 665 2702 cnr
679 2660 747 2715 non,
771 2653 845 2720 quot
867 2652 936 2703 sont
956 2647 986 2702 in
1002 2643 1114 2699 musica
1128 2642 1273 2701 sectiones
1295 2642 1490 2712 harmonicae,
1514 2642 1638 2704 totidem

285 2729 374 2785 ctiam
398 2732 456 2788 sint
478 2737 629 2806 aspectus,
664 2733 705 2789 uti
729 2748 824 2807 usqne
846 2733 884 2791 ad
907 2747 1017 2791 annum
1043 2728 1135 2786 1608.
1159 2727 1353 2801 credideram,
1376 2738 1422 2788 eet
1443 2729 1532 2809 lraec,
1562 2735 1640 2807 quin

283 2819 402 2876 musica
424 2820 589 2893 septenarii
611 2821 660 2877 aui
678 2823 839 2897 principio
860 2819 1014 2880 nonnullo
1037 2834 1073 2875 cn
1094 2820 1163 2890 ipro
1182 2818 1362 2876 rectitudine
1383 2818 1512 2878 mordeo
1533 2820 1638 2893 ιεαὴίε,

284 2919 354 2962 mern
376 2906 521 2978 escator,
551 2908 585 2963 in
608 2924 669 2981 quo
689 2915 833 2967 notamus
855 2916 1004 2984 aspectus,
1032 2909 1066 2962 in
1094 2919 1124 2961 se
1145 2907 1246 2978 ipsum
1268 2905 1383 2978 redeat,
1413 2924 1469 2964 nec
1489 2911 1582 2980 possit
1602 2916 1641 2966 ut

285 3007 322 3050 ec
350 2991 477 3050 chordae
505 2995 547 3050 sic
578 2996 670 3051 etiem
700 3014 736 3054 ec
766 2996 883 3056 zodiaci
911 2995 1032 3054 residem
1061 2992 1126 3067 pieri
1154 2992 1286 3050 circulus
1314 2994 1402 3051 ahur.
1449 2994 1547 3053 Verba
1568 3005 1640 3054 stunt

286 3077 428 3138 dictorum
451 3078 678 3155 prolegomenon
706 3081 757 3141 foi.
782 3085 841 3161 35,
871 3100 948 3158 qnae
977 3083 1019 3140 sic
1042 3076 1216 3153 explicanda
1242 3087 1319 3137 sunt
1363 3081 1439 3139 Nam
1462 3091 1494 3139 nt
1516 3099 1581 3158 cap,
1606 3086 1638 3143 4.

286 3165 373 3241 hujus
396 3166 522 3239 dictum,
554 3168 640 3225 aliter
663 3171 793 3228 oriuntur
816 3175 962 3232 sectiones
984 3167 1186 3239 harmonicae,
1217 3167 1301 3225 aliter
1329 3178 1479 3245 aspectus,
1509 3168 1578 3228 licet
1600 3187 1639 3228 ex

286 3253 390 3313 eodem
414 3254 523 3314 circulo
547 3256 677 3315 oriantur
698 3260 822 3334 utrique.
868 3258 944 3316 Nam
965 3257 1041 3313 libro
1055 3253 1111 3312 ΙΙΙ.
1134 3257 1176 3312 sic
1198 3263 1366 3330 comparata
1389 3264 1457 3315 sunt
1478 3260 1638 3330 axiomata,

286 3348 320 3399 ut
341 3341 492 3416 quaelibet
514 3337 622 3401 chorda
644 3345 829 3421 chordasque
852 3361 929 3421 pars,
953 3362 1005 3403 sen
1020 3343 1110 3416 longa
1124 3359 1176 3401 seu
1191 3341 1297 3414 brevis,
1320 3346 1413 3420 possit
1428 3347 1531 3402 iterum
1555 3362 1640 3403 com-

285 3431 380 3504 parari
406 3432 459 3488 toti
483 3430 600 3502 circulo,
623 3449 682 3491 non
705 3435 800 3502 minus
823 3451 912 3509 quam
937 3442 1000 3490 tota
1022 3447 1072 3490 sen
1097 3430 1268 3506 longissima
1285 3430 1395 3489 chorda
1417 3432 1511 3490 eidem
1528 3433 1639 3491 circulo

286 3518 527 3593 comparabatnr3
550 3528 581 3575 at
602 3517 659 3577 boc
680 3519 756 3578 libro
779 3520 833 3578 IV.
856 3538 915 3579 non
939 3520 1036 3596 potuit
1058 3534 1143 3577 arcus
1165 3518 1282 3589 drouli,
1314 3534 1366 3576 eeu
1388 3520 1482 3594 major
1505 3524 1639 3579 semicir-

287 3602 354 3662 culo
377 3622 430 3662 seu
452 3607 562 3682 minor,
594 3610 755 3682 comparari
783 3612 847 3666 toti.
892 3609 1000 3666 Dicam
1029 3604 1152 3664 clarius:
1176 3611 1362 3681 quotcunque
1390 3607 1484 3666 modia
1512 3607 1640 3666 circulus

287 3688 428 3749 dividitur·
451 3691 694 3767 demonstrative,
725 3710 826 3754 omncs
847 3696 894 3754 illi
916 3694 996 3754 modi
1018 3700 1143 3771 possunt
1164 3694 1310 3751 transferri
1338 3696 1366 3749 in
1390 3693 1497 3754 lineam
1519 3703 1639 3767 rectam,

288 3777 345 3837 hoc
375 3786 421 3837 est
447 3778 585 3837 chordam
618 3782 743 3857 ejusque
773 3790 886 3858 partem
919 3797 1134 3860 quamcunque.
1180 3781 1221 3838 at
1247 3796 1306 3838 non
1335 3783 1378 3852 sic
1400 3781 1507 3841 divisio
1537 3781 1640 3842 cirmli

287 3868 378 3924 totius
402 3864 646 3942 demonstrativa,
681 3870 761 3928 verbi
785 3887 876 3930 cansa
898 3874 927 3929 in
951 3873 1008 3928 tria
1037 3871 1140 3927 autin
1163 3870 1308 3942 quinque,
1339 3875 1438 3944 potest
1460 3869 1526 3929 ideo
1549 3872 1639 3930 etiam

288 3954 318 4009 ln
340 3969 439 4011 arcum
469 3954 533 4029 ejus
557 3973 760 4032 quemcunque
789 3957 953 4031 transferri,
981 3956 1061 4032 quod
1088 3957 1160 4013 satis
1189 3963 1233 4012 est
1255 3955 1483 4015 demonstratum
1514 3961 1543 4014 in
1568 3975 1640 4034 pro-

287 4041 485 4117 positionibus
508 4042 619 4100 ultimis
641 4043 708 4101 libri
731 4047 824 4122 primi.
870 4048 970 4107 Causa
991 4052 1036 4106 est
1058 4046 1087 4100 in
1111 4042 1216 4117 figora:
1240 4050 1319 4101 recte
1336 4046 1412 4101 enim
1434 4055 1533 4104 manet
1548 4055 1638 4119 recta,

287 4132 351 4187 sive
382 4134 530 4188 nuscetur
556 4134 620 4190 sive
649 4130 856 4210 prolongetur3
889 4146 921 4196 et
951 4132 1076 4194 circulus
1104 4138 1254 4189 truncatus
1285 4147 1342 4188 non
1374 4143 1473 4190 manet
1502 4133 1637 4191 circulus.

285 4215 382 4274 Datur
403 4218 493 4292 igitur
514 4220 604 4278 sectio
627 4222 853 4295 proportionalis
883 4225 1019 4283 binarum
1048 4235 1286 4294 quarumcunque
1315 4227 1472 4289 rectarum,
1501 4219 1587 4279 datur
1610 4228 1639 4278 et

203 4373 207 4384 ⁸
288 4304 422 4362 binorum
445 4321 685 4383 quorumcunque
708 4308 890 4385 circulorum,
914 4310 965 4371 scd
989 4325 1047 4367 non
1064 4305 1149 4364 detur
1171 4306 1303 4364 binorum
1327 4323 1566 4385 quorumcunque
1589 4325 1638 4366 ar·

288 4408 374 4450 cuum
402 4393 490 4451 nnius
519 4393 627 4452 circuli.
672 4394 756 4455 Haec
783 4399 826 4458 sic
857 4401 895 4459 ad
924 4397 1107 4476 propositum
1135 4394 1406 4452 accommodantur:
1437 4398 1462 4452 si
1490 4394 1638 4453 dividatur

288 4478 399 4537 chorda
419 4481 452 4536 in
472 4489 571 4557 partes
594 4489 670 4554 octo,
694 4483 839 4546 divisione
862 4505 903 4547 sc.
919 4485 1019 4545 circuli
1036 4482 1274 4551 demonstrativa,
1299 4499 1358 4540 una
1373 4489 1479 4540 octava
1496 4490 1638 4541 consonat

215 4619 220 4634 ,
289 4583 355 4625 cum
377 4573 454 4638 tota,
486 4576 648 4628 consonant
671 4578 700 4628 et
721 4578 780 4631 tres
803 4583 936 4646 octavae,
959 4578 1126 4648 propterea,
1156 4571 1226 4644 qnia
1247 4586 1307 4627 una
1329 4577 1436 4628 octava
1462 4569 1562 4628 circuli
1585 4570 1638 4629 de-

288 4656 480 4714 monstrative
503 4657 627 4716 rescindi
650 4665 763 4733 potest,
785 4669 819 4720 ut
842 4671 872 4721 et
895 4675 953 4724 tres
977 4667 1109 4718 octavae.
1156 4656 1263 4713 iiatlem
1288 4657 1517 4715 demonstrativa
1540 4657 1637 4716 deter-

288 4743 409 4800 minatio
432 4751 476 4801 εει
500 4748 588 4804 etiam
611 4747 686 4804 inter
708 4762 822 4822 causas,
856 4766 907 4807 cnr
930 4746 1026 4807 octilis
1050 4753 1080 4803 et
1101 4745 1235 4802 trioctilis
1258 4748 1317 4802 sint
1331 4745 1473 4803 efficaces.
1520 4746 1560 4802 At
1583 4745 1637 4803 hoc

290 4835 334 4888 est
357 4827 526 4910 discrimen,
557 4831 636 4908 qnod
658 4834 719 4894 illic
742 4837 871 4922 nondum
894 4845 940 4897 est
962 4835 1122 4895 constituta
1143 4834 1234 4892 sectio
1257 4831 1438 4906 harmonica,
1469 4833 1526 4890 nisi
1549 4835 1635 4898 etiam
