3567 5625
564 490 741 547 Harmonicis.
777 491 860 549 Liber
871 492 920 549 Ill.
932 493 1028 561 .Csput
1039 491 1088 547 XI.
1382 528 1385 537 ι
1436 495 1497 555 171

155 688 212 744 uus,
236 677 268 729 ut
291 676 397 731 octava
418 672 536 749 pr'opter
558 672 741 733 identitatem
761 679 1028 750 repraesentaretur
1050 689 1069 732 a
1090 672 1186 750 prima
1207 670 1324 748 syllaba
1338 668 1406 747 Bo,
1427 665 1500 744 quid

155 775 260 834 quaeso
284 757 459 818 desiderat
450 777 480 816 ιιι
503 759 595 820 literis
617 779 654 834 o,
685 760 720 839 h,
749 778 779 834 e,
811 760 847 833 d,
870 780 901 836 e,
923 761 959 836 f,
982 780 1020 840 p,
1044 759 1106 837 jam
1131 756 1270 818 dudum
1261 775 1291 816 ιιι
1314 755 1499 817 Ιιιιιιοίιιιιιιι

155 845 297 923 receptis?

236 933 311 992 Cum
339 935 427 1009 igitur
454 932 512 993 hoc
534 933 621 995 modo
649 936 710 997 sint
737 940 824 997 ustae
851 951 905 994 sea
926 933 1059 1012 syllabae
1089 938 1208 1012 propter
1240 930 1384 1008 triplicem
1407 935 1500 990 tetra·

156 1020 248 1080 ehordi
279 1020 417 1097 formam,
447 1020 515 1081 inde
544 1031 614 1082 nata
644 1029 689 1082 est
717 1021 848 1082 doctrina
876 1014 1071 1083 mutationum
1107 1039 1159 1100 per
1192 1019 1301 1079 scalam
1330 1018 1501 1079 musicalem

155 1109 327 1180 modernam,
355 1126 431 1185 quac
455 1109 586 1169 doctrina
607 1109 790 1170 solummodo
814 1112 890 1170 circa
912 1109 1043 1189 syllabas
1065 1110 1140 1186 hae,
1169 1108 1260 1168 literis
1289 1108 1423 1184 superisa
1448 1123 1501 1164 ex·

157 1196 269 1273 plicatis
292 1197 452 1289 aptandas,
486 1205 662 1301 occupatur,
686 1196 871 1274 ostenditque
900 1198 1060 1276 superfluas
1082 1196 1213 1276 syllabas
1237 1194 1308 1268 Sol,
1336 1197 1368 1255 le
1398 1195 1503 1268 aequi·

157 1284 261 1360 pollere
284 1274 429 1344 interdurr'r
450 1286 550 1362 primis
571 1293 623 1361 ut,
652 1303 699 1360 re,
733 1284 879 1345 interdum
909 1283 1150 1357 succedentibus,
1182 1301 1232 1358 re,
1261 1286 1319 1356 mi,
1349 1288 1381 1340 ut
1407 1282 1501 1359 possit
1550 1273 1556 1281 '

155 1372 294 1431 interdum
317 1380 399 1432 extra
422 1373 551 1434 ordinem
574 1382 603 1434 et
624 1374 687 1432 sine
709 1376 871 1437 mutatione
894 1382 962 1450 post
983 1373 1043 1446 sol,
1067 1374 1099 1432 lo
1121 1371 1286 1448 interrito.

1086 1492 1169 1530 ιιιι
1200 1487 1335 1529 manns

314 1564 340 1615 1.
385 1561 411 1615 2.
447 1562 473 1617 3.
514 1562 540 1616 4.
576 1564 601 1616 5.
637 1562 662 1616 d.
709 1562 734 1615 7.
783 1562 807 1615 6.
912 1569 1131 1581 ...-..-

308 1631 353 1699 Ut,
370 1649 412 1700 re,
430 1634 482 1699 ssi,
499 1636 543 1702 so,
562 1633 612 1699 sol,
638 1634 679 1700 lo,
702 1632 749 1700 fa
781 1633 817 1686 lo
855 1575 1355 1745 ΞΘ-Ξξῦᾞῌὶἷ

308 1702 753 1772 Ut,re,mi‚ut,re,ml‚fo,
777 1702 821 1755 nsi.
930 1773 1149 1825 ᾙΙΗΜ
1150 1770 1326 1815 ΜΗ

233 1863 289 1921 Est
312 1881 382 1947 vero
406 1872 435 1923 ct
456 1864 516 1925 alia
538 1864 683 1942 quaedam
699 1860 849 1922 dissimilis
864 1866 1023 1927 similitudo
1045 1862 1304 1938 tetrachordorum,
1327 1860 1503 1921 fundamen·

155 1959 211 2009 tum
234 1952 456 2037 assimilationis
480 1952 660 2013 diversorum
682 1948 915 2015 modulationum
936 1956 1012 2015 inter
1027 1970 1059 2013 se
1080 1953 1304 2024 concinentium,
1329 1967 1403 2028 quas
1417 1949 1503 2025 iuges

156 2050 181 2096 et
200 2037 376 2115 phantasias
398 2040 494 2102 solent
515 2039 673 2118 appellare.
718 2038 793 2098 Nam
816 2042 842 2100 si
864 2060 965 2103 sumas
988 2039 1172 2102 tetrachorda
1195 2042 1335 2115 contigua
1364 2036 1505 2112 nulloque

155 2126 307 2186 intervallo
330 2145 349 2187 a
370 2145 402 2187 se
424 2129 549 2188 invicem
573 2128 736 2206 disJunota,
767 2127 809 2185 sio
830 2135 864 2187 ot
885 2137 973 2191 tonus
996 2129 1091 2204 maJor
1117 2129 1245 2204 supersit
1267 2126 1305 2187 ad
1328 2124 1506 2203 implendam

156 2222 288 2273 octavam
310 2232 400 2292 supra
421 2215 470 2275 rel
493 2218 580 2291 inira,
610 2221 741 2276 occurret
774 2216 802 2270 iu
827 2220 913 2279 certis
937 2216 1113 2295 quibusdam
1143 2223 1267 2275 octavae
1295 2214 1506 2292 systematibus

156 2343 201 2351 -
242 2332 330 2363 ⁴——
803 2308 938 2382 utriuque
961 2308 1050 2366 series
1073 2303 1176 2364 eadem
1201 2301 1422 2362 intervallorum
1444 2298 1506 2359 ele·

155 2323 760 2526 -ἓῖιξὲἰηῗέξὲἓ
804 2397 993 2538 menteriurlu,
1021 2393 1078 2537 hott
1103 2397 1148 2451 est
1175 2385 1507 2537 fmimmiium’ddii'

1025 2491 1027 2496 ·
1130 2499 1137 2513 ·
1240 2495 1319 2535 sum
1344 2493 1378 2534 ur
1460 2491 1507 2533 a·

232 2550 368 2671 ffiffl'n
400 2552 495 2687 ‘Tenus
513 2588 652 2649 adjunctus.
805 2483 1143 2642 :gffmssimffimfflrr'
1168 2496 1208 2624 ‘in
1221 2495 1289 2641 apsro
1314 2494 1419 2639 quarti
1441 2559 1506 2620 elfl-

276 2692 396 2742 semiton
689 2708 693 2713 .
807 2658 1025 2733 ciaturquinta‚
1050 2662 1170 2730 quartae
1186 2651 1270 2712 alteri
1290 2647 1507 2727 quodammodo

238 2762 367 2831 putens
392 2695 542 2820 iuer
460 2728 542 2775 ¹³¹¹¹¹⁰¹
543 2692 627 2823 ’Ξ
805 2744 927 2818 similis,
959 2749 988 2803 et
1015 2740 1160 2816 melodiae
1188 2740 1278 2815 duae,
1308 2737 1401 2797 altera
1427 2737 1506 2814 prior

240 2859 258 2910 3
240 2833 450 2882 ascensorium
602 2825 626 2918 ξ
806 2839 952 2909 tempore,
983 2829 1171 2889 intervallum
1200 2827 1338 2903 diapente
1364 2826 1507 2901 superius,

807 2918 900 2980 altera
921 2919 1064 3063 poetersior
1079 2924 1217 2995 tempore,
1241 2912 1427 2974 intervallum
1442 2910 1508 2970 dia·

1054 3007 1061 3022 '
1173 3021 1187 3061 r
1227 3010 1306 3061 rrunt
1405 3001 1509 3060 sterior

241 3069 400 3174 {Diaeta
534 3093 553 3127 ¹·
806 3014 940 3174 {hihihhil
962 3008 1285 3170 ihiehhzhs,peetwqua
1312 3018 1403 3163 licei?
1429 3085 1509 3146 illius

242 3159 451 3249 {Sentinatem
604 3172 620 3196 ⁰
807 3190 910 3259 typum
933 3182 1016 3241 velut
1038 3180 1117 3240 iilius
1140 3176 1257 3239 aemula
1273 3175 1419 3254 quaedam
1441 3176 1509 3232 inii-

242 3231 375 3304 E'otlemit
360 3257 437 3388 ⁰an
467 3292 555 3351 major.
603 3245 620 3318 ξ
807 3277 883 3328 tans·

242 3289 262 3338 9
280 3325 390 3377 Lemma.
439 3329 445 3340 “

727 3615 868 3690 CAPUT
895 3612 948 3684 xl.

537 3763 582 3817 De
610 3768 838 3832 systematum
866 3756 1128 3827 compositione.
1487 3757 1501 3787 θ

243 3940 307 4000 Etsi
330 3944 419 4000 unius
441 3941 568 4000 hominis
590 3959 650 4001 vor
673 3940 843 4017 plerumque
867 3941 941 3999 inter
963 3939 1051 3997 unius
1075 3942 1199 3996 octavae
1221 3943 1352 4014 systema
1380 3937 1510 4008 vertitur,

155 4027 285 4105 plurium
308 4036 406 4088 tamon
429 4027 621 4089 melodiarum
643 4036 800 4089 concentus
824 4027 911 4087 docet
932 4033 1054 4087 octavas
1076 4024 1174 4102 plures
1191 4026 1344 4100 contiguae
1366 4021 1510 4083 ordinare.

156 4116 281 4175 Veteres
310 4118 412 4192 igitur,
443 4133 627 4176 numerorum
656 4115 860 4176 affectionibus
884 4117 983 4174 omnia
1005 4112 1190 4184 definientes,
1221 4109 1363 4190 diapason
1396 4110 1511 4189 opidis-

156 4208 244 4279 pente
267 4206 395 4263 numeria
421 4206 452 4274 1,
477 4207 513 4276 2,
538 4207 556 4262 3
581 4210 711 4282 systema
732 4205 892 4282 perlectum
916 4202 1126 4277 definiverunt3
1148 4200 1234 4260 nohis
1255 4217 1344 4277 supra
1367 4201 1511 4262 sectiones

155 4290 344 4351 harmonicae
375 4291 522 4367 singulae·
540 4291 658 4367 singula
686 4291 874 4351 reddiderunt
901 4296 1076 4368 systemata,
1108 4303 1232 4364 qnorum
1262 4293 1325 4346 erat
1352 4287 1511 4344 marimum

157 4378 544 4457 disdiapasonepidiapente,
567 4380 694 4439 numeris
721 4384 751 4453 l,
777 4380 812 4449 h,
838 4379 873 4451 6,
898 4380 952 4437 etsi
976 4379 1084 4434 nostris
1106 4375 1309 4452 comperistis,
1337 4382 1371 4430 ut
1391 4380 1511 4450 vocant,

155 4465 240 4526 limes
265 4465 363 4525 nullus
386 4475 430 4525 est
452 4469 578 4543 positus,
611 4467 681 4526 dum
704 4465 846 4525 melodias
869 4467 1056 4524 concinentes
1079 4461 1290 4538 multiplicant3
1319 4459 1398 4534 quod
1421 4462 1511 4519 etiam

156 4554 281 4612 Creator
304 4555 384 4614 Deus
407 4556 435 4610 in
460 4556 726 4633 contemperatione
748 4562 880 4613 motuum
904 4551 1073 4613 coelestium
1096 4550 1230 4626 praeivit,
1253 4555 1412 4623 systemate
1433 4547 1510 4606 laeto

156 4657 192 4699 ex
213 4649 331 4718 septem
354 4640 497 4718 diapason
528 4650 558 4702 et
585 4659 621 4701 eo
652 4641 788 4718 amplius.
833 4639 1033 4700 Vemntamen
1064 4638 1135 4714 quia
1155 4636 1205 4694 hic
1227 4637 1428 4711 componimus
1458 4653 1510 4712 sy-

155 4736 270 4802 stema,
292 4735 325 4786 ut
348 4744 448 4788 omues
471 4732 588 4792 omuino
612 4731 819 4789 consonantias
840 4726 1040 4805 speculemur,
1069 4723 1228 4803 periectas,
1252 4723 1449 4798 imperfectas,
1472 4722 1510 4781 ad

156 4814 213 4874 hoc
238 4832 314 4894 opus
336 4815 483 4875 sufficiunt
505 4818 592 4876 nohis
615 4815 673 4875 dno
697 4815 840 4893 diapason
862 4816 891 4873 iu
915 4832 1004 4875 uuum
1028 4813 1191 4890 composita
1213 4807 1408 4882 intervallum,
1431 4810 1512 4884 quod

154 4907 247 4964 etiam
270 4902 456 4963 Ptolemaeus
477 4904 638 4980 perlectum
653 4909 781 4982 systema
795 4901 965 4984 appellarit,
989 4904 1018 4960 iu
1041 4901 1127 4974 hisne,
1152 4899 1201 4978 qui
1217 4898 1357 4973 sequitur,
1380 4896 1510 4957 modum.
