<?xml version="1.0" encoding="UTF-8"?>
<!DOCTYPE html PUBLIC "-//W3C//DTD XHTML 1.0 Transitional//EN"
    "http://www.w3.org/TR/xhtml1/DTD/xhtml1-transitional.dtd">
<html xmlns="http://www.w3.org/1999/xhtml" xml:lang="en" lang="en">
 <head>
  <title>
</title>
<meta http-equiv="Content-Type" content="text/html;charset=utf-8" />
  <meta name='ocr-system' content='tesseract 3.04.00' />
  <meta name='ocr-capabilities' content='ocr_page ocr_carea ocr_par ocr_line ocrx_word'/>
</head>
<body>
  <div class='ocr_page' id='page_1' title='image "./joanniskepleria24frisgoog_0158.png"; bbox 0 0 3567 5625; ppageno 0'>
   <div class='ocr_carea' id='block_1_1' title="bbox 170 395 1041 530">
    <p class='ocr_par' dir='ltr' id='par_1_1' title="bbox 170 395 1041 530">
     <span class='ocr_line' id='line_1_1' title="bbox 170 395 1041 530; baseline -0.007 -39"><span class='ocrx_word' id='word_1_1' title='bbox 170 395 173 408; x_wconf 55' lang='lat'><strong>¹</strong></span> <span class='ocrx_word' id='word_1_2' title='bbox 224 429 286 491; x_wconf 84' lang='lat' dir='ltr'><strong>tas</strong></span> <span class='ocrx_word' id='word_1_3' title='bbox 360 517 363 530; x_wconf 70' lang='lat'><strong>,</strong></span> <span class='ocrx_word' id='word_1_4' title='bbox 720 475 725 484; x_wconf 87' lang='lat'>.</span> <span class='ocrx_word' id='word_1_5' title='bbox 756 430 1041 503; x_wconf 62' lang='lat' dir='ltr'><strong>summersam</strong></span> 
     </span>
    </p>
   </div>
   <div class='ocr_carea' id='block_1_2' title="bbox 163 599 1591 1955">
    <p class='ocr_par' dir='ltr' id='par_1_2' title="bbox 163 599 1579 828">
     <span class='ocr_line' id='line_1_2' title="bbox 310 599 1576 675; baseline 0 -20"><span class='ocrx_word' id='word_1_6' title='bbox 310 599 342 655; x_wconf 88' lang='lat' dir='ltr'><strong>In</strong></span> <span class='ocrx_word' id='word_1_7' title='bbox 360 599 496 656; x_wconf 87' lang='lat' dir='ltr'><strong>abstracto</strong></span> <span class='ocrx_word' id='word_1_8' title='bbox 514 601 554 658; x_wconf 85' lang='lat' dir='ltr'><strong>sic</strong></span> <span class='ocrx_word' id='word_1_9' title='bbox 571 601 745 673; x_wconf 67' lang='lat' dir='ltr'><strong>intelligatur,</strong></span> <span class='ocrx_word' id='word_1_10' title='bbox 763 606 836 675; x_wconf 90' lang='lat' dir='ltr'><strong>quod</strong></span> <span class='ocrx_word' id='word_1_11' title='bbox 847 606 967 661; x_wconf 79' lang='lat' dir='ltr'><strong>circulm</strong></span> <span class='ocrx_word' id='word_1_12' title='bbox 983 621 1046 662; x_wconf 87' lang='lat' dir='ltr'><strong>cum</strong></span> <span class='ocrx_word' id='word_1_13' title='bbox 1063 613 1142 675; x_wconf 82' lang='lat' dir='ltr'><strong>parts</strong></span> <span class='ocrx_word' id='word_1_14' title='bbox 1158 613 1209 660; x_wconf 83' lang='lat' dir='ltr'><strong>sus</strong></span> <span class='ocrx_word' id='word_1_15' title='bbox 1227 605 1376 661; x_wconf 89' lang='lat' dir='ltr'><strong>constituat</strong></span> <span class='ocrx_word' id='word_1_16' title='bbox 1387 600 1576 673; x_wconf 67' lang='lat' dir='ltr'><strong>proportiones</strong></span> 
     </span>
     <span class='ocr_line' id='line_1_3' title="bbox 224 677 1579 756; baseline 0.001 -24"><span class='ocrx_word' id='word_1_17' title='bbox 224 683 312 732; x_wconf 86' lang='lat' dir='ltr'><strong>certas</strong></span> <span class='ocrx_word' id='word_1_18' title='bbox 330 677 513 747; x_wconf 73' lang='lat' dir='ltr'><strong>harmonicas,</strong></span> <span class='ocrx_word' id='word_1_19' title='bbox 541 697 623 750; x_wconf 89' lang='lat' dir='ltr'><strong>quae,</strong></span> <span class='ocrx_word' id='word_1_20' title='bbox 648 682 675 737; x_wconf 92' lang='lat' dir='ltr'><strong>iu</strong></span> <span class='ocrx_word' id='word_1_21' title='bbox 695 684 902 756; x_wconf 75' lang='lat' dir='ltr'><strong>quibuscunque</strong></span> <span class='ocrx_word' id='word_1_22' title='bbox 919 685 1092 742; x_wconf 73' lang='lat' dir='ltr'><strong>inveniantur</strong></span> <span class='ocrx_word' id='word_1_23' title='bbox 1113 682 1234 738; x_wconf 78' lang='lat' dir='ltr'><strong>terminu</strong></span> <span class='ocrx_word' id='word_1_24' title='bbox 1261 683 1333 751; x_wconf 88' lang='lat' dir='ltr'><strong>aliis,</strong></span> <span class='ocrx_word' id='word_1_25' title='bbox 1356 696 1407 737; x_wconf 85' lang='lat' dir='ltr'><strong>seu</strong></span> <span class='ocrx_word' id='word_1_26' title='bbox 1430 678 1504 736; x_wconf 88' lang='lat' dir='ltr'><strong>souis</strong></span> <span class='ocrx_word' id='word_1_27' title='bbox 1529 694 1579 735; x_wconf 90' lang='lat' dir='ltr'><strong>seu</strong></span> 
     </span>
     <span class='ocr_line' id='line_1_4' title="bbox 163 756 854 828; baseline 0.01 -17"><span class='ocrx_word' id='word_1_28' title='bbox 163 811 167 818; x_wconf 43' lang='lat'><strong>,</strong></span> <span class='ocrx_word' id='word_1_29' title='bbox 225 756 344 812; x_wconf 90' lang='lat' dir='ltr'><strong>motibus</strong></span> <span class='ocrx_word' id='word_1_30' title='bbox 363 756 458 825; x_wconf 81' lang='lat' dir='ltr'><strong>mittis,</strong></span> <span class='ocrx_word' id='word_1_31' title='bbox 477 773 584 828; x_wconf 89' lang='lat' dir='ltr'><strong>semper</strong></span> <span class='ocrx_word' id='word_1_32' title='bbox 601 759 656 814; x_wconf 88' lang='lat' dir='ltr'><strong>siut</strong></span> <span class='ocrx_word' id='word_1_33' title='bbox 673 761 854 818; x_wconf 83' lang='lat' dir='ltr'><strong>harmonicae.</strong></span> 
     </span>
    </p>

    <p class='ocr_par' dir='ltr' id='par_1_3' title="bbox 227 834 1582 1148">
     <span class='ocr_line' id='line_1_5' title="bbox 313 834 1581 911; baseline 0.003 -23"><span class='ocrx_word' id='word_1_34' title='bbox 313 834 428 889; x_wconf 80' lang='lat' dir='ltr'><strong>Additur</strong></span> <span class='ocrx_word' id='word_1_35' title='bbox 445 844 536 890; x_wconf 90' lang='lat' dir='ltr'><strong>autem</strong></span> <span class='ocrx_word' id='word_1_36' title='bbox 555 837 608 892; x_wconf 91' lang='lat' dir='ltr'><strong>hoc</strong></span> <span class='ocrx_word' id='word_1_37' title='bbox 626 840 731 896; x_wconf 88' lang='lat' dir='ltr'><strong>axioma</strong></span> <span class='ocrx_word' id='word_1_38' title='bbox 748 842 823 904; x_wconf 86' lang='lat' dir='ltr'><strong>ideo,</strong></span> <span class='ocrx_word' id='word_1_39' title='bbox 852 842 916 911; x_wconf 89' lang='lat' dir='ltr'><strong>quia</strong></span> <span class='ocrx_word' id='word_1_40' title='bbox 935 858 989 899; x_wconf 92' lang='lat' dir='ltr'><strong>nou</strong></span> <span class='ocrx_word' id='word_1_41' title='bbox 1008 855 1101 895; x_wconf 89' lang='lat' dir='ltr'><strong>omues</strong></span> <span class='ocrx_word' id='word_1_42' title='bbox 1126 840 1317 911; x_wconf 81' lang='lat' dir='ltr'><strong>proportiones</strong></span> <span class='ocrx_word' id='word_1_43' title='bbox 1342 839 1516 894; x_wconf 73' lang='lat' dir='ltr'><strong>harmonicae</strong></span> <span class='ocrx_word' id='word_1_44' title='bbox 1534 852 1581 892; x_wconf 87' lang='lat' dir='ltr'><strong>ran·</strong></span> 
     </span>
     <span class='ocr_line' id='line_1_6' title="bbox 227 913 1582 989; baseline 0.001 -21"><span class='ocrx_word' id='word_1_45' title='bbox 227 913 342 968; x_wconf 83' lang='lat' dir='ltr'><strong>mediate</strong></span> <span class='ocrx_word' id='word_1_46' title='bbox 368 929 401 969; x_wconf 90' lang='lat' dir='ltr'><strong>ex</strong></span> <span class='ocrx_word' id='word_1_47' title='bbox 420 913 480 982; x_wconf 92' lang='lat' dir='ltr'><strong>ipso</strong></span> <span class='ocrx_word' id='word_1_48' title='bbox 499 914 600 970; x_wconf 86' lang='lat' dir='ltr'><strong>circulo</strong></span> <span class='ocrx_word' id='word_1_49' title='bbox 625 919 749 975; x_wconf 81' lang='lat' dir='ltr'><strong>oriamur</strong></span> <span class='ocrx_word' id='word_1_50' title='bbox 765 920 852 988; x_wconf 88' lang='lat' dir='ltr'><strong>prima</strong></span> <span class='ocrx_word' id='word_1_51' title='bbox 869 922 962 976; x_wconf 88' lang='lat' dir='ltr'><strong>statim</strong></span> <span class='ocrx_word' id='word_1_52' title='bbox 989 920 1049 989; x_wconf 86' lang='lat' dir='ltr'><strong>ejus</strong></span> <span class='ocrx_word' id='word_1_53' title='bbox 1071 920 1192 975; x_wconf 88' lang='lat' dir='ltr'><strong>sectione</strong></span> <span class='ocrx_word' id='word_1_54' title='bbox 1217 934 1266 988; x_wconf 90' lang='lat' dir='ltr'><strong>per</strong></span> <span class='ocrx_word' id='word_1_55' title='bbox 1283 917 1397 988; x_wconf 79' lang='lat' dir='ltr'><strong>figuram</strong></span> <span class='ocrx_word' id='word_1_56' title='bbox 1420 917 1582 988; x_wconf 75' lang='lat' dir='ltr'><strong>regulamus,</strong></span> 
     </span>
     <span class='ocr_line' id='line_1_7' title="bbox 228 992 1582 1069; baseline 0.001 -21"><span class='ocrx_word' id='word_1_57' title='bbox 228 992 275 1048; x_wconf 89' lang='lat' dir='ltr'><strong>sed</strong></span> <span class='ocrx_word' id='word_1_58' title='bbox 295 992 428 1049; x_wconf 82' lang='lat' dir='ltr'><strong>accedunt</strong></span> <span class='ocrx_word' id='word_1_59' title='bbox 445 994 552 1063; x_wconf 84' lang='lat' dir='ltr'><strong>aliquae</strong></span> <span class='ocrx_word' id='word_1_60' title='bbox 571 1011 606 1050; x_wconf 88' lang='lat' dir='ltr'><strong>ex</strong></span> <span class='ocrx_word' id='word_1_61' title='bbox 624 1012 654 1050; x_wconf 90' lang='lat' dir='ltr'><strong>se</strong></span> <span class='ocrx_word' id='word_1_62' title='bbox 672 997 806 1066; x_wconf 82' lang='lat' dir='ltr'><strong>prioribus</strong></span> <span class='ocrx_word' id='word_1_63' title='bbox 825 1007 994 1069; x_wconf 79' lang='lat' dir='ltr'><strong>propagatae</strong></span> <span class='ocrx_word' id='word_1_64' title='bbox 1012 1012 1099 1067; x_wconf 89' lang='lat' dir='ltr'><strong>usque</strong></span> <span class='ocrx_word' id='word_1_65' title='bbox 1117 998 1153 1053; x_wconf 91' lang='lat' dir='ltr'><strong>ad</strong></span> <span class='ocrx_word' id='word_1_66' title='bbox 1170 1005 1272 1053; x_wconf 86' lang='lat' dir='ltr'><strong>certam</strong></span> <span class='ocrx_word' id='word_1_67' title='bbox 1288 1007 1401 1061; x_wconf 87' lang='lat' dir='ltr'><strong>metam,</strong></span> <span class='ocrx_word' id='word_1_68' title='bbox 1426 1005 1457 1050; x_wconf 92' lang='lat' dir='ltr'><strong>ut</strong></span> <span class='ocrx_word' id='word_1_69' title='bbox 1474 996 1502 1050; x_wconf 91' lang='lat' dir='ltr'><strong>iu</strong></span> <span class='ocrx_word' id='word_1_70' title='bbox 1520 1011 1582 1067; x_wconf 90' lang='lat' dir='ltr'><strong>pro·</strong></span> 
     </span>
     <span class='ocr_line' id='line_1_8' title="bbox 227 1070 1172 1148; baseline 0.006 -23"><span class='ocrx_word' id='word_1_71' title='bbox 227 1070 406 1142; x_wconf 78' lang='lat' dir='ltr'><strong>positionibus</strong></span> <span class='ocrx_word' id='word_1_72' title='bbox 425 1073 582 1129; x_wconf 84' lang='lat' dir='ltr'><strong>ridebimus.</strong></span> <span class='ocrx_word' id='word_1_73' title='bbox 618 1076 691 1131; x_wconf 88' lang='lat' dir='ltr'><strong>Usus</strong></span> <span class='ocrx_word' id='word_1_74' title='bbox 708 1079 851 1134; x_wconf 84' lang='lat' dir='ltr'><strong>axiomatis</strong></span> <span class='ocrx_word' id='word_1_75' title='bbox 870 1079 957 1134; x_wconf 87' lang='lat' dir='ltr'><strong>estin</strong></span> <span class='ocrx_word' id='word_1_76' title='bbox 975 1090 1086 1148; x_wconf 86' lang='lat' dir='ltr'><strong>propos.</strong></span> <span class='ocrx_word' id='word_1_77' title='bbox 1104 1078 1130 1134; x_wconf 83' lang='lat'><strong>7.</strong></span> <span class='ocrx_word' id='word_1_78' title='bbox 1149 1078 1172 1131; x_wconf 87' lang='lat'><strong>8.</strong></span> 
     </span>
    </p>

    <p class='ocr_par' dir='ltr' id='par_1_4' title="bbox 227 1148 1586 1401">
     <span class='ocr_line' id='line_1_9' title="bbox 314 1148 1583 1223; baseline 0.001 -17"><span class='ocrx_word' id='word_1_79' title='bbox 314 1149 471 1209; x_wconf 81' lang='lat' dir='ltr'><strong>Axioma</strong></span> <span class='ocrx_word' id='word_1_80' title='bbox 497 1148 553 1207; x_wconf 79' lang='lat' dir='ltr'><strong>Vi:</strong></span> <span class='ocrx_word' id='word_1_81' title='bbox 594 1150 668 1211; x_wconf 84' lang='lat' dir='ltr'><strong>Cain</strong></span> <span class='ocrx_word' id='word_1_82' title='bbox 690 1149 763 1213; x_wconf 88' lang='lat' dir='ltr'><strong>duas</strong></span> <span class='ocrx_word' id='word_1_83' title='bbox 786 1153 912 1214; x_wconf 70' lang='lat' dir='ltr'><strong>mordas</strong></span> <span class='ocrx_word' id='word_1_84' title='bbox 934 1170 1024 1213; x_wconf 91' lang='lat' dir='ltr'><strong>sonos</strong></span> <span class='ocrx_word' id='word_1_85' title='bbox 1051 1150 1193 1212; x_wconf 88' lang='lat' dir='ltr'><strong>ediderint</strong></span> <span class='ocrx_word' id='word_1_86' title='bbox 1215 1151 1375 1223; x_wconf 89' lang='lat' dir='ltr'><strong>identicoa,</strong></span> <span class='ocrx_word' id='word_1_87' title='bbox 1406 1165 1465 1208; x_wconf 84' lang='lat' dir='ltr'><strong>rox</strong></span> <span class='ocrx_word' id='word_1_88' title='bbox 1488 1151 1583 1222; x_wconf 88' lang='lat' dir='ltr'><strong>tertia,</strong></span> 
     </span>
     <span class='ocr_line' id='line_1_10' title="bbox 228 1231 1586 1314; baseline 0.001 -19"><span class='ocrx_word' id='word_1_89' title='bbox 228 1250 391 1295; x_wconf 87' lang='lat' dir='ltr'><strong>consonans</strong></span> <span class='ocrx_word' id='word_1_90' title='bbox 413 1253 511 1297; x_wconf 89' lang='lat' dir='ltr'><strong>earum</strong></span> <span class='ocrx_word' id='word_1_91' title='bbox 534 1239 602 1310; x_wconf 91' lang='lat' dir='ltr'><strong>uni,</strong></span> <span class='ocrx_word' id='word_1_92' title='bbox 625 1241 798 1300; x_wconf 83' lang='lat' dir='ltr'><strong>consonabit</strong></span> <span class='ocrx_word' id='word_1_93' title='bbox 819 1252 849 1302; x_wconf 91' lang='lat' dir='ltr'><strong>st</strong></span> <span class='ocrx_word' id='word_1_94' title='bbox 869 1231 1147 1314; x_wconf 57' lang='lat' dir='ltr'><strong>alterisdissonans</strong></span> <span class='ocrx_word' id='word_1_95' title='bbox 1163 1256 1233 1300; x_wconf 81' lang='lat' dir='ltr'><strong>uero</strong></span> <span class='ocrx_word' id='word_1_96' title='bbox 1257 1239 1295 1298; x_wconf 91' lang='lat' dir='ltr'><strong>ab</strong></span> <span class='ocrx_word' id='word_1_97' title='bbox 1319 1253 1392 1311; x_wconf 88' lang='lat' dir='ltr'><strong>utra,</strong></span> <span class='ocrx_word' id='word_1_98' title='bbox 1424 1237 1586 1297; x_wconf 89' lang='lat' dir='ltr'><strong>dissonabit</strong></span> 
     </span>
     <span class='ocr_line' id='line_1_11' title="bbox 227 1321 1480 1401; baseline 0.003 -20"><span class='ocrx_word' id='word_1_99' title='bbox 227 1331 257 1381; x_wconf 91' lang='lat' dir='ltr'><strong>st</strong></span> <span class='ocrx_word' id='word_1_100' title='bbox 272 1322 310 1380; x_wconf 90' lang='lat' dir='ltr'><strong>ab</strong></span> <span class='ocrx_word' id='word_1_101' title='bbox 332 1321 433 1395; x_wconf 88' lang='lat' dir='ltr'><strong>altera,</strong></span> <span class='ocrx_word' id='word_1_102' title='bbox 456 1321 708 1401; x_wconf 79' lang='lat' dir='ltr'><strong>qualibuscunque</strong></span> <span class='ocrx_word' id='word_1_103' title='bbox 732 1327 855 1387; x_wconf 84' lang='lat' dir='ltr'><strong>dirersis</strong></span> <span class='ocrx_word' id='word_1_104' title='bbox 877 1332 966 1388; x_wconf 88' lang='lat' dir='ltr'><strong>etiam</strong></span> <span class='ocrx_word' id='word_1_105' title='bbox 989 1329 1188 1387; x_wconf 82' lang='lat' dir='ltr'><strong>consonantiis</strong></span> <span class='ocrx_word' id='word_1_106' title='bbox 1211 1325 1260 1385; x_wconf 84' lang='lat' dir='ltr'><strong>vel</strong></span> <span class='ocrx_word' id='word_1_107' title='bbox 1282 1324 1480 1385; x_wconf 88' lang='lat' dir='ltr'><strong>dissonantiis.</strong></span> 
     </span>
    </p>

    <p class='ocr_par' dir='ltr' id='par_1_5' title="bbox 229 1404 1591 1955">
     <span class='ocr_line' id='line_1_12' title="bbox 313 1404 1586 1484; baseline 0.002 -26"><span class='ocrx_word' id='word_1_108' title='bbox 313 1404 394 1468; x_wconf 87' lang='lat' dir='ltr'><strong>Nota,</strong></span> <span class='ocrx_word' id='word_1_109' title='bbox 412 1404 439 1458; x_wconf 92' lang='lat' dir='ltr'><strong>iu</strong></span> <span class='ocrx_word' id='word_1_110' title='bbox 458 1405 663 1480; x_wconf 82' lang='lat' dir='ltr'><strong>subjectopoui</strong></span> <span class='ocrx_word' id='word_1_111' title='bbox 681 1411 799 1479; x_wconf 87' lang='lat' dir='ltr'><strong>speciem</strong></span> <span class='ocrx_word' id='word_1_112' title='bbox 815 1411 971 1479; x_wconf 88' lang='lat' dir='ltr'><strong>identisoni,</strong></span> <span class='ocrx_word' id='word_1_113' title='bbox 988 1410 1018 1464; x_wconf 92' lang='lat' dir='ltr'><strong>iu</strong></span> <span class='ocrx_word' id='word_1_114' title='bbox 1036 1409 1192 1479; x_wconf 88' lang='lat' dir='ltr'><strong>praedicato</strong></span> <span class='ocrx_word' id='word_1_115' title='bbox 1211 1424 1298 1479; x_wconf 79' lang='lat' dir='ltr'><strong>genus</strong></span> <span class='ocrx_word' id='word_1_116' title='bbox 1318 1407 1447 1475; x_wconf 88' lang='lat' dir='ltr'><strong>consoni,</strong></span> <span class='ocrx_word' id='word_1_117' title='bbox 1470 1414 1500 1462; x_wconf 90' lang='lat' dir='ltr'><strong>ut</strong></span> <span class='ocrx_word' id='word_1_118' title='bbox 1517 1407 1586 1484; x_wconf 79' lang='lat' dir='ltr'><strong>haee</strong></span> 
     </span>
     <span class='ocr_line' id='line_1_13' title="bbox 230 1481 1589 1557; baseline 0.002 -21"><span class='ocrx_word' id='word_1_119' title='bbox 230 1481 284 1538; x_wconf 89' lang='lat' dir='ltr'><strong>duo</strong></span> <span class='ocrx_word' id='word_1_120' title='bbox 303 1483 498 1551; x_wconf 72' lang='lat' dir='ltr'><strong>intelligamus:</strong></span> <span class='ocrx_word' id='word_1_121' title='bbox 522 1486 621 1556; x_wconf 90' lang='lat' dir='ltr'><strong>primo,</strong></span> <span class='ocrx_word' id='word_1_122' title='bbox 645 1502 700 1542; x_wconf 90' lang='lat' dir='ltr'><strong>non</strong></span> <span class='ocrx_word' id='word_1_123' title='bbox 718 1489 810 1557; x_wconf 87' lang='lat' dir='ltr'><strong>sequi:</strong></span> <span class='ocrx_word' id='word_1_124' title='bbox 836 1489 906 1545; x_wconf 87' lang='lat' dir='ltr'><strong>duae</strong></span> <span class='ocrx_word' id='word_1_125' title='bbox 929 1494 1081 1545; x_wconf 86' lang='lat' dir='ltr'><strong>consonant</strong></span> <span class='ocrx_word' id='word_1_126' title='bbox 1104 1487 1343 1557; x_wconf 88' lang='lat' dir='ltr'><strong>qualitercunque,</strong></span> <span class='ocrx_word' id='word_1_127' title='bbox 1368 1485 1431 1554; x_wconf 62' lang='lat' dir='ltr'><strong>erqo</strong></span> <span class='ocrx_word' id='word_1_128' title='bbox 1456 1493 1484 1539; x_wconf 89' lang='lat' dir='ltr'><strong>et</strong></span> <span class='ocrx_word' id='word_1_129' title='bbox 1506 1484 1589 1539; x_wconf 88' lang='lat' dir='ltr'><strong>tertia</strong></span> 
     </span>
     <span class='ocr_line' id='line_1_14' title="bbox 229 1562 1588 1638; baseline 0.003 -25"><span class='ocrx_word' id='word_1_130' title='bbox 229 1570 362 1616; x_wconf 85' lang='lat' dir='ltr'><strong>consonat</strong></span> <span class='ocrx_word' id='word_1_131' title='bbox 380 1562 501 1631; x_wconf 91' lang='lat' dir='ltr'><strong>utrique,</strong></span> <span class='ocrx_word' id='word_1_132' title='bbox 528 1564 571 1618; x_wconf 84' lang='lat' dir='ltr'><strong>rel</strong></span> <span class='ocrx_word' id='word_1_133' title='bbox 590 1564 712 1620; x_wconf 86' lang='lat' dir='ltr'><strong>dissonat</strong></span> <span class='ocrx_word' id='word_1_134' title='bbox 729 1569 763 1620; x_wconf 90' lang='lat' dir='ltr'><strong>ab</strong></span> <span class='ocrx_word' id='word_1_135' title='bbox 783 1577 907 1638; x_wconf 66' lang='lat' dir='ltr'><strong>numae.</strong></span> <span class='ocrx_word' id='word_1_136' title='bbox 944 1569 1004 1622; x_wconf 86' lang='lat' dir='ltr'><strong>Hoc</strong></span> <span class='ocrx_word' id='word_1_137' title='bbox 1021 1568 1091 1621; x_wconf 89' lang='lat' dir='ltr'><strong>enim</strong></span> <span class='ocrx_word' id='word_1_138' title='bbox 1118 1576 1160 1621; x_wconf 90' lang='lat' dir='ltr'><strong>est</strong></span> <span class='ocrx_word' id='word_1_139' title='bbox 1178 1566 1277 1621; x_wconf 86' lang='lat' dir='ltr'><strong>falsum</strong></span> <span class='ocrx_word' id='word_1_140' title='bbox 1303 1565 1336 1620; x_wconf 88' lang='lat' dir='ltr'><strong>de</strong></span> <span class='ocrx_word' id='word_1_141' title='bbox 1355 1579 1467 1633; x_wconf 77' lang='lat' dir='ltr'><strong>genere,</strong></span> <span class='ocrx_word' id='word_1_142' title='bbox 1494 1578 1588 1619; x_wconf 85' lang='lat' dir='ltr'><strong>rerum</strong></span> 
     </span>
     <span class='ocr_line' id='line_1_15' title="bbox 231 1640 1589 1720; baseline 0.002 -28"><span class='ocrx_word' id='word_1_143' title='bbox 231 1654 294 1694; x_wconf 81' lang='lat' dir='ltr'><strong>uero</strong></span> <span class='ocrx_word' id='word_1_144' title='bbox 313 1640 347 1695; x_wconf 89' lang='lat' dir='ltr'><strong>de</strong></span> <span class='ocrx_word' id='word_1_145' title='bbox 364 1642 456 1712; x_wconf 86' lang='lat' dir='ltr'><strong>speeie</strong></span> <span class='ocrx_word' id='word_1_146' title='bbox 473 1643 701 1713; x_wconf 82' lang='lat' dir='ltr'><strong>identisonorum3</strong></span> <span class='ocrx_word' id='word_1_147' title='bbox 721 1647 817 1705; x_wconf 89' lang='lat' dir='ltr'><strong>deiude</strong></span> <span class='ocrx_word' id='word_1_148' title='bbox 835 1649 885 1704; x_wconf 83' lang='lat' dir='ltr'><strong>uec</strong></span> <span class='ocrx_word' id='word_1_149' title='bbox 903 1650 956 1704; x_wconf 90' lang='lat' dir='ltr'><strong>hoc</strong></span> <span class='ocrx_word' id='word_1_150' title='bbox 974 1647 1113 1720; x_wconf 82' lang='lat' dir='ltr'><strong>sequitur:</strong></span> <span class='ocrx_word' id='word_1_151' title='bbox 1138 1646 1161 1699; x_wconf 89' lang='lat' dir='ltr'><strong>si</strong></span> <span class='ocrx_word' id='word_1_152' title='bbox 1179 1643 1261 1700; x_wconf 88' lang='lat' dir='ltr'><strong>tertia</strong></span> <span class='ocrx_word' id='word_1_153' title='bbox 1278 1650 1411 1697; x_wconf 87' lang='lat' dir='ltr'><strong>consonat</strong></span> <span class='ocrx_word' id='word_1_154' title='bbox 1427 1642 1474 1695; x_wconf 92' lang='lat' dir='ltr'><strong>uui</strong></span> <span class='ocrx_word' id='word_1_155' title='bbox 1492 1640 1589 1697; x_wconf 89' lang='lat' dir='ltr'><strong>identi-</strong></span> 
     </span>
     <span class='ocr_line' id='line_1_16' title="bbox 233 1721 1590 1794; baseline -0.001 -18"><span class='ocrx_word' id='word_1_156' title='bbox 233 1735 360 1776; x_wconf 86' lang='lat' dir='ltr'><strong>sonorum</strong></span> <span class='ocrx_word' id='word_1_157' title='bbox 379 1721 471 1791; x_wconf 86' lang='lat' dir='ltr'><strong>aliqua</strong></span> <span class='ocrx_word' id='word_1_158' title='bbox 488 1732 563 1777; x_wconf 88' lang='lat' dir='ltr'><strong>certa</strong></span> <span class='ocrx_word' id='word_1_159' title='bbox 580 1728 767 1794; x_wconf 84' lang='lat' dir='ltr'><strong>comouaatia,</strong></span> <span class='ocrx_word' id='word_1_160' title='bbox 786 1727 949 1784; x_wconf 86' lang='lat' dir='ltr'><strong>consonabit</strong></span> <span class='ocrx_word' id='word_1_161' title='bbox 966 1735 994 1782; x_wconf 87' lang='lat' dir='ltr'><strong>et</strong></span> <span class='ocrx_word' id='word_1_162' title='bbox 1006 1723 1085 1780; x_wconf 88' lang='lat' dir='ltr'><strong>alteri</strong></span> <span class='ocrx_word' id='word_1_163' title='bbox 1104 1723 1198 1777; x_wconf 84' lang='lat' dir='ltr'><strong>eadem</strong></span> <span class='ocrx_word' id='word_1_164' title='bbox 1211 1723 1302 1792; x_wconf 88' lang='lat' dir='ltr'><strong>specie</strong></span> <span class='ocrx_word' id='word_1_165' title='bbox 1316 1723 1517 1785; x_wconf 88' lang='lat' dir='ltr'><strong>consonantiae,</strong></span> <span class='ocrx_word' id='word_1_166' title='bbox 1535 1721 1590 1776; x_wconf 87' lang='lat' dir='ltr'><strong>hoc</strong></span> 
     </span>
     <span class='ocr_line' id='line_1_17' title="bbox 231 1799 1591 1872; baseline 0.001 -21"><span class='ocrx_word' id='word_1_167' title='bbox 231 1799 301 1854; x_wconf 87' lang='lat' dir='ltr'><strong>enirn</strong></span> <span class='ocrx_word' id='word_1_168' title='bbox 320 1816 378 1866; x_wconf 86' lang='lat' dir='ltr'><strong>non</strong></span> <span class='ocrx_word' id='word_1_169' title='bbox 393 1816 501 1872; x_wconf 88' lang='lat' dir='ltr'><strong>semper</strong></span> <span class='ocrx_word' id='word_1_170' title='bbox 518 1818 609 1859; x_wconf 85' lang='lat' dir='ltr'><strong>rerunt</strong></span> <span class='ocrx_word' id='word_1_171' title='bbox 629 1811 709 1866; x_wconf 81' lang='lat' dir='ltr'><strong>esset,</strong></span> <span class='ocrx_word' id='word_1_172' title='bbox 728 1805 799 1871; x_wconf 87' lang='lat' dir='ltr'><strong>quod</strong></span> <span class='ocrx_word' id='word_1_173' title='bbox 820 1803 965 1860; x_wconf 88' lang='lat' dir='ltr'><strong>declarabo</strong></span> <span class='ocrx_word' id='word_1_174' title='bbox 983 1801 1117 1872; x_wconf 88' lang='lat' dir='ltr'><strong>exemplo,</strong></span> <span class='ocrx_word' id='word_1_175' title='bbox 1137 1802 1200 1858; x_wconf 85' lang='lat' dir='ltr'><strong>lieet</strong></span> <span class='ocrx_word' id='word_1_176' title='bbox 1217 1819 1251 1859; x_wconf 90' lang='lat' dir='ltr'><strong>ex</strong></span> <span class='ocrx_word' id='word_1_177' title='bbox 1263 1802 1428 1871; x_wconf 88' lang='lat' dir='ltr'><strong>anticipato:</strong></span> <span class='ocrx_word' id='word_1_178' title='bbox 1447 1801 1502 1856; x_wconf 90' lang='lat' dir='ltr'><strong>sint</strong></span> <span class='ocrx_word' id='word_1_179' title='bbox 1519 1799 1591 1854; x_wconf 86' lang='lat' dir='ltr'><strong>duae</strong></span> 
     </span>
     <span class='ocr_line' id='line_1_18' title="bbox 230 1877 1590 1955; baseline 0 -25"><span class='ocrx_word' id='word_1_180' title='bbox 230 1891 320 1946; x_wconf 81' lang='lat' dir='ltr'><strong>voces,</strong></span> <span class='ocrx_word' id='word_1_181' title='bbox 339 1877 471 1935; x_wconf 86' lang='lat' dir='ltr'><strong>iacientes</strong></span> <span class='ocrx_word' id='word_1_182' title='bbox 491 1882 620 1952; x_wconf 85' lang='lat' dir='ltr'><strong>diapason</strong></span> <span class='ocrx_word' id='word_1_183' title='bbox 640 1883 665 1939; x_wconf 81' lang='lat' dir='ltr'><em>G</em></span> <span class='ocrx_word' id='word_1_184' title='bbox 683 1891 711 1937; x_wconf 89' lang='lat' dir='ltr'><strong>et</strong></span> <span class='ocrx_word' id='word_1_185' title='bbox 725 1902 757 1955; x_wconf 69' lang='lat' dir='ltr'><strong>qr</strong></span> <span class='ocrx_word' id='word_1_186' title='bbox 782 1884 818 1938; x_wconf 87' lang='lat' dir='ltr'><strong>sit</strong></span> <span class='ocrx_word' id='word_1_187' title='bbox 835 1883 915 1938; x_wconf 89' lang='lat' dir='ltr'><strong>tertia</strong></span> <span class='ocrx_word' id='word_1_188' title='bbox 933 1883 964 1946; x_wconf 80' lang='lat' dir='ltr'><strong>ri,</strong></span> <span class='ocrx_word' id='word_1_189' title='bbox 980 1881 1027 1936; x_wconf 89' lang='lat' dir='ltr'><strong>illa</strong></span> <span class='ocrx_word' id='word_1_190' title='bbox 1044 1881 1111 1937; x_wconf 84' lang='lat' dir='ltr'><strong>iacit</strong></span> <span class='ocrx_word' id='word_1_191' title='bbox 1133 1897 1194 1936; x_wconf 81' lang='lat' dir='ltr'><strong>can</strong></span> <span class='ocrx_word' id='word_1_192' title='bbox 1214 1880 1239 1937; x_wconf 86' lang='lat' dir='ltr'><em>G</em></span> <span class='ocrx_word' id='word_1_193' title='bbox 1257 1880 1397 1950; x_wconf 87' lang='lat' dir='ltr'><strong>diapente,</strong></span> <span class='ocrx_word' id='word_1_194' title='bbox 1424 1894 1489 1948; x_wconf 73' lang='lat' dir='ltr'><strong>ergo</strong></span> <span class='ocrx_word' id='word_1_195' title='bbox 1508 1877 1590 1934; x_wconf 73' lang='grc' dir='ltr'><strong>οιίιιιι</strong></span> 
     </span>
    </p>
   </div>
   <div class='ocr_carea' id='block_1_3' title="bbox 230 1958 1590 2108">
    <p class='ocr_par' dir='ltr' id='par_1_6' title="bbox 230 1958 1590 2108">
     <span class='ocr_line' id='line_1_19' title="bbox 230 1958 1590 2032; baseline 0.004 -24"><span class='ocrx_word' id='word_1_196' title='bbox 230 1967 406 2026; x_wconf 75' lang='lat' dir='ltr'><strong>pcousouat,</strong></span> <span class='ocrx_word' id='word_1_197' title='bbox 424 1965 453 2013; x_wconf 90' lang='lat' dir='ltr'><strong>at</strong></span> <span class='ocrx_word' id='word_1_198' title='bbox 471 1976 524 2014; x_wconf 91' lang='lat' dir='ltr'><strong>uou</strong></span> <span class='ocrx_word' id='word_1_199' title='bbox 543 1976 592 2032; x_wconf 90' lang='lat' dir='ltr'><strong>per</strong></span> <span class='ocrx_word' id='word_1_200' title='bbox 609 1962 743 2032; x_wconf 88' lang='lat' dir='ltr'><strong>diapente,</strong></span> <span class='ocrx_word' id='word_1_201' title='bbox 763 1962 813 2018; x_wconf 89' lang='lat' dir='ltr'><strong>sed</strong></span> <span class='ocrx_word' id='word_1_202' title='bbox 830 1978 880 2032; x_wconf 87' lang='lat' dir='ltr'><strong>per</strong></span> <span class='ocrx_word' id='word_1_203' title='bbox 899 1962 1082 2018; x_wconf 74' lang='lat' dir='ltr'><strong>diatmsarou.</strong></span> <span class='ocrx_word' id='word_1_204' title='bbox 1115 1961 1189 2016; x_wconf 87' lang='lat' dir='ltr'><strong>Usus</strong></span> <span class='ocrx_word' id='word_1_205' title='bbox 1208 1967 1300 2016; x_wconf 87' lang='lat' dir='ltr'><strong>autera</strong></span> <span class='ocrx_word' id='word_1_206' title='bbox 1324 1959 1487 2029; x_wconf 85' lang='lat' dir='ltr'><strong>praecipuus</strong></span> <span class='ocrx_word' id='word_1_207' title='bbox 1506 1958 1590 2027; x_wconf 75' lang='lat' dir='ltr'><strong>baius</strong></span> 
     </span>
     <span class='ocr_line' id='line_1_20' title="bbox 233 2031 577 2108; baseline 0.023 -22"><span class='ocrx_word' id='word_1_208' title='bbox 233 2031 377 2088; x_wconf 86' lang='lat' dir='ltr'><strong>axiomatis</strong></span> <span class='ocrx_word' id='word_1_209' title='bbox 396 2043 438 2090; x_wconf 89' lang='lat' dir='ltr'><strong>est</strong></span> <span class='ocrx_word' id='word_1_210' title='bbox 456 2053 532 2108; x_wconf 83' lang='lat' dir='ltr'><strong>prop.</strong></span> <span class='ocrx_word' id='word_1_211' title='bbox 552 2039 577 2094; x_wconf 84' lang='lat' dir='ltr'><strong>t.</strong></span> 
     </span>
    </p>
   </div>
   <div class='ocr_carea' id='block_1_4' title="bbox 321 2109 1592 2184">
    <p class='ocr_par' dir='ltr' id='par_1_7' title="bbox 321 2109 1592 2184">
     <span class='ocr_line' id='line_1_21' title="bbox 321 2109 1592 2184; baseline 0.004 -17"><span class='ocrx_word' id='word_1_212' title='bbox 321 2109 486 2170; x_wconf 84' lang='lat' dir='ltr'><strong>Axioma</strong></span> <span class='ocrx_word' id='word_1_213' title='bbox 510 2112 575 2174; x_wconf 88' lang='lat' dir='ltr'><strong>Vll.</strong></span> <span class='ocrx_word' id='word_1_214' title='bbox 621 2115 696 2176; x_wconf 87' lang='lat' dir='ltr'><strong>Cum</strong></span> <span class='ocrx_word' id='word_1_215' title='bbox 724 2115 799 2176; x_wconf 90' lang='lat' dir='ltr'><strong>duae</strong></span> <span class='ocrx_word' id='word_1_216' title='bbox 823 2115 949 2177; x_wconf 86' lang='lat' dir='ltr'><strong>chordas</strong></span> <span class='ocrx_word' id='word_1_217' title='bbox 971 2113 1021 2174; x_wconf 88' lang='lat' dir='ltr'><strong>vel</strong></span> <span class='ocrx_word' id='word_1_218' title='bbox 1042 2130 1132 2174; x_wconf 85' lang='lat' dir='ltr'><strong>voces</strong></span> <span class='ocrx_word' id='word_1_219' title='bbox 1155 2111 1299 2175; x_wconf 88' lang='lat' dir='ltr'><strong>ediderint</strong></span> <span class='ocrx_word' id='word_1_220' title='bbox 1327 2129 1416 2172; x_wconf 91' lang='lat' dir='ltr'><strong>sonos</strong></span> <span class='ocrx_word' id='word_1_221' title='bbox 1438 2110 1592 2184; x_wconf 86' lang='lat' dir='ltr'><strong>identicos,</strong></span> 
     </span>
    </p>
   </div>
   <div class='ocr_carea' id='block_1_5' title="bbox 191 2197 1595 2605">
    <p class='ocr_par' dir='ltr' id='par_1_8' title="bbox 191 2197 1593 2523">
     <span class='ocr_line' id='line_1_22' title="bbox 234 2197 1592 2297; baseline 0.001 -43"><span class='ocrx_word' id='word_1_222' title='bbox 234 2211 292 2297; x_wconf 76' lang='lat' dir='ltr'><strong>vox</strong></span> <span class='ocrx_word' id='word_1_223' title='bbox 307 2198 402 2271; x_wconf 90' lang='lat' dir='ltr'><strong>tertia,</strong></span> <span class='ocrx_word' id='word_1_224' title='bbox 425 2202 552 2260; x_wconf 87' lang='lat' dir='ltr'><strong>existens</strong></span> <span class='ocrx_word' id='word_1_225' title='bbox 567 2219 633 2262; x_wconf 91' lang='lat' dir='ltr'><strong>eum</strong></span> <span class='ocrx_word' id='word_1_226' title='bbox 655 2203 771 2264; x_wconf 89' lang='lat' dir='ltr'><strong>illarum</strong></span> <span class='ocrx_word' id='word_1_227' title='bbox 786 2221 846 2265; x_wconf 91' lang='lat' dir='ltr'><strong>uua</strong></span> <span class='ocrx_word' id='word_1_228' title='bbox 868 2203 1042 2276; x_wconf 90' lang='lat' dir='ltr'><strong>identisona,</strong></span> <span class='ocrx_word' id='word_1_229' title='bbox 1064 2203 1154 2287; x_wconf 84' lang='lat' dir='ltr'><strong>etiam</strong></span> <span class='ocrx_word' id='word_1_230' title='bbox 1176 2218 1240 2260; x_wconf 90' lang='lat' dir='ltr'><strong>cum</strong></span> <span class='ocrx_word' id='word_1_231' title='bbox 1256 2199 1368 2260; x_wconf 88' lang='lat' dir='ltr'><strong>illarum</strong></span> <span class='ocrx_word' id='word_1_232' title='bbox 1390 2197 1485 2259; x_wconf 90' lang='lat' dir='ltr'><strong>altera</strong></span> <span class='ocrx_word' id='word_1_233' title='bbox 1507 2198 1592 2258; x_wconf 89' lang='lat' dir='ltr'><strong>iden-</strong></span> 
     </span>
     <span class='ocr_line' id='line_1_23' title="bbox 191 2287 1593 2442; baseline 0 -20"><span class='ocrx_word' id='word_1_234' title='bbox 191 2321 196 2381; x_wconf 40' lang='lat' dir='ltr'>s</span> <span class='ocrx_word' id='word_1_235' title='bbox 233 2290 290 2343; x_wconf 54' lang='lat' dir='ltr'><strong>two</strong></span> <span class='ocrx_word' id='word_1_236' title='bbox 312 2287 546 2439; x_wconf 53' lang='lat' dir='ltr'><strong>cgbbgnbrblptriori</strong></span> <span class='ocrx_word' id='word_1_237' title='bbox 564 2370 699 2442; x_wconf 78' lang='lat' dir='ltr'><strong>axiomate</strong></span> <span class='ocrx_word' id='word_1_238' title='bbox 716 2372 880 2440; x_wconf 78' lang='lat' dir='ltr'><strong>generaliter</strong></span> <span class='ocrx_word' id='word_1_239' title='bbox 897 2388 953 2427; x_wconf 93' lang='lat' dir='ltr'><strong>non</strong></span> <span class='ocrx_word' id='word_1_240' title='bbox 969 2370 1061 2442; x_wconf 90' lang='lat' dir='ltr'><strong>potuit</strong></span> <span class='ocrx_word' id='word_1_241' title='bbox 1072 2367 1209 2438; x_wconf 84' lang='lat' dir='ltr'><strong>affirmari,</strong></span> <span class='ocrx_word' id='word_1_242' title='bbox 1231 2368 1332 2438; x_wconf 85' lang='lat' dir='ltr'><strong>idjam</strong></span> <span class='ocrx_word' id='word_1_243' title='bbox 1349 2368 1378 2423; x_wconf 91' lang='lat' dir='ltr'><strong>in</strong></span> <span class='ocrx_word' id='word_1_244' title='bbox 1390 2369 1481 2440; x_wconf 89' lang='lat' dir='ltr'><strong>specis</strong></span> <span class='ocrx_word' id='word_1_245' title='bbox 1499 2383 1593 2425; x_wconf 73' lang='lat' dir='ltr'><strong>rmum</strong></span> 
     </span>
     <span class='ocr_line' id='line_1_24' title="bbox 234 2443 1005 2523; baseline 0.016 -25"><span class='ocrx_word' id='word_1_246' title='bbox 234 2450 277 2499; x_wconf 89' lang='lat' dir='ltr'><strong>est</strong></span> <span class='ocrx_word' id='word_1_247' title='bbox 293 2443 327 2500; x_wconf 91' lang='lat' dir='ltr'><strong>de</strong></span> <span class='ocrx_word' id='word_1_248' title='bbox 344 2445 560 2506; x_wconf 87' lang='lat' dir='ltr'><strong>identisonautia.</strong></span> <span class='ocrx_word' id='word_1_249' title='bbox 597 2450 669 2507; x_wconf 92' lang='lat' dir='ltr'><strong>Usus</strong></span> <span class='ocrx_word' id='word_1_250' title='bbox 688 2460 730 2507; x_wconf 86' lang='lat' dir='ltr'><strong>est</strong></span> <span class='ocrx_word' id='word_1_251' title='bbox 746 2453 772 2507; x_wconf 92' lang='lat' dir='ltr'><strong>iu</strong></span> <span class='ocrx_word' id='word_1_252' title='bbox 791 2469 869 2523; x_wconf 88' lang='lat' dir='ltr'><strong>prop.</strong></span> <span class='ocrx_word' id='word_1_253' title='bbox 888 2453 913 2508; x_wconf 85' lang='lat'><strong>3.</strong></span> <span class='ocrx_word' id='word_1_254' title='bbox 1002 2481 1005 2486; x_wconf 58' lang='grc'><strong><em>»</em></strong></span> 
     </span>
    </p>

    <p class='ocr_par' dir='ltr' id='par_1_9' title="bbox 321 2520 1595 2605">
     <span class='ocr_line' id='line_1_25' title="bbox 321 2520 1595 2605; baseline 0.002 -26"><span class='ocrx_word' id='word_1_255' title='bbox 321 2520 367 2581; x_wconf 88' lang='lat' dir='ltr'><strong>De</strong></span> <span class='ocrx_word' id='word_1_256' title='bbox 383 2522 428 2581; x_wconf 88' lang='lat' dir='ltr'><strong>his</strong></span> <span class='ocrx_word' id='word_1_257' title='bbox 451 2525 539 2600; x_wconf 84' lang='lat' dir='ltr'><strong>igitur</strong></span> <span class='ocrx_word' id='word_1_258' title='bbox 560 2528 765 2600; x_wconf 86' lang='lat' dir='ltr'><strong>axiomatibus,</strong></span> <span class='ocrx_word' id='word_1_259' title='bbox 789 2530 959 2605; x_wconf 86' lang='lat' dir='ltr'><strong>praesertim</strong></span> <span class='ocrx_word' id='word_1_260' title='bbox 982 2525 1018 2586; x_wconf 92' lang='lat' dir='ltr'><strong>de</strong></span> <span class='ocrx_word' id='word_1_261' title='bbox 1041 2527 1169 2602; x_wconf 88' lang='lat' dir='ltr'><strong>quinque</strong></span> <span class='ocrx_word' id='word_1_262' title='bbox 1190 2524 1343 2602; x_wconf 88' lang='lat' dir='ltr'><strong>prioribus,</strong></span> <span class='ocrx_word' id='word_1_263' title='bbox 1366 2521 1527 2602; x_wconf 91' lang='lat' dir='ltr'><strong>speculatio</strong></span> <span class='ocrx_word' id='word_1_264' title='bbox 1549 2531 1595 2582; x_wconf 91' lang='lat' dir='ltr'><strong>cst</strong></span> 
     </span>
    </p>
   </div>
   <div class='ocr_carea' id='block_1_6' title="bbox 121 2604 1595 2690">
    <p class='ocr_par' dir='ltr' id='par_1_10' title="bbox 121 2604 1595 2690">
     <span class='ocr_line' id='line_1_26' title="bbox 121 2604 1595 2690; baseline 0 -21"><span class='ocrx_word' id='word_1_265' title='bbox 121 2649 129 2684; x_wconf 92' lang='lat'><strong>.·</strong></span> <span class='ocrx_word' id='word_1_266' title='bbox 235 2604 375 2680; x_wconf 87' lang='lat' dir='ltr'><strong>sublimis,</strong></span> <span class='ocrx_word' id='word_1_267' title='bbox 400 2607 553 2672; x_wconf 90' lang='lat' dir='ltr'><strong>Platonica</strong></span> <span class='ocrx_word' id='word_1_268' title='bbox 574 2613 700 2690; x_wconf 86' lang='lat' dir='ltr'><strong>fideique</strong></span> <span class='ocrx_word' id='word_1_269' title='bbox 723 2614 906 2675; x_wconf 84' lang='lat' dir='ltr'><strong>Christianae</strong></span> <span class='ocrx_word' id='word_1_270' title='bbox 929 2615 1065 2690; x_wconf 84' lang='lat' dir='ltr'><strong>analoga,</strong></span> <span class='ocrx_word' id='word_1_271' title='bbox 1089 2611 1127 2671; x_wconf 85' lang='lat' dir='ltr'><strong>ad</strong></span> <span class='ocrx_word' id='word_1_272' title='bbox 1149 2610 1381 2688; x_wconf 83' lang='lat' dir='ltr'><strong>metaphysicam</strong></span> <span class='ocrx_word' id='word_1_273' title='bbox 1403 2609 1498 2686; x_wconf 88' lang='lat' dir='ltr'><strong>adque</strong></span> <span class='ocrx_word' id='word_1_274' title='bbox 1522 2608 1595 2669; x_wconf 91' lang='lat' dir='ltr'><strong>doc·</strong></span> 
     </span>
    </p>
   </div>
   <div class='ocr_carea' id='block_1_7' title="bbox 208 2694 1646 4964">
    <p class='ocr_par' dir='ltr' id='par_1_11' title="bbox 235 2694 1597 3302">
     <span class='ocr_line' id='line_1_27' title="bbox 235 2694 1595 2777; baseline 0.003 -24"><span class='ocrx_word' id='word_1_275' title='bbox 235 2695 341 2753; x_wconf 90' lang='lat' dir='ltr'><strong>trinam</strong></span> <span class='ocrx_word' id='word_1_276' title='bbox 360 2694 406 2762; x_wconf 67' lang='lat' dir='ltr'><strong>¹de</strong></span> <span class='ocrx_word' id='word_1_277' title='bbox 428 2700 527 2758; x_wconf 90' lang='lat' dir='ltr'><strong>anima</strong></span> <span class='ocrx_word' id='word_1_278' title='bbox 557 2710 703 2777; x_wconf 82' lang='lat' dir='ltr'><strong>spectans</strong></span> <span class='ocrx_word' id='word_1_279' title='bbox 748 2701 916 2763; x_wconf 83' lang='lat' dir='ltr'><strong>Geometria</strong></span> <span class='ocrx_word' id='word_1_280' title='bbox 945 2704 1039 2773; x_wconf 89' lang='lat' dir='ltr'><strong>euim,</strong></span> <span class='ocrx_word' id='word_1_281' title='bbox 1073 2699 1156 2775; x_wconf 91' lang='lat' dir='ltr'><strong>cujus</strong></span> <span class='ocrx_word' id='word_1_282' title='bbox 1184 2706 1296 2777; x_wconf 89' lang='lat' dir='ltr'><strong>partem</strong></span> <span class='ocrx_word' id='word_1_283' title='bbox 1326 2696 1383 2756; x_wconf 90' lang='lat' dir='ltr'><strong>huc</strong></span> <span class='ocrx_word' id='word_1_284' title='bbox 1413 2706 1595 2775; x_wconf 86' lang='lat' dir='ltr'><strong>spectantem</strong></span> 
     </span>
     <span class='ocr_line' id='line_1_28' title="bbox 237 2779 1594 2867; baseline 0.003 -28"><span class='ocrx_word' id='word_1_285' title='bbox 237 2779 302 2840; x_wconf 90' lang='lat' dir='ltr'><strong>libri</strong></span> <span class='ocrx_word' id='word_1_286' title='bbox 319 2780 375 2841; x_wconf 90' lang='lat' dir='ltr'><strong>duo</strong></span> <span class='ocrx_word' id='word_1_287' title='bbox 398 2786 508 2861; x_wconf 87' lang='lat' dir='ltr'><strong>priores</strong></span> <span class='ocrx_word' id='word_1_288' title='bbox 531 2798 600 2848; x_wconf 91' lang='lat' dir='ltr'><strong>suot</strong></span> <span class='ocrx_word' id='word_1_289' title='bbox 622 2788 779 2867; x_wconf 89' lang='lat' dir='ltr'><strong>complexi,</strong></span> <span class='ocrx_word' id='word_1_290' title='bbox 813 2791 878 2852; x_wconf 87' lang='lat' dir='ltr'><strong>Deo</strong></span> <span class='ocrx_word' id='word_1_291' title='bbox 910 2798 1066 2850; x_wconf 87' lang='lat' dir='ltr'><strong>coaeterna</strong></span> <span class='ocrx_word' id='word_1_292' title='bbox 1095 2788 1181 2864; x_wconf 85' lang='lat' dir='ltr'><strong>inque</strong></span> <span class='ocrx_word' id='word_1_293' title='bbox 1210 2793 1307 2846; x_wconf 88' lang='lat' dir='ltr'><strong>ments</strong></span> <span class='ocrx_word' id='word_1_294' title='bbox 1329 2785 1431 2845; x_wconf 84' lang='lat' dir='ltr'><strong>dirius</strong></span> <span class='ocrx_word' id='word_1_295' title='bbox 1453 2784 1594 2859; x_wconf 87' lang='lat' dir='ltr'><strong>relucens,</strong></span> 
     </span>
     <span class='ocr_line' id='line_1_29' title="bbox 238 2871 1595 2954; baseline 0.002 -26"><span class='ocrx_word' id='word_1_296' title='bbox 238 2871 371 2947; x_wconf 90' lang='lat' dir='ltr'><strong>exempla</strong></span> <span class='ocrx_word' id='word_1_297' title='bbox 391 2871 455 2933; x_wconf 85' lang='lat' dir='ltr'><strong>ileo</strong></span> <span class='ocrx_word' id='word_1_298' title='bbox 485 2874 699 2952; x_wconf 84' lang='lat' dir='ltr'><strong>suppeditavit,</strong></span> <span class='ocrx_word' id='word_1_299' title='bbox 730 2888 759 2937; x_wconf 90' lang='lat' dir='ltr'><strong>at</strong></span> <span class='ocrx_word' id='word_1_300' title='bbox 788 2882 817 2936; x_wconf 92' lang='lat' dir='ltr'><strong>iu</strong></span> <span class='ocrx_word' id='word_1_301' title='bbox 840 2879 934 2954; x_wconf 81' lang='lat' dir='ltr'><strong>&#39;buJus</strong></span> <span class='ocrx_word' id='word_1_302' title='bbox 965 2878 1032 2937; x_wconf 88' lang='lat' dir='ltr'><strong>libri</strong></span> <span class='ocrx_word' id='word_1_303' title='bbox 1060 2872 1249 2953; x_wconf 91' lang='lat' dir='ltr'><strong>praeambulo</strong></span> <span class='ocrx_word' id='word_1_304' title='bbox 1279 2872 1403 2943; x_wconf 86' lang='lat' dir='ltr'><strong>dictum,</strong></span> <span class='ocrx_word' id='word_1_305' title='bbox 1435 2873 1595 2933; x_wconf 86' lang='lat' dir='ltr'><strong>exornandi</strong></span> 
     </span>
     <span class='ocr_line' id='line_1_30' title="bbox 239 2957 1595 3043; baseline 0.001 -27"><span class='ocrx_word' id='word_1_306' title='bbox 239 2957 348 3032; x_wconf 84' lang='lat' dir='ltr'><strong>nrrrndi,</strong></span> <span class='ocrx_word' id='word_1_307' title='bbox 371 2968 401 3017; x_wconf 88' lang='lat' dir='ltr'><strong>ut</strong></span> <span class='ocrx_word' id='word_1_308' title='bbox 417 2960 440 3018; x_wconf 91' lang='lat' dir='ltr'><strong>is</strong></span> <span class='ocrx_word' id='word_1_309' title='bbox 463 2959 544 3021; x_wconf 83' lang='lat' dir='ltr'><strong>fieret</strong></span> <span class='ocrx_word' id='word_1_310' title='bbox 567 2966 694 3039; x_wconf 87' lang='lat' dir='ltr'><strong>optimus</strong></span> <span class='ocrx_word' id='word_1_311' title='bbox 717 2974 747 3025; x_wconf 91' lang='lat' dir='ltr'><strong>et</strong></span> <span class='ocrx_word' id='word_1_312' title='bbox 769 2965 993 3043; x_wconf 90' lang='lat' dir='ltr'><strong>pulcherrimus,</strong></span> <span class='ocrx_word' id='word_1_313' title='bbox 1018 2963 1142 3039; x_wconf 88' lang='lat' dir='ltr'><strong>denique</strong></span> <span class='ocrx_word' id='word_1_314' title='bbox 1158 2961 1305 3021; x_wconf 78' lang='lat' dir='ltr'><strong>Creatoris</strong></span> <span class='ocrx_word' id='word_1_315' title='bbox 1319 2959 1492 3020; x_wconf 83' lang='lat' dir='ltr'><strong>simillimus.</strong></span> <span class='ocrx_word' id='word_1_316' title='bbox 1538 2960 1595 3020; x_wconf 90' lang='lat' dir='ltr'><strong>Dei</strong></span> 
     </span>
     <span class='ocr_line' id='line_1_31' title="bbox 238 3044 1597 3132; baseline 0.005 -31"><span class='ocrx_word' id='word_1_317' title='bbox 238 3061 307 3103; x_wconf 88' lang='lat' dir='ltr'><strong>vero</strong></span> <span class='ocrx_word' id='word_1_318' title='bbox 323 3044 469 3106; x_wconf 83' lang='lat' dir='ltr'><strong>Creatoris</strong></span> <span class='ocrx_word' id='word_1_319' title='bbox 491 3051 633 3122; x_wconf 75' lang='lat' dir='ltr'><strong>imagines</strong></span> <span class='ocrx_word' id='word_1_320' title='bbox 656 3062 739 3132; x_wconf 80' lang='lat' dir='ltr'><strong>sunt,</strong></span> <span class='ocrx_word' id='word_1_321' title='bbox 767 3061 909 3130; x_wconf 90' lang='lat' dir='ltr'><strong>quotquot</strong></span> <span class='ocrx_word' id='word_1_322' title='bbox 930 3054 1062 3130; x_wconf 89' lang='lat' dir='ltr'><strong>spiritus,</strong></span> <span class='ocrx_word' id='word_1_323' title='bbox 1093 3051 1225 3119; x_wconf 88' lang='lat' dir='ltr'><strong>anirnae,</strong></span> <span class='ocrx_word' id='word_1_324' title='bbox 1248 3055 1360 3107; x_wconf 88' lang='lat' dir='ltr'><strong>mentes</strong></span> <span class='ocrx_word' id='word_1_325' title='bbox 1382 3050 1442 3106; x_wconf 91' lang='lat' dir='ltr'><strong>suis</strong></span> <span class='ocrx_word' id='word_1_326' title='bbox 1464 3047 1597 3123; x_wconf 78' lang='lat' dir='ltr'><strong>singulae</strong></span> 
     </span>
     <span class='ocr_line' id='line_1_32' title="bbox 238 3134 1595 3217; baseline 0.002 -27"><span class='ocrx_word' id='word_1_327' title='bbox 238 3134 408 3208; x_wconf 83' lang='lat' dir='ltr'><strong>corporibus</strong></span> <span class='ocrx_word' id='word_1_328' title='bbox 430 3146 499 3195; x_wconf 89' lang='lat' dir='ltr'><strong>sant</strong></span> <span class='ocrx_word' id='word_1_329' title='bbox 520 3136 693 3214; x_wconf 86' lang='lat' dir='ltr'><strong>praelectae,</strong></span> <span class='ocrx_word' id='word_1_330' title='bbox 717 3149 750 3199; x_wconf 92' lang='lat' dir='ltr'><strong>ut</strong></span> <span class='ocrx_word' id='word_1_331' title='bbox 772 3139 825 3200; x_wconf 89' lang='lat' dir='ltr'><strong>iila</strong></span> <span class='ocrx_word' id='word_1_332' title='bbox 846 3140 1051 3217; x_wconf 81' lang='lat' dir='ltr'><strong>gubernarent,</strong></span> <span class='ocrx_word' id='word_1_333' title='bbox 1073 3142 1235 3209; x_wconf 83' lang='lat' dir='ltr'><strong>moverent,</strong></span> <span class='ocrx_word' id='word_1_334' title='bbox 1260 3143 1411 3212; x_wconf 80' lang='lat' dir='ltr'><strong>augerent,</strong></span> <span class='ocrx_word' id='word_1_335' title='bbox 1434 3151 1595 3195; x_wconf 81' lang='lat' dir='ltr'><strong>conserva·</strong></span> 
     </span>
     <span class='ocr_line' id='line_1_33' title="bbox 238 3218 735 3302; baseline 0.016 -25"><span class='ocrx_word' id='word_1_336' title='bbox 238 3228 302 3277; x_wconf 89' lang='lat' dir='ltr'><strong>rent</strong></span> <span class='ocrx_word' id='word_1_337' title='bbox 324 3218 457 3297; x_wconf 87' lang='lat' dir='ltr'><strong>adeoque</strong></span> <span class='ocrx_word' id='word_1_338' title='bbox 479 3232 509 3282; x_wconf 91' lang='lat' dir='ltr'><strong>et</strong></span> <span class='ocrx_word' id='word_1_339' title='bbox 531 3234 735 3302; x_wconf 80' lang='lat' dir='ltr'><strong>propagarent</strong></span> 
     </span>
    </p>

    <p class='ocr_par' dir='ltr' id='par_1_12' title="bbox 208 3306 1646 4964">
     <span class='ocr_line' id='line_1_34' title="bbox 330 3306 1592 3395; baseline 0.001 -28"><span class='ocrx_word' id='word_1_340' title='bbox 330 3306 403 3367; x_wconf 90' lang='lat' dir='ltr'><strong>Cum</strong></span> <span class='ocrx_word' id='word_1_341' title='bbox 426 3310 514 3384; x_wconf 77' lang='lat' dir='ltr'><strong>igitur</strong></span> <span class='ocrx_word' id='word_1_342' title='bbox 536 3321 637 3389; x_wconf 80' lang='lat' dir='ltr'><strong>typum</strong></span> <span class='ocrx_word' id='word_1_343' title='bbox 660 3314 807 3388; x_wconf 87' lang='lat' dir='ltr'><strong>quendam</strong></span> <span class='ocrx_word' id='word_1_344' title='bbox 828 3316 984 3375; x_wconf 89' lang='lat' dir='ltr'><strong>creationis</strong></span> <span class='ocrx_word' id='word_1_345' title='bbox 1006 3313 1065 3395; x_wconf 84' lang='lat' dir='ltr'><strong>sint</strong></span> <span class='ocrx_word' id='word_1_346' title='bbox 1087 3309 1257 3387; x_wconf 85' lang='lat' dir='ltr'><strong>complexae</strong></span> <span class='ocrx_word' id='word_1_347' title='bbox 1279 3309 1340 3367; x_wconf 93' lang='lat' dir='ltr'><strong>suls</strong></span> <span class='ocrx_word' id='word_1_348' title='bbox 1362 3309 1487 3379; x_wconf 89' lang='lat' dir='ltr'><strong>muniis,</strong></span> <span class='ocrx_word' id='word_1_349' title='bbox 1510 3307 1592 3381; x_wconf 79' lang='lat' dir='ltr'><strong>leges</strong></span> 
     </span>
     <span class='ocr_line' id='line_1_35' title="bbox 242 3394 1586 3478; baseline 0 -23"><span class='ocrx_word' id='word_1_350' title='bbox 242 3394 330 3455; x_wconf 89' lang='lat' dir='ltr'><strong>etiam</strong></span> <span class='ocrx_word' id='word_1_351' title='bbox 353 3411 417 3454; x_wconf 88' lang='lat' dir='ltr'><strong>eum</strong></span> <span class='ocrx_word' id='word_1_352' title='bbox 441 3406 570 3457; x_wconf 89' lang='lat' dir='ltr'><strong>creatore</strong></span> <span class='ocrx_word' id='word_1_353' title='bbox 593 3397 709 3459; x_wconf 85' lang='lat' dir='ltr'><strong>easdem</strong></span> <span class='ocrx_word' id='word_1_354' title='bbox 726 3403 884 3462; x_wconf 87' lang='lat' dir='ltr'><strong>observant</strong></span> <span class='ocrx_word' id='word_1_355' title='bbox 899 3404 1004 3478; x_wconf 89' lang='lat' dir='ltr'><strong>operis,</strong></span> <span class='ocrx_word' id='word_1_356' title='bbox 1027 3418 1063 3459; x_wconf 85' lang='lat' dir='ltr'><strong>ex</strong></span> <span class='ocrx_word' id='word_1_357' title='bbox 1078 3397 1239 3475; x_wconf 78' lang='lat' dir='ltr'><strong>geometria</strong></span> <span class='ocrx_word' id='word_1_358' title='bbox 1260 3395 1417 3472; x_wconf 88' lang='lat' dir='ltr'><strong>desumtas,</strong></span> <span class='ocrx_word' id='word_1_359' title='bbox 1438 3394 1586 3471; x_wconf 78' lang='lat' dir='ltr'><strong>gaudent·</strong></span> 
     </span>
     <span class='ocr_line' id='line_1_36' title="bbox 208 3483 1595 3565; baseline -0.001 -25"><span class='ocrx_word' id='word_1_360' title='bbox 208 3520 211 3525; x_wconf 36' lang='lat' dir='ltr'>v</span> <span class='ocrx_word' id='word_1_361' title='bbox 243 3499 300 3559; x_wconf 89' lang='lat' dir='ltr'><strong>que</strong></span> <span class='ocrx_word' id='word_1_362' title='bbox 323 3486 560 3559; x_wconf 88' lang='lat' dir='ltr'><strong>proportionibus</strong></span> <span class='ocrx_word' id='word_1_363' title='bbox 584 3485 695 3561; x_wconf 86' lang='lat' dir='ltr'><strong>iisdem,</strong></span> <span class='ocrx_word' id='word_1_364' title='bbox 719 3492 827 3565; x_wconf 86' lang='lat' dir='ltr'><strong>quibus</strong></span> <span class='ocrx_word' id='word_1_365' title='bbox 852 3489 934 3548; x_wconf 83' lang='lat' dir='ltr'><strong>Deus</strong></span> <span class='ocrx_word' id='word_1_366' title='bbox 956 3497 1001 3549; x_wconf 91' lang='lat' dir='ltr'><strong>est</strong></span> <span class='ocrx_word' id='word_1_367' title='bbox 1024 3503 1113 3560; x_wconf 88' lang='lat' dir='ltr'><strong>usus,</strong></span> <span class='ocrx_word' id='word_1_368' title='bbox 1143 3487 1311 3560; x_wconf 87' lang='lat' dir='ltr'><strong>ubicunque</strong></span> <span class='ocrx_word' id='word_1_369' title='bbox 1335 3483 1400 3543; x_wconf 89' lang='lat' dir='ltr'><strong>illas</strong></span> <span class='ocrx_word' id='word_1_370' title='bbox 1422 3485 1595 3558; x_wconf 82' lang='lat' dir='ltr'><strong>invenerint,</strong></span> 
     </span>
     <span class='ocr_line' id='line_1_37' title="bbox 243 3571 1596 3654; baseline -0.001 -25"><span class='ocrx_word' id='word_1_371' title='bbox 243 3572 307 3629; x_wconf 85' lang='lat' dir='ltr'><strong>sire</strong></span> <span class='ocrx_word' id='word_1_372' title='bbox 331 3571 409 3630; x_wconf 90' lang='lat' dir='ltr'><strong>nuda</strong></span> <span class='ocrx_word' id='word_1_373' title='bbox 430 3573 647 3648; x_wconf 88' lang='lat' dir='ltr'><strong>speculatione,</strong></span> <span class='ocrx_word' id='word_1_374' title='bbox 678 3576 741 3637; x_wconf 83' lang='lat' dir='ltr'><strong>sire</strong></span> <span class='ocrx_word' id='word_1_375' title='bbox 765 3579 944 3654; x_wconf 87' lang='lat' dir='ltr'><strong>interpositis</strong></span> <span class='ocrx_word' id='word_1_376' title='bbox 967 3576 1118 3648; x_wconf 85' lang='lat' dir='ltr'><strong>sensibus,</strong></span> <span class='ocrx_word' id='word_1_377' title='bbox 1151 3574 1180 3630; x_wconf 92' lang='lat' dir='ltr'><strong>iu</strong></span> <span class='ocrx_word' id='word_1_378' title='bbox 1207 3571 1294 3630; x_wconf 89' lang='lat' dir='ltr'><strong>rebus</strong></span> <span class='ocrx_word' id='word_1_379' title='bbox 1323 3574 1422 3631; x_wconf 88' lang='lat' dir='ltr'><strong>sensui</strong></span> <span class='ocrx_word' id='word_1_380' title='bbox 1446 3571 1596 3648; x_wconf 77' lang='lat' dir='ltr'><strong>subJectis,</strong></span> 
     </span>
     <span class='ocr_line' id='line_1_38' title="bbox 244 3657 1598 3747; baseline 0 -31"><span class='ocrx_word' id='word_1_381' title='bbox 244 3657 307 3717; x_wconf 83' lang='lat' dir='ltr'><strong>sire</strong></span> <span class='ocrx_word' id='word_1_382' title='bbox 330 3660 419 3717; x_wconf 90' lang='lat' dir='ltr'><strong>etiam</strong></span> <span class='ocrx_word' id='word_1_383' title='bbox 440 3662 503 3720; x_wconf 91' lang='lat' dir='ltr'><strong>siue</strong></span> <span class='ocrx_word' id='word_1_384' title='bbox 526 3660 658 3721; x_wconf 86' lang='lat' dir='ltr'><strong>discursu</strong></span> <span class='ocrx_word' id='word_1_385' title='bbox 681 3668 795 3740; x_wconf 90' lang='lat' dir='ltr'><strong>mentia,</strong></span> <span class='ocrx_word' id='word_1_386' title='bbox 819 3682 871 3742; x_wconf 88' lang='lat' dir='ltr'><strong>per</strong></span> <span class='ocrx_word' id='word_1_387' title='bbox 894 3663 1040 3725; x_wconf 86' lang='lat' dir='ltr'><strong>oecultum</strong></span> <span class='ocrx_word' id='word_1_388' title='bbox 1064 3671 1093 3747; x_wconf 82' lang='lat' dir='ltr'><strong>et</strong></span> <span class='ocrx_word' id='word_1_389' title='bbox 1116 3666 1300 3721; x_wconf 85' lang='lat' dir='ltr'><strong>concreatum</strong></span> <span class='ocrx_word' id='word_1_390' title='bbox 1324 3661 1509 3733; x_wconf 81' lang='lat' dir='ltr'><strong>instinctum3</strong></span> <span class='ocrx_word' id='word_1_391' title='bbox 1531 3659 1598 3718; x_wconf 84' lang='lat' dir='ltr'><strong>sire</strong></span> 
     </span>
     <span class='ocr_line' id='line_1_39' title="bbox 245 3743 1599 3828; baseline 0.001 -26"><span class='ocrx_word' id='word_1_392' title='bbox 245 3743 328 3802; x_wconf 89' lang='lat' dir='ltr'><strong>Deus</strong></span> <span class='ocrx_word' id='word_1_393' title='bbox 350 3746 413 3822; x_wconf 92' lang='lat' dir='ltr'><strong>ipse</strong></span> <span class='ocrx_word' id='word_1_394' title='bbox 435 3752 637 3824; x_wconf 87' lang='lat' dir='ltr'><strong>proportiones</strong></span> <span class='ocrx_word' id='word_1_395' title='bbox 660 3749 749 3812; x_wconf 84' lang='lat' dir='ltr'><strong>hasce</strong></span> <span class='ocrx_word' id='word_1_396' title='bbox 771 3756 801 3811; x_wconf 91' lang='lat' dir='ltr'><strong>in</strong></span> <span class='ocrx_word' id='word_1_397' title='bbox 824 3752 993 3828; x_wconf 89' lang='lat' dir='ltr'><strong>corporibus</strong></span> <span class='ocrx_word' id='word_1_398' title='bbox 1027 3760 1056 3809; x_wconf 91' lang='lat' dir='ltr'><strong>et</strong></span> <span class='ocrx_word' id='word_1_399' title='bbox 1082 3749 1210 3808; x_wconf 90' lang='lat' dir='ltr'><strong>motibus</strong></span> <span class='ocrx_word' id='word_1_400' title='bbox 1233 3749 1407 3824; x_wconf 83' lang='lat' dir='ltr'><strong>expresserit</strong></span> <span class='ocrx_word' id='word_1_401' title='bbox 1434 3746 1599 3805; x_wconf 77' lang='lat' dir='ltr'><strong>invariabi-</strong></span> 
     </span>
     <span class='ocr_line' id='line_1_40' title="bbox 247 3830 1598 3912; baseline 0.001 -23"><span class='ocrx_word' id='word_1_402' title='bbox 247 3830 323 3903; x_wconf 89' lang='lat' dir='ltr'><strong>liter,</strong></span> <span class='ocrx_word' id='word_1_403' title='bbox 345 3835 409 3892; x_wconf 82' lang='lat' dir='ltr'><strong>sive</strong></span> <span class='ocrx_word' id='word_1_404' title='bbox 433 3834 558 3911; x_wconf 89' lang='lat' dir='ltr'><strong>quadam</strong></span> <span class='ocrx_word' id='word_1_405' title='bbox 580 3841 758 3912; x_wconf 80' lang='lat' dir='ltr'><strong>geometrica</strong></span> <span class='ocrx_word' id='word_1_406' title='bbox 786 3842 961 3899; x_wconf 85' lang='lat' dir='ltr'><strong>necessitate</strong></span> <span class='ocrx_word' id='word_1_407' title='bbox 983 3839 1123 3899; x_wconf 89' lang='lat' dir='ltr'><strong>materiae</strong></span> <span class='ocrx_word' id='word_1_408' title='bbox 1152 3836 1181 3892; x_wconf 91' lang='lat' dir='ltr'><strong>iu</strong></span> <span class='ocrx_word' id='word_1_409' title='bbox 1205 3833 1347 3892; x_wconf 87' lang='lat' dir='ltr'><strong>inlinitum</strong></span> <span class='ocrx_word' id='word_1_410' title='bbox 1371 3832 1509 3892; x_wconf 85' lang='lat' dir='ltr'><strong>dividuae</strong></span> <span class='ocrx_word' id='word_1_411' title='bbox 1530 3849 1598 3891; x_wconf 90' lang='lat' dir='ltr'><strong>mo·</strong></span> 
     </span>
     <span class='ocr_line' id='line_1_41' title="bbox 248 3920 1599 4001; baseline 0.001 -25"><span class='ocrx_word' id='word_1_412' title='bbox 248 3925 389 3993; x_wconf 89' lang='lat' dir='ltr'><strong>tuumque</strong></span> <span class='ocrx_word' id='word_1_413' title='bbox 416 3938 469 3998; x_wconf 89' lang='lat' dir='ltr'><strong>per</strong></span> <span class='ocrx_word' id='word_1_414' title='bbox 492 3926 630 3984; x_wconf 86' lang='lat' dir='ltr'><strong>materiae</strong></span> <span class='ocrx_word' id='word_1_415' title='bbox 654 3929 846 4001; x_wconf 88' lang='lat' dir='ltr'><strong>quantitatem</strong></span> <span class='ocrx_word' id='word_1_416' title='bbox 875 3927 952 3985; x_wconf 89' lang='lat' dir='ltr'><strong>iuter</strong></span> <span class='ocrx_word' id='word_1_417' title='bbox 973 3923 1102 3982; x_wconf 81' lang='lat' dir='ltr'><strong>infinitas</strong></span> <span class='ocrx_word' id='word_1_418' title='bbox 1123 3924 1328 3999; x_wconf 87' lang='lat' dir='ltr'><strong>proportiones</strong></span> <span class='ocrx_word' id='word_1_419' title='bbox 1357 3937 1415 3979; x_wconf 93' lang='lat' dir='ltr'><strong>aon</strong></span> <span class='ocrx_word' id='word_1_420' title='bbox 1448 3920 1599 3979; x_wconf 89' lang='lat' dir='ltr'><strong>harmoni·</strong></span> 
     </span>
     <span class='ocr_line' id='line_1_42' title="bbox 247 4010 1598 4088; baseline 0 -23"><span class='ocrx_word' id='word_1_421' title='bbox 247 4021 297 4065; x_wconf 87' lang='lat' dir='ltr'><strong>cas</strong></span> <span class='ocrx_word' id='word_1_422' title='bbox 318 4010 501 4083; x_wconf 22' lang='lat' dir='ltr'><strong>*occurrerint</strong></span> <span class='ocrx_word' id='word_1_423' title='bbox 528 4012 616 4068; x_wconf 91' lang='lat' dir='ltr'><strong>etiam</strong></span> <span class='ocrx_word' id='word_1_424' title='bbox 637 4011 823 4074; x_wconf 88' lang='lat' dir='ltr'><strong>harmonicae</strong></span> <span class='ocrx_word' id='word_1_425' title='bbox 852 4015 927 4073; x_wconf 88' lang='lat' dir='ltr'><strong>istae</strong></span> <span class='ocrx_word' id='word_1_426' title='bbox 950 4015 1011 4071; x_wconf 89' lang='lat' dir='ltr'><strong>suis</strong></span> <span class='ocrx_word' id='word_1_427' title='bbox 1034 4011 1229 4088; x_wconf 88' lang='lat' dir='ltr'><strong>temporibus,</strong></span> <span class='ocrx_word' id='word_1_428' title='bbox 1263 4019 1292 4070; x_wconf 91' lang='lat' dir='ltr'><strong>et</strong></span> <span class='ocrx_word' id='word_1_429' title='bbox 1307 4010 1350 4069; x_wconf 90' lang='lat' dir='ltr'><strong>sic</strong></span> <span class='ocrx_word' id='word_1_430' title='bbox 1372 4025 1430 4068; x_wconf 89' lang='lat' dir='ltr'><strong>uon</strong></span> <span class='ocrx_word' id='word_1_431' title='bbox 1454 4011 1483 4066; x_wconf 90' lang='lat' dir='ltr'><strong>in</strong></span> <span class='ocrx_word' id='word_1_432' title='bbox 1506 4024 1598 4075; x_wconf 86' lang='lat' dir='ltr'><strong>esse,</strong></span> 
     </span>
     <span class='ocr_line' id='line_1_43' title="bbox 246 4090 1600 4176; baseline 0 -24"><span class='ocrx_word' id='word_1_433' title='bbox 246 4090 300 4152; x_wconf 90' lang='lat' dir='ltr'><strong>sed</strong></span> <span class='ocrx_word' id='word_1_434' title='bbox 322 4093 352 4150; x_wconf 91' lang='lat' dir='ltr'><strong>in</strong></span> <span class='ocrx_word' id='word_1_435' title='bbox 374 4092 388 4151; x_wconf 91' lang='lat' dir='ltr'><strong>i</strong></span> <span class='ocrx_word' id='word_1_436' title='bbox 396 4095 468 4154; x_wconf 89' lang='lat' dir='ltr'><strong>ieri</strong></span> <span class='ocrx_word' id='word_1_437' title='bbox 491 4098 660 4157; x_wconf 87' lang='lat' dir='ltr'><strong>consistunt.</strong></span> <span class='ocrx_word' id='word_1_438' title='bbox 704 4100 766 4159; x_wconf 89' lang='lat' dir='ltr'><strong>Nec</strong></span> <span class='ocrx_word' id='word_1_439' title='bbox 788 4109 901 4161; x_wconf 90' lang='lat' dir='ltr'><strong>tantum</strong></span> <span class='ocrx_word' id='word_1_440' title='bbox 923 4099 1051 4176; x_wconf 80' lang='lat' dir='ltr'><strong>gaudent</strong></span> <span class='ocrx_word' id='word_1_441' title='bbox 1073 4107 1194 4170; x_wconf 87' lang='lat' dir='ltr'><strong>mentes,</strong></span> <span class='ocrx_word' id='word_1_442' title='bbox 1219 4097 1276 4157; x_wconf 90' lang='lat' dir='ltr'><strong>Dei</strong></span> <span class='ocrx_word' id='word_1_443' title='bbox 1299 4098 1451 4168; x_wconf 72' lang='lat' dir='ltr'><strong>imagines,</strong></span> <span class='ocrx_word' id='word_1_444' title='bbox 1474 4112 1600 4172; x_wconf 89' lang='lat' dir='ltr'><strong>propor-</strong></span> 
     </span>
     <span class='ocr_line' id='line_1_44' title="bbox 247 4180 1600 4265; baseline 0.001 -25"><span class='ocrx_word' id='word_1_445' title='bbox 247 4180 378 4240; x_wconf 87' lang='lat' dir='ltr'><strong>tionibus</strong></span> <span class='ocrx_word' id='word_1_446' title='bbox 401 4183 451 4254; x_wconf 89' lang='lat' dir='ltr'><strong>iis,</strong></span> <span class='ocrx_word' id='word_1_447' title='bbox 483 4182 536 4242; x_wconf 90' lang='lat' dir='ltr'><strong>sed</strong></span> <span class='ocrx_word' id='word_1_448' title='bbox 559 4193 678 4244; x_wconf 90' lang='lat' dir='ltr'><strong>utuntur</strong></span> <span class='ocrx_word' id='word_1_449' title='bbox 706 4188 795 4247; x_wconf 88' lang='lat' dir='ltr'><strong>etiam</strong></span> <span class='ocrx_word' id='word_1_450' title='bbox 818 4187 923 4247; x_wconf 88' lang='lat' dir='ltr'><strong>iisdem</strong></span> <span class='ocrx_word' id='word_1_451' title='bbox 945 4204 998 4265; x_wconf 88' lang='lat' dir='ltr'><strong>pro</strong></span> <span class='ocrx_word' id='word_1_452' title='bbox 1020 4186 1136 4261; x_wconf 83' lang='lat' dir='ltr'><strong>legibus</strong></span> <span class='ocrx_word' id='word_1_453' title='bbox 1162 4183 1201 4244; x_wconf 89' lang='lat' dir='ltr'><strong>ad</strong></span> <span class='ocrx_word' id='word_1_454' title='bbox 1229 4182 1396 4261; x_wconf 84' lang='lat' dir='ltr'><strong>peragenda</strong></span> <span class='ocrx_word' id='word_1_455' title='bbox 1422 4200 1477 4243; x_wconf 88' lang='lat' dir='ltr'><strong>sua</strong></span> <span class='ocrx_word' id='word_1_456' title='bbox 1497 4182 1600 4242; x_wconf 90' lang='lat' dir='ltr'><strong>munia</strong></span> 
     </span>
     <span class='ocr_line' id='line_1_45' title="bbox 248 4269 1598 4349; baseline 0.001 -24"><span class='ocrx_word' id='word_1_457' title='bbox 248 4269 511 4346; x_wconf 90' lang='lat' dir='ltr'><strong>proportionesque</strong></span> <span class='ocrx_word' id='word_1_458' title='bbox 542 4271 659 4332; x_wconf 87' lang='lat' dir='ltr'><strong>easdem</strong></span> <span class='ocrx_word' id='word_1_459' title='bbox 683 4276 711 4332; x_wconf 90' lang='lat' dir='ltr'><strong>in</strong></span> <span class='ocrx_word' id='word_1_460' title='bbox 734 4276 864 4336; x_wconf 89' lang='lat' dir='ltr'><strong>motibus</strong></span> <span class='ocrx_word' id='word_1_461' title='bbox 885 4291 1004 4334; x_wconf 88' lang='lat' dir='ltr'><strong>auomm</strong></span> <span class='ocrx_word' id='word_1_462' title='bbox 1035 4289 1205 4349; x_wconf 88' lang='lat' dir='ltr'><strong>corporum,</strong></span> <span class='ocrx_word' id='word_1_463' title='bbox 1236 4290 1296 4348; x_wconf 89' lang='lat' dir='ltr'><strong>qua</strong></span> <span class='ocrx_word' id='word_1_464' title='bbox 1318 4272 1400 4341; x_wconf 87' lang='lat' dir='ltr'><strong>iicet,</strong></span> <span class='ocrx_word' id='word_1_465' title='bbox 1432 4273 1598 4348; x_wconf 86' lang='lat' dir='ltr'><strong>exprimen-</strong></span> 
     </span>
     <span class='ocr_line' id='line_1_46' title="bbox 251 4354 1600 4441; baseline -0.003 -21"><span class='ocrx_word' id='word_1_466' title='bbox 251 4354 314 4414; x_wconf 80' lang='lat' dir='ltr'><strong>das·</strong></span> <span class='ocrx_word' id='word_1_467' title='bbox 358 4355 503 4433; x_wconf 82' lang='lat' dir='ltr'><strong>Exempla</strong></span> <span class='ocrx_word' id='word_1_468' title='bbox 524 4357 676 4421; x_wconf 87' lang='lat' dir='ltr'><strong>luculenta</strong></span> <span class='ocrx_word' id='word_1_469' title='bbox 698 4363 756 4424; x_wconf 92' lang='lat' dir='ltr'><strong>duo</strong></span> <span class='ocrx_word' id='word_1_470' title='bbox 779 4354 926 4441; x_wconf 73' lang='lat' dir='ltr'><strong>protomar</strong></span> <span class='ocrx_word' id='word_1_471' title='bbox 947 4361 1014 4423; x_wconf 89' lang='lat' dir='ltr'><strong>libri</strong></span> <span class='ocrx_word' id='word_1_472' title='bbox 1029 4367 1195 4437; x_wconf 83' lang='lat' dir='ltr'><strong>sequentes,</strong></span> <span class='ocrx_word' id='word_1_473' title='bbox 1219 4377 1308 4418; x_wconf 89' lang='lat' dir='ltr'><strong>unum</strong></span> <span class='ocrx_word' id='word_1_474' title='bbox 1328 4360 1420 4434; x_wconf 90' lang='lat' dir='ltr'><strong>ipsius</strong></span> <span class='ocrx_word' id='word_1_475' title='bbox 1435 4358 1491 4417; x_wconf 92' lang='lat' dir='ltr'><strong>Dei</strong></span> <span class='ocrx_word' id='word_1_476' title='bbox 1507 4356 1600 4417; x_wconf 78' lang='lat' dir='ltr'><strong>Crea-</strong></span> 
     </span>
     <span class='ocr_line' id='line_1_47' title="bbox 248 4443 1600 4528; baseline -0.001 -25"><span class='ocrx_word' id='word_1_477' title='bbox 248 4443 336 4517; x_wconf 89' lang='lat' dir='ltr'><strong>toris,</strong></span> <span class='ocrx_word' id='word_1_478' title='bbox 368 4446 418 4521; x_wconf 89' lang='lat' dir='ltr'><strong>qui</strong></span> <span class='ocrx_word' id='word_1_479' title='bbox 440 4448 676 4523; x_wconf 87' lang='lat' dir='ltr'><strong>proportionibus</strong></span> <span class='ocrx_word' id='word_1_480' title='bbox 699 4449 875 4511; x_wconf 89' lang='lat' dir='ltr'><strong>harmonicis</strong></span> <span class='ocrx_word' id='word_1_481' title='bbox 899 4450 1067 4528; x_wconf 89' lang='lat' dir='ltr'><strong>dispertitus</strong></span> <span class='ocrx_word' id='word_1_482' title='bbox 1098 4457 1141 4508; x_wconf 89' lang='lat' dir='ltr'><strong>est</strong></span> <span class='ocrx_word' id='word_1_483' title='bbox 1162 4455 1261 4506; x_wconf 90' lang='lat' dir='ltr'><strong>motas</strong></span> <span class='ocrx_word' id='word_1_484' title='bbox 1282 4445 1444 4517; x_wconf 88' lang='lat' dir='ltr'><strong>coelorum,</strong></span> <span class='ocrx_word' id='word_1_485' title='bbox 1475 4443 1600 4504; x_wconf 88' lang='lat' dir='ltr'><strong>alterum</strong></span> 
     </span>
     <span class='ocr_line' id='line_1_48' title="bbox 249 4531 1599 4610; baseline 0 -20"><span class='ocrx_word' id='word_1_486' title='bbox 249 4531 365 4591; x_wconf 89' lang='lat' dir='ltr'><strong>animas</strong></span> <span class='ocrx_word' id='word_1_487' title='bbox 388 4531 482 4607; x_wconf 88' lang='lat' dir='ltr'><strong>illius,</strong></span> <span class='ocrx_word' id='word_1_488' title='bbox 514 4551 603 4610; x_wconf 88' lang='lat' dir='ltr'><strong>quum</strong></span> <span class='ocrx_word' id='word_1_489' title='bbox 624 4544 759 4598; x_wconf 89' lang='lat' dir='ltr'><strong>naturam</strong></span> <span class='ocrx_word' id='word_1_490' title='bbox 782 4539 970 4599; x_wconf 88' lang='lat' dir='ltr'><strong>sublunarem</strong></span> <span class='ocrx_word' id='word_1_491' title='bbox 993 4537 1088 4596; x_wconf 87' lang='lat' dir='ltr'><strong>dleere</strong></span> <span class='ocrx_word' id='word_1_492' title='bbox 1109 4532 1256 4605; x_wconf 87' lang='lat' dir='ltr'><strong>solemus,</strong></span> <span class='ocrx_word' id='word_1_493' title='bbox 1284 4534 1387 4594; x_wconf 90' lang='lat' dir='ltr'><strong>cientis</strong></span> <span class='ocrx_word' id='word_1_494' title='bbox 1408 4541 1539 4592; x_wconf 88' lang='lat' dir='ltr'><strong>meteora</strong></span> <span class='ocrx_word' id='word_1_495' title='bbox 1561 4531 1599 4590; x_wconf 87' lang='lat' dir='ltr'><strong>ad</strong></span> 
     </span>
     <span class='ocr_line' id='line_1_49' title="bbox 250 4618 1646 4702; baseline -0.001 -27"><span class='ocrx_word' id='word_1_496' title='bbox 250 4621 461 4696; x_wconf 89' lang='lat' dir='ltr'><strong>praescriptum</strong></span> <span class='ocrx_word' id='word_1_497' title='bbox 483 4625 719 4699; x_wconf 89' lang='lat' dir='ltr'><strong>proportionum,</strong></span> <span class='ocrx_word' id='word_1_498' title='bbox 752 4642 827 4702; x_wconf 92' lang='lat' dir='ltr'><strong>quae</strong></span> <span class='ocrx_word' id='word_1_499' title='bbox 850 4632 1004 4686; x_wconf 82' lang='lat' dir='ltr'><strong>oceanum</strong></span> <span class='ocrx_word' id='word_1_500' title='bbox 1034 4625 1063 4682; x_wconf 92' lang='lat' dir='ltr'><strong>in</strong></span> <span class='ocrx_word' id='word_1_501' title='bbox 1086 4621 1297 4682; x_wconf 89' lang='lat' dir='ltr'><strong>radiationibus</strong></span> <span class='ocrx_word' id='word_1_502' title='bbox 1328 4626 1480 4679; x_wconf 85' lang='lat' dir='ltr'><strong>astrorum.</strong></span> <span class='ocrx_word' id='word_1_503' title='bbox 1525 4618 1600 4679; x_wconf 84' lang='lat' dir='ltr'><strong>Ter·</strong></span> <span class='ocrx_word' id='word_1_504' title='bbox 1638 4658 1646 4673; x_wconf 75' lang='lat'><em>.</em></span> 
     </span>
     <span class='ocr_line' id='line_1_50' title="bbox 250 4701 1599 4791; baseline 0 -27"><span class='ocrx_word' id='word_1_505' title='bbox 250 4707 323 4791; x_wconf 86' lang='lat' dir='ltr'><strong>tiam</strong></span> <span class='ocrx_word' id='word_1_506' title='bbox 347 4707 434 4781; x_wconf 82' lang='lat' dir='ltr'><strong>igitur</strong></span> <span class='ocrx_word' id='word_1_507' title='bbox 457 4718 487 4767; x_wconf 92' lang='lat' dir='ltr'><strong>et</strong></span> <span class='ocrx_word' id='word_1_508' title='bbox 508 4710 596 4787; x_wconf 89' lang='lat' dir='ltr'><strong>hujus</strong></span> <span class='ocrx_word' id='word_1_509' title='bbox 619 4711 684 4771; x_wconf 88' lang='lat' dir='ltr'><strong>libri</strong></span> <span class='ocrx_word' id='word_1_510' title='bbox 708 4715 856 4791; x_wconf 86' lang='lat' dir='ltr'><strong>proprium</strong></span> <span class='ocrx_word' id='word_1_511' title='bbox 880 4712 1045 4791; x_wconf 85' lang='lat' dir='ltr'><strong>exemplum</strong></span> <span class='ocrx_word' id='word_1_512' title='bbox 1073 4718 1137 4770; x_wconf 90' lang='lat' dir='ltr'><strong>esto</strong></span> <span class='ocrx_word' id='word_1_513' title='bbox 1160 4701 1276 4768; x_wconf 82' lang='lat' dir='ltr'><strong>animae</strong></span> <span class='ocrx_word' id='word_1_514' title='bbox 1297 4706 1442 4766; x_wconf 83' lang='lat' dir='ltr'><strong>hirmanae</strong></span> <span class='ocrx_word' id='word_1_515' title='bbox 1465 4706 1599 4782; x_wconf 88' lang='lat' dir='ltr'><strong>adeoque</strong></span> 
     </span>
     <span class='ocr_line' id='line_1_51' title="bbox 251 4793 1601 4878; baseline 0 -26"><span class='ocrx_word' id='word_1_516' title='bbox 251 4799 281 4853; x_wconf 90' lang='lat' dir='ltr'><strong>et</strong></span> <span class='ocrx_word' id='word_1_517' title='bbox 307 4793 453 4869; x_wconf 88' lang='lat' dir='ltr'><strong>pecudum</strong></span> <span class='ocrx_word' id='word_1_518' title='bbox 485 4798 709 4873; x_wconf 82' lang='lat' dir='ltr'><strong>quadamtenus</strong></span> <span class='ocrx_word' id='word_1_519' title='bbox 753 4803 827 4863; x_wconf 88' lang='lat' dir='ltr'><strong>iliae</strong></span> <span class='ocrx_word' id='word_1_520' title='bbox 858 4803 934 4861; x_wconf 91' lang='lat' dir='ltr'><strong>euim</strong></span> <span class='ocrx_word' id='word_1_521' title='bbox 963 4800 1108 4878; x_wconf 88' lang='lat' dir='ltr'><strong>perceptis</strong></span> <span class='ocrx_word' id='word_1_522' title='bbox 1136 4795 1373 4875; x_wconf 89' lang='lat' dir='ltr'><strong>proportionibus</strong></span> <span class='ocrx_word' id='word_1_523' title='bbox 1402 4811 1507 4853; x_wconf 81' lang='lat' dir='ltr'><strong>vocum</strong></span> <span class='ocrx_word' id='word_1_524' title='bbox 1528 4794 1601 4853; x_wconf 89' lang='lat' dir='ltr'><strong>har·</strong></span> 
     </span>
     <span class='ocr_line' id='line_1_52' title="bbox 251 4880 1601 4964; baseline 0.001 -22"><span class='ocrx_word' id='word_1_525' title='bbox 251 4880 374 4941; x_wconf 81' lang='lat' dir='ltr'><strong>municio</strong></span> <span class='ocrx_word' id='word_1_526' title='bbox 396 4881 534 4961; x_wconf 86' lang='lat' dir='ltr'><strong>gaudeat,</strong></span> <span class='ocrx_word' id='word_1_527' title='bbox 557 4904 616 4947; x_wconf 90' lang='lat' dir='ltr'><strong>non</strong></span> <span class='ocrx_word' id='word_1_528' title='bbox 638 4887 814 4954; x_wconf 88' lang='lat' dir='ltr'><strong>harmonicis</strong></span> <span class='ocrx_word' id='word_1_529' title='bbox 836 4891 1001 4964; x_wconf 86' lang='lat' dir='ltr'><strong>tristantur,</strong></span> <span class='ocrx_word' id='word_1_530' title='bbox 1034 4886 1182 4964; x_wconf 84' lang='lat' dir='ltr'><strong>aquibus</strong></span> <span class='ocrx_word' id='word_1_531' title='bbox 1211 4885 1326 4946; x_wconf 86' lang='lat' dir='ltr'><strong>animae</strong></span> <span class='ocrx_word' id='word_1_532' title='bbox 1354 4882 1508 4943; x_wconf 77' lang='lat' dir='ltr'><strong>atisefibus</strong></span> <span class='ocrx_word' id='word_1_533' title='bbox 1529 4881 1601 4943; x_wconf 88' lang='lat' dir='ltr'><strong>illae</strong></span> 
     </span>
    </p>
   </div>
   <div class='ocr_carea' id='block_1_8' title="bbox 0 0 1814 5625">
    <p class='ocr_par' dir='ltr' id='par_1_13' title="bbox 0 0 1814 5625">
     <span class='ocr_line' id='line_1_53' title="bbox 0 0 1814 5625; baseline 0 0"><span class='ocrx_word' id='word_1_534' title='bbox 0 0 1814 5625; x_wconf 95' lang='lat' dir='ltr'><strong> </strong></span> 
     </span>
    </p>
   </div>
  </div>
 </body>
</html>
