3567 5625
763 163 777 190 t.

267 384 330 442 tto
782 374 930 433 Ptolemaei
946 375 1100 435 Harmonia

265 563 394 612 mentum.
429 554 481 608 nas
502 565 569 607 sese
586 553 737 609 communis
760 553 889 623 utrinqrm
906 561 1009 622 motus,
1032 556 1081 611 sed
1104 554 1132 611 id
1149 555 1203 611 hoc
1220 555 1386 627 discrimine,
1412 566 1444 614 ot
1460 547 1511 616 ille*
1523 562 1552 615 in
1569 577 1616 617 ex·

265 633 413 706 primendis
435 628 570 687 sonitibus
594 631 702 687 incedat
724 632 875 691 saltuatim,
901 632 928 687 in
946 634 1082 691 sideribus
1104 637 1141 691 sit
1158 637 1310 692 continuus.
1347 638 1436 693 Multo
1453 639 1536 709 igitar
1552 656 1615 696 con·

264 714 371 769 munius
389 718 585 779 componentur
602 718 698 768 cautus
716 726 778 765 cum
796 710 905 765 incessu
922 713 1040 767 humano
1058 712 1211 782 graduatio,
1229 731 1310 784 qoam
1328 733 1390 771 cum
1409 724 1484 771 motu
1501 717 1614 788 alicujus

265 794 369 870 sideris.
405 787 484 858 Quod
502 808 566 846 sero
585 790 758 845 Ptolemaeus
776 806 810 844 ex
828 805 861 845 eo
881 790 934 845 vim
951 791 1079 858 intendit,
1104 791 1178 861 quod
1194 805 1285 848 motus
1302 794 1397 851 localia
1420 796 1563 867 utrobique
1581 799 1615 852 sit

265 873 348 942 solus,
365 872 393 926 id
411 885 519 929 rursum
537 872 617 938 longa
634 868 747 938 petitum
766 869 910 937 minusque
928 868 1056 939 generale
1072 876 1114 926 cst
1132 881 1320 940 argumentum
1337 876 1547 944 comparationis
1565 891 1616 932 nec

264 953 318 1007 vim
336 951 419 1007 ullam
437 951 528 1006 habet.
565 949 635 1003 Nam
652 953 701 1001 aut
718 963 772 1001 non
792 954 835 1002 est
853 949 978 1004 absolute
995 965 1087 1004 verum
1110 949 1145 1005 de
1162 950 1319 1008 hermonim
1342 961 1430 1022 moto,
1457 961 1505 1009 aut
1523 957 1549 1008 in
1568 954 1615 1010 illo
1674 977 1677 992 ·

264 1032 322 1087 solo
339 1047 394 1087 non
406 1038 456 1099 est,
475 1045 525 1085 nec
537 1042 588 1098 pro
600 1042 630 1080 re
642 1025 753 1081 coelesti
770 1027 864 1082 haberi
883 1029 973 1095 debet,
991 1045 1051 1083 cnm
1070 1030 1107 1085 sit
1125 1029 1235 1100 vulgare
1253 1030 1288 1085 de
1303 1031 1397 1086 multis
1415 1031 1547 1089 localibus
1559 1051 1614 1089 mo·

263 1112 345 1168 tibus.
380 1109 451 1178 Quid
468 1109 542 1177 quod
561 1121 649 1175 neque
668 1107 701 1160 de
719 1105 797 1161 coelo
815 1115 918 1162 certum
937 1117 988 1177 est,
1005 1116 1097 1164 motus
1109 1108 1228 1165 siderum
1246 1109 1348 1182 locales
1366 1110 1469 1166 nullam
1486 1112 1615 1182 consequi

264 1188 460 1245 alterationem.
497 1187 576 1242 Certe
594 1191 696 1240 motum
715 1184 796 1239 unius
813 1184 924 1254 sideris,
943 1194 973 1241 ut
991 1186 1142 1256 Copernico
1161 1188 1264 1256 placet,
1283 1189 1401 1244 Telluris
1420 1205 1530 1260 nempe,
1554 1207 1616 1246 con-

264 1269 388 1338 sequitur
404 1264 563 1321 vicissitudo
581 1266 695 1319 aestatis
713 1269 742 1317 et
758 1263 863 1318 hiemis.
901 1265 971 1320 Esse
989 1273 1017 1320 et
1034 1266 1061 1319 iu
1081 1265 1186 1335 reliquo
1204 1266 1280 1322 coelo
1299 1268 1481 1339 alterationes,
1499 1277 1617 1337 arguunt

265 1345 387 1402 maculae
404 1343 488 1412 Solis,
515 1353 636 1399 cometae
660 1349 689 1397 et
710 1342 777 1410 alla,
801 1343 948 1410 incertum,
974 1360 1009 1398 an
1034 1352 1166 1413 exparte
1188 1347 1231 1398 rel
1253 1352 1312 1400 toto
1335 1346 1397 1400 illae
1416 1356 1565 1416 sequautur
1582 1363 1616 1402 ex

264 1417 383 1480 motibus
400 1422 542 1477 localibus.
579 1423 625 1478 Sin
644 1422 678 1477 de
696 1437 729 1475 eo
745 1421 888 1490 loquimur,
909 1424 982 1490 quod
1001 1431 1123 1477 veterum
1141 1423 1311 1493 planetarum
1329 1425 1420 1480 nullus
1433 1424 1512 1494 perit,
1531 1440 1617 1480 novus

264 1501 357 1558 nullus
374 1502 508 1570 nascitur,
532 1500 603 1555 idem
622 1510 649 1555 et
667 1499 701 1554 de
719 1498 805 1554 Terra
823 1515 915 1555 renim
935 1511 983 1557 est.
1019 1503 1114 1564 Posito
1132 1520 1196 1557 vero
1219 1503 1271 1557 hoc
1294 1503 1447 1558 discrimine
1469 1505 1539 1557 inter
1556 1518 1616 1558 coe-

263 1583 348 1637 lestes
373 1588 551 1648 terrenosque
578 1585 680 1648 motus,
708 1595 763 1633 nou
785 1579 846 1633 ideo
873 1581 1017 1649 quiequam
1044 1587 1217 1650 promovetur
1239 1580 1394 1635 similitudo·
1412 1582 1617 1650 proportionum

264 1658 423 1714 coelestium
441 1675 501 1714 cum
519 1659 691 1724 harmonicis,
709 1674 760 1713 nec
778 1659 895 1715 vicissim
905 1661 1109 1730 impedirentur,
1128 1661 1179 1715 etsi
1197 1660 1224 1712 in
1237 1659 1315 1715 coelo
1328 1671 1422 1716 essent
1433 1660 1617 1732 alterationes,

265 1753 319 1792 non
336 1738 422 1807 magis
440 1754 521 1806 quam
546 1745 660 1792 ecantu
685 1736 804 1806 humano
826 1737 932 1793 tollitur
957 1739 1110 1810 proportio,
1136 1738 1159 1792 si
1177 1754 1229 1790 vox
1257 1739 1327 1793 inter
1344 1739 1495 1794 canendum
1521 1739 1618 1796 debilis

263 1814 400 1871 reddatur
435 1816 498 1885 Ipse
516 1830 565 1885 per
583 1831 613 1870 se
635 1821 726 1871 motus
745 1816 839 1870 localis
865 1817 949 1872 trahit
966 1834 1057 1873 serum
1077 1817 1197 1871 rationes
1215 1831 1292 1886 suas,
1316 1817 1444 1885 quicquid
1465 1818 1524 1886 jam
1542 1835 1618 1888 prae

263 1903 339 1949 terea
356 1893 470 1950 accidat.

333 1973 489 2029 Secundum
511 1981 714 2043 argumentum,
742 1992 797 2045 qua
819 1978 847 2030 in
864 1983 944 2044 parte
963 1975 1072 2031 deficiat
1089 1976 1277 2040 Ptolemaeus,
1302 1976 1361 2046 ipse
1384 1989 1433 2045 per
1457 1975 1618 2045 objectionis

264 2053 383 2124 speciem
400 2052 516 2121 detexit3
542 2053 646 2108 valeret
662 2061 755 2110 tanum
773 2055 808 2110 ad
826 2053 1045 2124 probabilitatem
1063 2055 1257 2110 adstruendam
1275 2053 1474 2110 accidentarlae
1496 2054 1618 2123 ejusdem

263 2131 445 2191 similitudinis
464 2134 502 2200 (in
519 2147 601 2199 quam
619 2131 744 2188 rhetoras
761 2133 862 2203 potius,
881 2147 962 2201 quam
982 2131 1161 2202 philosophos
1178 2132 1335 2189 incumbere
1352 2148 1403 2202 par
1420 2136 1500 2202 erat),
1522 2133 1545 2188 si
1563 2149 1618 2191 non

263 2214 348 2283 magis
366 2213 400 2268 ad
419 2221 501 2282 caput
519 2227 637 2279 sequens
655 2214 811 2281 pertineret.
847 2212 934 2267 Nimis
952 2213 1022 2267 enim
1042 2212 1145 2268 recedit
1164 2213 1335 2268 Ptolemaeus
1353 2213 1381 2267 in
1400 2220 1517 2282 unoque
1535 2228 1613 2285 argu·

262 2301 355 2348 mento
377 2308 394 2346 a
416 2294 557 2362 proposito
578 2290 701 2360 zodiaco,
728 2293 858 2348 delabens
884 2292 920 2346 ad
937 2300 1040 2348 motum
1067 2294 1185 2349 siderum
1208 2292 1260 2349 sub
1279 2308 1323 2362 eo,
1349 2294 1383 2346 de
1400 2311 1455 2362 quo
1478 2303 1559 2349 erunt
1576 2309 1618 2349 se·

264 2375 375 2443 quentia
392 2373 491 2441 capita.
528 2370 600 2425 Illud
626 2386 661 2424 ne
679 2371 852 2426 obliviscare.
879 2371 952 2438 quod
972 2372 1090 2426 reversio
1109 2374 1260 2442 specierum
1283 2371 1363 2427 nnius
1387 2372 1518 2443 diapason
1541 2372 1618 2430 nullo

263 2453 343 2508 modo
362 2467 472 2508 causam
490 2450 592 2504 habeat
609 2465 697 2519 neque
715 2450 891 2520 archetypum
910 2449 1080 2507 identitatem
1103 2452 1230 2522 principii
1248 2451 1364 2520 finisque
1383 2469 1432 2506 seu
1451 2454 1479 2507 in
1497 2453 1618 2521 zodiaco,

266 2547 315 2587 seu
332 2531 359 2586 in
378 2530 543 2586 motionibus
561 2529 614 2583 sub
632 2545 678 2592 eo,
699 2546 759 2584 nam
779 2530 831 2583 hoc
850 2538 956 2585 tantum
976 2530 1061 2590 abest.
1082 2539 1114 2585 ιιι
1130 2532 1155 2585 si
1172 2531 1200 2584 in
1219 2529 1322 2585 chorda
1340 2532 1379 2584 sic
1391 2529 1552 2601 principium
1571 2531 1620 2585 fini

265 2626 419 2668 connexum
437 2618 519 2676 esset,
544 2609 695 2676 specierum
714 2608 852 2663 distinctio
877 2606 952 2661 nulla
977 2609 1070 2663 futura
1086 2607 1169 2665 thenit
1194 2611 1279 2679 ipsius
1301 2610 1439 2679 diapason.
1477 2611 1619 2678 Quomodo

263 2704 326 2744 vero
344 2687 512 2744 instituenda
530 2688 565 2740 sit
584 2688 652 2740 haec
671 2688 849 2754 comparatio,
875 2693 906 2738 ut
924 2698 952 2740 er.
970 2686 1124 2742 articulatio
1143 2687 1178 2741 sit
1202 2688 1282 2742 etad
1302 2704 1401 2742 causae
1426 2691 1619 2745 necessitatem

263 2767 376 2837 propius
400 2765 563 2834 adducatur,
590 2767 677 2821 dicam
701 2768 727 2821 in
752 2767 824 2820 notis
847 2766 882 2820 ad
908 2773 991 2834 caput
1014 2780 1140 2835 sequens.
1176 2766 1257 2836 Quod
1282 2767 1346 2822 item
1373 2767 1456 2822 etde
1480 2771 1561 2824 tertio
1591 2779 1620 2823 et

264 2855 361 2917 quarto
380 2850 540 2914 argumento
558 2846 714 2915 dicendum,
740 2862 810 2915 quae
833 2846 906 2899 hauri
924 2843 1007 2913 paulo
1031 2853 1094 2899 sunt
1111 2847 1224 2900 meliora
1248 2847 1400 2915 prioribus,
1426 2864 1486 2901 cum
1506 2856 1620 2904 naturae

264 2925 414 2995 penetralia
431 2925 565 2991 referant,
591 2926 625 2979 ad
645 2941 762 2993 septiens
781 2925 851 2978 enim
872 2932 956 2992 caput
980 2932 1009 2977 et
1033 2924 1093 2992 ipsa
1117 2928 1281 2994 preminent.¹
1301 2926 1360 2979 Nec
1377 2926 1447 2979 enim
1473 2927 1535 2981 ideo
1562 2927 1619 2982 diu·

263 3020 350 3075 pason
369 3005 547 3059 consonantia
564 3005 711 3073 respondet
728 3004 779 3071 ipsi
799 3001 952 3057 diametreli
970 3004 1189 3071 contigrrrationi,
1210 3004 1273 3072 quia
1291 3022 1323 3056 rx
1343 3012 1491 3073 systemate
1509 3005 1619 3074 quidam

264 3083 338 3138 velut
358 3083 486 3138 zodiacus
510 3082 628 3137 eflicitur
652 3080 760 3148 {accidit
780 3081 832 3136 hoc
851 3080 890 3133 illi
910 3081 1054 3149 captationi,
1081 3092 1112 3136 ιιι
1130 3084 1251 3137 chordae
1273 3085 1404 3153 diapason
1429 3084 1561 3141 iacientes
1579 3086 1620 3139 in·

266 3162 359 3218 cidant
374 3163 402 3216 in
421 3162 482 3215 loca
500 3161 594 3215 circuli
613 3160 757 3230 opposita),
776 3161 824 3214 sed
843 3161 868 3213 in
889 3175 996 3228 genere,
1015 3162 1077 3229 qnia
1097 3168 1125 3214 et
1143 3161 1191 3215 illa
1208 3162 1387 3216 consonantia
1404 3170 1448 3217 est
1465 3164 1573 3234 aliqua,
1593 3174 1621 3220 ct

263 3241 332 3295 haec
350 3247 478 3310 aspectus
502 3239 608 3308 aliquis.
644 3239 752 3294 Accidit
773 3238 839 3295 illud
859 3238 968 3308 quidem
986 3240 1125 3307 systemati
1144 3239 1266 3307 perlecto
1292 3239 1416 3309 pulchre;
1441 3237 1475 3295 at'
1495 3242 1547 3296 hoc
1575 3258 1620 3297 ac·

263 3320 329 3375 cidit
346 3318 425 3373 sinam
444 3317 553 3372 minime
570 3318 694 3388 pulchre,
714 3326 744 3372 ut
762 3319 833 3373 duae
851 3319 970 3373 chordae
988 3316 1109 3372 incidant
1126 3318 1153 3371 iu
1172 3319 1243 3372 idem
1262 3328 1402 3388 punctum,
1421 3336 1491 3390 quae
1503 3323 1575 3376 inter
1588 3337 1619 3375 se

262 3395 438 3466 disdiapason
455 3394 567 3453 iaciunt.
587 3413 647 3451 oum
660 3390 867 3467 configuratioui
880 3395 1023 3467 corporali,
1042 3395 1068 3448 id
1083 3404 1124 3449 est
1137 3397 1329 3465 conjunctioni,
1349 3400 1439 3468 potius
1452 3399 1620 3468 respondeat

264 3474 402 3542 umsonus,
421 3474 552 3544 diapason
572 3491 635 3529 vcro
654 3473 819 3545 respondeat
837 3476 1044 3544 configurationi
1064 3476 1288 3545 quadrangulari,
1308 3484 1339 3531 ui
1360 3477 1510 3534 audiemus.

349 3552 429 3621 Quod
447 3556 602 3623 oppositum
621 3564 762 3624 aspectum
780 3557 899 3611 siderum
918 3561 946 3608 et
964 3555 1168 3608 consonantiam
1193 3555 1323 3625 diapason
1343 3556 1547 3613 efficacissimos
1571 3575 1620 3629 ap-

262 3632 363 3702 pellat,
387 3632 416 3685 id
434 3633 487 3687 hoc
505 3648 586 3688 sensu
607 3650 697 3689 serum
717 3650 779 3690 esse
792 3634 903 3702 jndice,
925 3634 947 3687 si
965 3635 1024 3701 pari
1043 3645 1187 3702 utromque
1205 3651 1288 3703 passu
1308 3637 1344 3689 sit
1363 3635 1473 3703 efficax,
1493 3637 1622 3694 efficacia

262 3711 368 3765 scilicet
384 3726 439 3765 non
457 3713 559 3781 activa,
587 3713 634 3767 sed
654 3713 803 3781 ch'ectira‚
822 3714 850 3767 id
870 3722 925 3782 est,
951 3730 1021 3781 quise
1043 3731 1098 3767 non
1116 3716 1268 3782 materiam,
1293 3715 1342 3769 sed
1366 3715 1480 3770 animam
1498 3716 1620 3785 aliquam

263 3797 382 3858 moreat,
406 3796 438 3842 ut
455 3790 564 3857 objecta
581 3800 691 3846 movent
708 3807 813 3847 sensus,
851 3793 903 3846 Est
922 3793 993 3846 cuim
1012 3792 1284 3862 subintelligendum,
1310 3794 1414 3849 animas
1432 3795 1506 3864 ipsas
1525 3798 1622 3866 potins

260 3870 435 3937 perceptione
453 3869 549 3923 harum
567 3870 789 3937 proportionum,
807 3875 863 3923 tam
884 3870 1023 3941 vocalium,
1044 3889 1125 3939 quam
1145 3873 1309 3949 sideralium,
1329 3874 1399 3929 circa
1414 3874 1484 3930 hanc
1502 3878 1531 3932 in
1543 3885 1622 3932 utro-

262 3959 316 4015 que
333 3962 434 4017 genere
451 3946 562 4016 duplam
581 3949 784 4017 proportionem
803 3950 1009 4017 operosissimas
1029 3968 1101 4022 esse,
1128 3954 1168 4005 rei
1188 3952 1235 4008 ilia
1253 3950 1488 4009 vehementissime
1510 3954 1621 4011 incitari

261 4024 297 4079 ad
315 4040 400 4095 opera
416 4040 474 4080 sua
512 4027 570 4095 Qua
590 4029 624 4081 de
642 4046 671 4081 re
689 4027 759 4081 inira
776 4029 863 4097 plura.

349 4105 403 4159 liic
421 4106 500 4160 etism
520 4108 609 4162 obiter
627 4109 788 4177 nomadum,
808 4109 993 4165 Ptolemaeum
1009 4112 1067 4180 jam
1086 4128 1140 4167 nou
1160 4112 1275 4167 obscure
1294 4114 1461 4185 enumeris,
1479 4114 1507 4168 in
1526 4117 1622 4171 causis

261 4183 499 4240 consonantiarum
517 4186 729 4255 constituendis,
747 4186 782 4241 sd
801 4204 876 4243 meas
894 4189 988 4246 circuli
1006 4190 1150 4247 divisiones
1168 4190 1323 4247 desciscere
1345 4201 1373 4246 et
1391 4207 1498 4247 mecum
1515 4195 1623 4251 sentire

261 4265 394 4333 incipere,
416 4262 482 4319 dum
500 4280 534 4320 ex
552 4266 604 4321 hac
621 4264 730 4321 demum
747 4266 931 4337 applicatione
949 4269 1104 4339 systematis
1128 4268 1164 4324 ad
1180 4268 1321 4326 reducum
1345 4270 1494 4340 legitimam
1512 4272 1624 4329 invenit

261 4342 461 4412 probationem,
479 4359 528 4399 cur
546 4344 677 4415 diapason
695 4346 732 4401 sit
749 4348 943 4416 operosissima
960 4349 1212 4417 consonantiarum,
1236 4349 1342 4405 scilicet
1359 4357 1473 4420 propter
1489 4357 1622 4407 naturam

192 4484 196 4491 Ι
261 4419 400 4479 didaionis
419 4421 513 4480 cuculi
531 4438 581 4493 per
599 4425 767 4481 diametrum.
1546 4462 1550 4469 -
