3567 5625
673 419 757 476 biber
772 418 823 475 111.
843 418 933 490 caput
949 419 1022 476 xiv.
1460 420 1523 480 889

168 597 257 653 minor
274 602 303 651 et
320 595 500 665 semitonium,
518 602 546 652 et
564 595 603 651 sic
620 595 679 651 toni
696 594 751 650 duo
769 594 850 650 semis
868 611 924 651 non
942 598 1081 659 murata
1101 590 1149 648 sed
1168 590 1265 647 saltam
1283 589 1474 661 nuncupative,
1493 596 1525 645 nt

169 675 346 731 Ptolemaeus
363 675 422 745 ipse
440 673 641 730 demonstrarit
669 673 738 728 Toni
756 675 826 727 euim
845 689 894 729 seu
913 673 1096 745 proportionis
1114 671 1321 741 sesquioctavae
1339 669 1459 726 semissis
1477 685 1523 725 ex·

168 760 230 808 acta
248 761 291 808 est
308 751 443 807 ineffabile
460 753 608 822 quippiam

255 848 328 903 Nota
345 847 405 901 XII.
441 847 582 902 Hactenus
600 847 683 918 igitur
699 847 769 903 tales
781 847 997 918 comparationes
1016 847 1114 916 attulit,
1134 863 1204 918 qnae
1221 848 1347 918 planetas
1365 863 1458 902 omnes
1476 854 1525 902 aut

168 936 242 983 certe
258 926 388 995 map'orem
407 943 499 982 eornm
516 936 620 996 partem
639 928 817 983 communiter
833 928 995 984 attinebant.
1013 928 1075 982 Jam
1094 943 1123 982 se
1141 928 1285 1000 accingens
1304 928 1339 983 ad
1357 925 1523 994 singulorum
1599 969 1624 1022 ,Ι

168 1007 249 1062 orbes
268 1014 296 1060 et
313 1012 404 1059 motus
422 1022 484 1060 cum
501 1007 584 1061 rebus
602 1007 712 1062 musicis
730 1007 927 1076 comparandos
954 1008 981 1062 iu
999 1008 1059 1078 ipso
1078 1014 1177 1063 conatu
1194 1006 1309 1078 defecit,
1337 1007 1439 1062 relictis
1458 1006 1523 1060 lem·

169 1085 288 1140 metibus
307 1085 426 1154 capitum
444 1086 502 1141 sine
520 1087 691 1141 tractatione.

255 1182 328 1236 Nota
344 1180 420 1235 xln.
457 1179 599 1234 Praefatur
610 1187 709 1247 antem,
728 1196 880 1236 sensurum
895 1183 1079 1251 experientiae
1091 1183 1255 1250 testimonio,
1274 1197 1323 1237 seu
1335 1180 1524 1238 observatione

171 1276 280 1315 ‹eomm
299 1275 369 1329 quse
387 1259 457 1314 finnt
474 1260 516 1312 rel
534 1259 609 1314 faeta
627 1268 717 1314 sunt».
752 1259 797 1315 Sic
814 1261 885 1315 enim
904 1267 947 1316 est
964 1261 1140 1330 intelligenda
1156 1277 1209 1315 soa
1227 1261 1338 1328 ultime,
1356 1259 1410 1315 nisi
1427 1276 1523 1316 manca

170 1350 198 1396 et
214 1341 376 1409 Inperfecta
393 1340 429 1394 sit
446 1347 474 1394 et
491 1340 608 1408 abrupta
626 1339 747 1410 seripho.
785 1340 869 1408 Cujus
887 1341 927 1395 rei
945 1340 1127 1410 suspicionem
1145 1339 1313 1410 praebetis,
1342 1340 1389 1408 qni
1407 1355 1523 1409 sequen·

168 1420 208 1474 tia
224 1418 278 1474 tria
297 1420 388 1489 capita
413 1419 596 1487 concinnavit,
622 1436 654 1474 eo
683 1418 755 1488 quod
782 1420 851 1475 baec
876 1421 959 1476 verba
978 1435 1011 1475 ex
1029 1419 1083 1474 dne
1101 1419 1182 1488 huJ'us
1200 1419 1298 1488 capitis
1315 1420 1344 1474 in
1360 1420 1522 1490 principium

169 1501 310 1568 sequentis
328 1499 444 1555 contulit
462 1505 567 1553 etcum
585 1498 643 1553 aliis
669 1499 758 1553 verbis
776 1515 831 1554 nna
850 1500 1055 1556 construetione
1081 1498 1236 1554 connexuit.
1272 1498 1406 1556 ExIstimo
1424 1507 1522 1567 annm,

168 1576 231 1632 ideo
250 1577 401 1646 pollicitum
428 1592 489 1631 esse
506 1576 691 1634 Ptolemaeum
719 1578 937 1634 observationum
963 1600 1011 1632 ros
1027 1599 1169 1647 smarnos
1196 1576 1278 1645 [forte
1295 1579 1521 1648 phaenomsnon),

169 1658 234 1724 quis
251 1663 317 1711 sunt
335 1663 425 1711 certae
443 1656 663 1718 observationes,
682 1658 782 1726 quibus
800 1657 970 1727 planetarum
989 1648 1060 1713 alius
1078 1656 1132 1711 alio
1150 1656 1282 1724 probatur
1299 1656 1384 1712 altior
1400 1673 1475 1713 esse:
1494 1664 1523 1713 st
1619 1677 1622 1684 ⁴

168 1749 233 1788 vero
251 1734 417 1804 comparatio
444 1735 606 1791 musicarum
632 1752 723 1791 rernm
750 1752 812 1791 cum
837 1736 951 1806 singulis
970 1737 1094 1806 sphaeris
1111 1736 1175 1790 bulo
1200 1734 1370 1805 planetarum
1388 1737 1476 1793 audiui
1494 1736 1522 1791 in

169 1812 314 1869 altitudine
332 1813 426 1869 debuit
442 1814 530 1870 inniti⁴
1518 1821 1523 1826 ’

656 2027 658 2032 ⁴
706 2035 846 2106 CAPUT
874 2023 983 2106 xlvi

168 2200 270 2254 Juxta
288 2214 369 2268 quos
387 2197 514 2268 primos
533 2212 690 2253 numeros
704 2200 737 2267 11)
755 2200 944 2268 comparari
961 2197 1096 2268 possint
1113 2196 1258 2255 stabiles
1276 2198 1349 2253 soni
1367 2214 1405 2253 ex
1418 2207 1523 2271 syste-

185 2290 271 2339 mate
289 2284 445 2354 perfecto
464 2284 581 2354 primia
599 2285 744 2340 orbibus
763 2302 874 2340 eornm
888 2286 1057 2356 (siderum)
1070 2300 1154 2353 qnae
1172 2287 1205 2340 in
1223 2284 1344 2340 mundo
1364 2288 1504 2356 suntffl).

256 2435 412 2511 Quomodo
436 2441 524 2516 igitur
553 2438 736 2515 planetarum
764 2442 793 2498 ln
823 2456 931 2516 genere
954 2447 1115 2498 sumtorum
1148 2436 1201 2497 alii
1231 2453 1297 2496 cum
1319 2436 1387 2497 aliis
1411 2443 1522 2499 eonsti-

171 2533 255 2583 tnant
278 2532 372 2584 certas
400 2526 544 2603 quasdam
567 2526 759 2603 efficacesque
782 2527 1041 2603 configurationes,
1072 2524 1280 2604 respondentes
1304 2525 1436 2600 singulas
1459 2529 1522 2587 sin-

171 2612 249 2684 gulis
271 2613 300 2670 iu
322 2611 492 2672 harmonica
514 2615 653 2674 facultate
676 2618 889 2690 consonantiis,
920 2613 1029 2675 dietum
1053 2620 1098 2673 est
1120 2613 1271 2673 hactenns.
1316 2611 1368 2671 Sol
1391 2615 1469 2672 euim
1492 2622 1522 2676 et

170 2700 292 2757 comites
316 2701 389 2775 ejus.
414 2700 514 2760 Venus
538 2701 759 2779 Mercuriusque
783 2720 848 2762 cum
871 2701 991 2779 reliquis
1013 2709 1150 2778 quatuor,
1173 2707 1255 2759 motu
1278 2700 1414 2760 omnibus
1438 2718 1520 2761 com·

171 2788 250 2845 muni
274 2803 324 2863 per
346 2787 498 2847 zodiacum
521 2804 628 2849 omnes
645 2790 806 2868 explicatas
829 2789 1073 2866 configurationes
1096 2788 1222 2849 subsunt
1237 2782 1297 2869 W).
1326 2786 1400 2848 Cum
1422 2797 1522 2865 antem

170 2892 227 2933 non
261 2882 374 2933 tantum
403 2893 585 2935 communem
608 2877 736 2937 habeant
758 2888 868 2937 motum
893 2895 942 2957 per
965 2877 1136 2946 zodiacum,
1170 2875 1222 2936 sed
1252 2875 1404 2935 distinctas
1431 2879 1521 2937 etiam

170 2961 279 3037 singuli
300 2964 471 3038 possideant
493 2964 648 3039 sphaeras,
681 2965 788 3041 quibus
813 2975 981 3036 secuntur,
1011 2965 1078 3041 jure
1101 2963 1267 3023 allubescat
1289 2963 1400 3023 homiui
1421 2965 1520 3041 philo-

170 3048 265 3128 sopho
288 3049 404 3125 videre,
436 3068 507 3109 num
530 3054 619 3110 etism
640 3069 691 3127 per
713 3052 844 3127 strigulos
865 3052 1000 3128 planetas
1029 3050 1169 3111 succedat
1191 3051 1310 3110 ulterior
1332 3051 1434 3129 aliqua
1455 3070 1520 3113 cum

171 3137 349 3196 harmonicis
372 3141 563 3216 comparatio.
609 3138 737 3197 Primum
760 3141 850 3216 igitur
866 3156 1050 3216 quaeramus,
1074 3137 1145 3215 qnid
1167 3156 1263 3197 rerum
1286 3138 1521 3201 harmonicorum

171 3241 237 3284 cum
259 3224 393 3301 sphaeris
415 3225 596 3301 singulorum
625 3226 815 3301 probabiliter
847 3227 970 3286 conferri
1002 3228 1105 3305 possit
1151 3223 1263 3301 Opinor
1293 3233 1407 3301 autem,
1435 3232 1519 3306 sequi

172 3329 287 3371 summa
308 3313 423 3372 unone
446 3313 484 3372 ad
506 3331 550 3385 ea,
575 3330 651 3389 quae
673 3311 815 3373 haetenus
838 3315 1061 3391 usurpavimus,
1084 3320 1118 3372 ut
1139 3314 1217 3372 sieut
1240 3330 1258 3372 a
1279 3313 1519 3389 configurationi·
1633 3348 1641 3365 κ
1703 3336 1709 3363 r

68 3440 71 3445 -
170 3400 242 3473 bus,
266 3398 303 3458 de
325 3401 433 3475 quibus
455 3400 605 3472 hactenus,
628 3403 785 3460 transimus
807 3400 845 3459 ad
868 3403 934 3478 ipsa
956 3417 1092 3478 corpora,
1116 3417 1193 3476 quae
1216 3398 1443 3476 configurantur,
1466 3419 1519 3462 eo·

171 3503 292 3562 rumque
315 3487 415 3560 orbes,
447 3489 489 3547 sic
519 3491 607 3548 etiam
641 3507 659 3547 a
690 3491 903 3561 consonantiis,
938 3505 1012 3564 quas
1044 3488 1209 3546 invenimus
1240 3487 1415 3563 respondere
1448 3506 1539 3568 con-U

171 3572 407 3650 figurationibus,
438 3591 516 3634 nunc
549 3584 729 3635 transeamus
762 3576 799 3635 ad
822 3578 904 3651 ipsos
926 3582 1120 3635 consonantes
1142 3590 1232 3633 sonos
1266 3588 1423 3652 eorumque
1456 3577 1521 3635 effi-

171 3664 267 3733 ciens,
299 3660 421 3721 chordas
451 3662 569 3739 perfecti
603 3666 787 3740 systematis,
819 3674 908 3743 atque
941 3664 984 3721 sic
1015 3661 1198 3738 planetarum
1229 3661 1410 3737 singulorum
1435 3664 1520 3725 orbes

172 3765 236 3807 cnm
259 3749 382 3824 siugulis
404 3748 536 3820 chordis,
568 3754 648 3809 sonis
670 3768 723 3809 seu
746 3750 819 3809 locis
841 3750 1009 3827 systematis
1032 3765 1234 3824 comparemus
1259 3745 1298 3827 l⁷).
1338 3749 1421 3809 Sicut
1443 3754 1520 3811 enim

173 3838 380 3896 consonantiae
412 3836 632 3896 considerantur
655 3837 808 3911 absolute,
841 3840 905 3895 siue
932 3844 1066 3912 respectu
1094 3836 1258 3895 altitudinis
1289 3838 1318 3894 in
1348 3845 1517 3913 systemate,

172 3938 236 3980 cnm
260 3921 361 3982 eadem
392 3926 583 3983 consonantia
615 3927 709 4000 possit
737 3941 802 3984 esse
824 3931 884 3984 tam
907 3926 981 3984 inter
1009 3925 1159 4001 maiores
1187 3941 1291 3996 sonos,
1326 3941 1415 4000 quam
1442 3927 1518 3985 inter

171 4011 330 4082 acutiores,
361 4011 403 4069 sic
426 4013 515 4069 etlam
537 4012 781 4087 configurationes
804 4019 833 4072 st
855 4019 992 4089 aspectus
1014 4017 1083 4070 sunt
1112 4014 1275 4087 promissus
1299 4013 1428 4070 omnium
1451 4013 1518 4089 pla-

171 4106 320 4170 netarum,
343 4115 394 4157 seu
417 4098 585 4159 inferiorum
608 4118 659 4160 seu
682 4102 872 4178 superiorum.
915 4098 953 4158 Et
976 4100 1105 4158 violssim
1128 4102 1203 4158 sicut
1225 4100 1291 4157 soni
1313 4099 1435 4159 stsbIles
1454 4099 1518 4176 jam

171 4203 223 4244 sua
245 4185 357 4245 habent
376 4188 527 4261 assignata
549 4196 628 4246 certa
650 4187 717 4248 locs
746 4189 775 4245 in
803 4194 980 4265 systemate,
1012 4187 1056 4246 sic
1083 4186 1221 4263 planetae
1252 4184 1361 4262 singuli
1387 4187 1518 4264 singulas
1625 4264 1628 4271 Δ

171 4272 311 4349 sphaeras
333 4274 363 4330 in
384 4273 492 4332 mundo
508 4271 561 4352 v¹).

255 4358 346 4418 Porro
369 4376 434 4419 cum
457 4379 517 4419 non
541 4371 654 4420 tantum
676 4364 763 4420 unius
784 4359 922 4437 planetae
944 4360 1043 4437 plures
1065 4361 1125 4419 sint
1147 4360 1242 4432 orbes,
1264 4359 1316 4419 ssd
1339 4363 1428 4420 etiam
1449 4380 1518 4438 per·
1559 4404 1563 4413 «

171 4446 237 4506 festi
252 4449 429 4525 systematis,
453 4449 533 4524 quod
549 4457 640 4508 totam
656 4448 842 4508 harmonicae
858 4449 1134 4524 contemperationis
1147 4447 1349 4523 complectitur
1372 4456 1515 4522 naturam,

169 4534 267 4611 plnres
290 4534 425 4607 chordae,
449 4553 536 4611 quam
560 4538 587 4593 in
612 4535 721 4594 mundo
742 4531 959 4613 planetaefflp
983 4534 1112 4594 delectus
1135 4544 1180 4592 est
1202 4543 1350 4611 utcunque
1372 4534 1518 4595 adhiben-

170 4621 224 4682 dos
245 4625 311 4696 iste,
334 4631 367 4682 ut
389 4622 449 4683 illic
472 4624 579 4700 piimss
602 4640 733 4700 quasque
748 4623 898 4700 sphaeras,
922 4640 999 4698 quae
1014 4621 1141 4698 reliquas
1164 4623 1212 4680 unl
1235 4620 1371 4699 planetae
1393 4623 1517 4683 tributas

169 4712 297 4769 exterim
319 4710 498 4787 complexae,
522 4719 603 4769 motu
626 4709 769 4785 cujusque
793 4713 910 4789 proprio
933 4718 963 4769 et
985 4709 1135 4787 aequabili
1157 4710 1234 4769 eirca
1255 4708 1363 4768 Terrae
1386 4717 1516 4770 centrum

171 4805 302 4868 venant,
334 4805 362 4856 et
386 4799 433 4857 hic
456 4800 607 4877 prinianas
630 4796 752 4856 chordas
774 4816 827 4858 seu
849 4814 940 4857 sonos
962 4796 1098 4867 stabiles,
1129 4798 1179 4872 qui
1200 4813 1253 4872 per
1275 4794 1392 4855 diversa
1414 4806 1517 4857 cautus

168 4900 277 4959 genera
299 4893 444 4961 tonosque
467 4902 569 4950 omnes
600 4884 686 4944 fidem
709 4902 823 4961 semper
844 4891 1030 4963 permanent,
1064 4900 1120 4944 nse
1150 4891 1182 4943 ut
1210 4887 1297 4947 eetsri
1329 4883 1517 4947 intenduntur
