3567 5625
674 445 703 500 in
720 442 895 504 Emanium
912 444 1017 502 blondi
1475 449 1515 512 lt

173 624 266 686 cuitus
288 620 451 701 quadrante
472 640 491 686 a
511 639 566 685 sno
587 623 720 703 apbella
749 625 880 701 praedm
910 622 1054 686 mediocre
1080 621 1171 684 babet
1197 620 1384 684 intervallum
1405 641 1425 683 a
1445 620 1516 683 Sole

174 711 246 770 iuter
267 714 426 772 maximnm
448 712 478 769 in
499 711 617 789 apbalia
640 720 670 773 et
689 713 840 771 minimum
855 713 886 768 in
906 711 1061 788 periboli03
1086 705 1121 792 t)
1144 709 1264 770 diurnus
1285 710 1398 770 medius
1420 717 1516 772 motus

174 799 202 855 iu
222 802 385 860 eoeentrica
408 797 486 860 idem
507 806 553 861 est
574 807 604 861 ot
625 817 712 860 verus
735 799 799 876 ejus
821 801 974 860 manniri
1003 816 1087 859 mous
1118 798 1238 858 diurnus
1265 797 1324 857 illis
1352 801 1516 869 momentis,

174 885 279 962 quibus
300 888 420 964 planeta
442 895 488 948 est
507 889 538 946 in
559 887 617 948 dns
640 886 809 964 quadrantis
832 887 994 961 ecceutrici,
1017 887 1055 946 ab
1070 884 1187 962 aphelio
1203 888 1378 962 computati3
1403 887 1439 965 6)
1458 885 1517 946 duo

173 990 256 1033 arem
286 977 438 1036 aocentrioi
469 974 575 1048 diurni,
606 975 767 1051 aequaliter
796 991 866 1034 vere
897 973 1052 1046 dbmntes,
1082 972 1156 1033 alter
1177 972 1215 1032 ab
1239 973 1372 1049 aphelio,
1403 971 1518 1034 altera

172 1060 324 1137 peribolio,
343 1061 437 1139 juncti
459 1071 585 1139 aequant
608 1062 726 1122 diurnos
749 1061 862 1121 medios
875 1070 988 1137 motns;
1013 1055 1048 1142 7)
1071 1060 1169 1122 eadem
1193 1067 1238 1119 ast
1257 1063 1407 1138 proportio
1430 1063 1518 1121 unius

172 1147 268 1207 darm
289 1150 379 1210 medii
401 1149 440 1210 ad
460 1151 578 1227 junctos
599 1148 711 1210 medios
742 1166 843 1210 omues
870 1151 944 1209 inter
973 1165 1005 1209 se
1033 1146 1187 1224 aequales,
1219 1156 1291 1223 quot
1311 1156 1381 1208 sunt
1402 1151 1431 1207 in
1454 1156 1517 1209 toto

171 1237 303 1312 circuitu,
327 1254 403 1314 qnae
418 1245 464 1299 est
477 1236 565 1300 medii
580 1236 674 1297 durat
690 1235 728 1297 ad
740 1237 858 1314 junctas
874 1253 960 1296 veras
975 1252 1075 1296 amnas
1089 1251 1173 1294 arom
1196 1237 1373 1296 meenuieas
1394 1236 1518 1297 totidem

173 1340 306 1399 numam,
336 1324 391 1386 sed
412 1326 487 1386 iuter
508 1342 540 1386 se
561 1321 745 1401 inaequalem
778 1318 813 1405 8)
841 1326 992 1401 proportio
1022 1323 1225 1399 apparentium
1245 1340 1282 1382 ax
1305 1321 1374 1383 Sole
1396 1340 1517 1384 emaum

173 1409 341 1471 diurnarum
363 1415 449 1473 unius
470 1413 622 1474 comnuiel
644 1413 717 1472 satis
738 1413 869 1488 praecise
892 1409 983 1489 dupla
1004 1426 1107 1470 eversa
1129 1416 1174 1470 est
1187 1411 1382 1487 proportionis
1397 1428 1516 1472 snorum

173 1498 394 1559 intervallorum
416 1499 525 1561 adole
556 1494 598 1582 (si
622 1500 773 1559 encautrici
795 1515 879 1558 mons
908 1515 965 1560 nau
994 1499 1093 1574 magni
1121 1503 1202 1571 suut,
1233 1498 1431 1560 eocentricitas
1458 1516 1518 1559 non

175 1584 260 1646 vaide
288 1582 444 1669 magna)“.
497 1586 554 1647 His
583 1586 779 1647 laudamentis
807 1585 923 1647 accedit
951 1603 1042 1662 nuper
1072 1586 1240 1646 inventura:
1272 1581 1308 1666 9)
1339 1588 1516 1665 ,proportio

174 1690 248 1749 quae
271 1681 318 1734 est
339 1677 413 1734 inter
434 1674 568 1756 binorum
590 1673 773 1751 planetarum
796 1682 928 1751 tempora
942 1671 1099 1751 periodica,
1123 1679 1169 1732 est
1180 1674 1312 1748 praeciae
1326 1674 1519 1750 sesquialtera

171 1763 368 1838 proportionis
390 1761 549 1822 mediarum
573 1760 783 1836 distantiarum,
806 1760 836 1821 id
858 1769 904 1821 ast
925 1760 1038 1820 arbium
1059 1760 1219 1836 ipsorum“.

284 1846 341 1908 His
368 1847 483 1927 legibus
513 1857 769 1927 superstruuntur·
784 1847 841 1908 bae
871 1848 1006 1925 regulae:
1043 1843 1076 1929 1)
1109 1844 1346 1924 multiplicandus
1377 1847 1518 1925 cujusque

172 1934 310 2011 planetae
337 1953 423 1997 arcus
449 1954 537 1997 verus
570 1936 690 1997 diurnus
718 1938 748 1994 in
777 1938 823 1995 sui
854 1935 935 1995 orbis
967 1934 1230 2009 semidiametrurn,
1264 1933 1332 1994 binc
1362 1934 1519 2013 prodibunt

171 2022 285 2083 numeri
305 2023 403 2084 idonei
425 2023 463 2086 ad
486 2023 706 2100 exquirendum,
735 2040 806 2082 num
825 2024 931 2083 itinera
957 2021 1067 2083 iaciant
1095 2024 1297 2098 proportiones
1324 2021 1516 2084 lrarmonims.
1554 2081 1560 2094 ,

173 2113 191 2168 ‘l
232 2109 427 2188 investigatio
456 2107 655 2173 bellocentrioi
683 2118 780 2172 motus
807 2127 859 2187 per
886 2127 988 2171 verum
1016 2118 1126 2169 motam
1156 2117 1186 2169 et
1207 2109 1374 2170 duanam
1396 2128 1416 2172 a
1437 2109 1517 2172 Sole.

174 2197 192 2256 3
232 2197 426 2275 investigatio
455 2198 658 2262 distantiarum
688 2216 708 2258 a
738 2197 807 2257 Sole
844 2214 898 2275 per
929 2197 1150 2258 beliocsrrtricos
1188 2195 1374 2272 quotidianos
1410 2208 1515 2259 matus.

173 2282 276 2346 Sumta
299 2286 398 2347 media
419 2286 630 2364 proportionali
653 2287 726 2345 inter
748 2292 858 2344 rnatum
880 2283 1029 2361 apheliom
1053 2283 1100 2344 vel
1118 2283 1290 2361 peribolium
1305 2291 1433 2345 etsuum
1454 2304 1518 2347 me·

174 2370 267 2448 dum,
297 2373 331 2432 lit
356 2380 391 2432 ut
418 2370 474 2434 bac
502 2374 630 2434 medium
651 2371 866 2449 proportionale
887 2365 930 2430 ad
948 2370 1193 2432 semidiametrum
1215 2371 1309 2446 orbis,
1328 2373 1384 2441 ,sic
1405 2372 1518 2434 medius

174 2468 269 2520 motus
298 2459 337 2519 ad
366 2460 534 2520 distantiam
562 2464 733 2538 quaesitam.
778 2454 815 2541 4)
843 2457 959 2518 Medius
981 2468 1077 2520 motus
1098 2459 1233 2535 planatae
1254 2466 1300 2518 est
1321 2453 1404 2519 taum
1424 2463 1520 2521 minor

175 2549 350 2623 geonetncc
373 2547 469 2607 medio
491 2550 565 2608 inter
585 2555 682 2609 motus
705 2555 863 2618 extremos,
895 2554 1005 2623 quanto
1035 2546 1161 2606 medium
1189 2547 1397 2622 geometricum
1423 2551 1519 2610 minus

177 2643 220 2693 cst
248 2652 341 2712 quam
368 2635 495 2695 medium
524 2636 598 2695 inter
626 2642 789 2710 utrumque.
836 2630 871 2715 5)
903 2632 1154 2709 Quemadmodum
1181 2634 1329 2710 proportio
1358 2633 1518 2696 mediorum

174 2730 306 2781 motuum
328 2724 358 2780 iu
381 2723 458 2782 binis
480 2721 604 2799 planetis
627 2730 672 2783 est
692 2719 884 2797 sesquialtera
906 2739 1009 2782 evorea
1030 2722 1224 2800 proportionis
1248 2721 1370 2796 orbium,
1392 2723 1435 2783 sic
1448 2733 1519 2800 pra·

172 2813 268 2887 portia
292 2808 416 2870 duorum
437 2814 638 2889 apparentium
660 2811 898 2886 contegentium
920 2821 1113 2871 extremorum
1134 2817 1265 2871 motuum
1287 2827 1405 2889 semper,
1423 2809 1521 2872 delicit

173 2914 192 2957 a
212 2898 407 2974 sesquialtera
428 2901 614 2976 proportione
636 2896 863 2971 intervallorum,
886 2895 948 2985 illis
971 2900 1105 2959 extremis
1127 2898 1254 2960 motibus
1275 2898 1518 2977 respondentium

276 2983 380 3062 Capita
403 2992 506 3062 quarto
527 2990 651 3064 primurn
674 2983 904 3060 demonstratur,
936 2986 1011 3046 iuter
1031 2984 1195 3062 periodicas
1218 3002 1318 3047 cursus
1341 2986 1535 3062 singultorum

171 3070 352 3148 plmetarum
374 3090 433 3133 nan
455 3090 519 3133 esse
540 3073 722 3134 harmonicas
743 3074 880 3144 rationes,
904 3089 958 3132 nae
979 3075 1073 3150 magis
1096 3074 1170 3133 inter
1192 3088 1315 3149 corpora
1337 3072 1519 3149 planetarum

154 3161 314 3235 ¹ipsorum,
348 3176 424 3237 quae
451 3159 595 3237 Keplarus
622 3160 777 3238 periodicis
805 3159 934 3218 motibus
965 3159 1197 3237 proportionalia
1224 3161 1316 3237 ponit.
1365 3160 1424 3221 Sed
1453 3180 1519 3221 curn

173 3263 311 3306 ramnum
344 3254 475 3325 tempora
502 3246 704 3325 inaequalibus
733 3247 876 3321 motibus,
911 3247 998 3306 modo
1026 3245 1132 3321 tardis,
1166 3245 1254 3307 moda
1282 3245 1399 3323 mediis,
1431 3249 1519 3332 modo

173 3333 315 3395 celeribus
346 3337 485 3410 enismnt,
517 3344 546 3395 et
574 3336 605 3396 bi
634 3333 865 3413 proportionales
892 3337 951 3393 sint
974 3334 1099 3396 arcubus
1121 3332 1356 3412 quotidianorum
1378 3344 1519 3411 motuum,

175 3438 238 3480 cum
252 3438 324 3482 vero
338 3420 369 3481 bi
384 3422 423 3483 ad
438 3422 591 3484 distantias
606 3423 774 3501 dirigantur,
798 3421 854 3483 hae
869 3421 1058 3498 inquirendae
1073 3429 1150 3496 sunt,
1174 3437 1332 3498 earumque
1347 3427 1518 3499 praesertim

173 3509 318 3570 maxinme
341 3517 371 3570 et
391 3511 529 3572 minimae
551 3510 716 3571 dumosae.
751 3508 818 3569 Hoc
839 3511 903 3587 pari
925 3508 1013 3569 modo
1035 3509 1068 3569 iit
1090 3525 1148 3587 quo
1171 3511 1200 3567 in
1222 3507 1382 3570 Prodromo
1406 3516 1435 3583 (L
1449 3516 1519 3585 180),

175 3612 353 3673 quamquam
366 3599 487 3671 numeri,
509 3598 665 3658 multmum
686 3613 827 3657 annorum
842 3595 947 3656 studiis
963 3600 1045 3671 eruti,
1069 3595 1180 3657 abillis
1202 3594 1377 3673 discrepant.
1406 3595 1520 3672 Quibus

173 3684 319 3760 inquisitis
350 3685 526 3761 ostenditur,
556 3686 754 3745 harmonicam
787 3683 904 3760 quidem
932 3686 1075 3744 rationem
1104 3684 1226 3743 inveniri
1254 3701 1313 3743 nou
1335 3701 1423 3762 posse
1445 3685 1521 3753 inter

174 3774 330 3832 maximm
351 3780 382 3833 et
402 3775 551 3833 minimam
574 3772 738 3833 dbmntiam
761 3774 847 3830 unius
869 3771 1058 3848 ejusdemque
1079 3770 1230 3846 planatae,
1261 3770 1313 3831 sed
1346 3775 1520 3849 comparatis

174 3856 353 3920 diversarum
382 3859 563 3938 planetarum
590 3859 736 3920 distantiis
764 3857 852 3917 talem
880 3859 1022 3919 rationem
1050 3855 1161 3918 intendi
1184 3855 1285 3918 videri.
1330 3857 1418 3918 Ratio
1441 3862 1521 3921 enirn

174 3945 281 4023 upbelii
304 3946 422 4008 Saturni
442 3947 482 4007 ad
504 3947 590 4008 Jovis
611 3945 784 4025 peribolium
809 3945 870 4005 iera
894 3945 1026 4023 aequalis
1050 3953 1094 4006 est
1115 3946 1222 4004 rationi
1245 3946 1321 4004 2:1
1347 3940 1520 4029 (κωπῆς

174 4031 290 4093 Saturni
312 4034 486 4111 parihelium
500 4035 538 4095 ad
552 4033 639 4094 Jovis
661 4032 809 4112 aphelinm
824 4056 867 4087 =
884 4035 902 4091 5
919 4053 927 4091 r
944 4036 962 4091 3
986 4028 1128 4114 (medium
1151 4034 1226 4093 inter
1247 4039 1361 4093 sermm
1380 4034 1520 4109 majorem

175 4127 203 4181 et
216 4116 390 4203 minorem);
412 4120 499 4183 Jovis
521 4121 668 4200 apbelium
690 4120 729 4179 ad
749 4118 855 4179 Martis
875 4119 1057 4197 peribolium‘
1073 4144 1111 4173 =
1137 4123 1216 4180 421
1239 4114 1363 4201 (duplex
1380 4117 1520 4203 ocmva);

175 4206 259 4268 Jovis
280 4207 454 4285 peribalium
476 4208 513 4269 ad
536 4209 640 4269 Martis
661 4207 810 4285 aphalium
832 4232 870 4260 =
897 4209 1049 4269 3:1etc.
1078 4206 1164 4282 ,Eut
1187 4225 1245 4266 non
1269 4206 1355 4285 plane
1377 4208 1521 4286 quadrant

175 4294 228 4355 bae
249 4298 379 4356 mtianes
402 4312 468 4356 cum
488 4297 623 4370 numeris,
648 4295 702 4354 init
723 4303 819 4354 tamen
841 4292 890 4353 hic
912 4311 1064 4355 successus
1087 4296 1309 4355 invitamentum
1339 4295 1378 4355 ad
1399 4312 1521 4372 progre-

175 4382 310 4444 diendum
342 4382 495 4446 ulterius“.
546 4372 619 4444 Gom
651 4383 820 4443 barmoniae
854 4380 995 4443 affinitate
1027 4383 1146 4460 propius
1178 4382 1320 4442 accedant
1352 4380 1390 4440 ad
1423 4388 1520 4441 motus

176 4487 261 4546 quam
281 4469 437 4533 adrestas
459 4469 566 4547 lineas,
599 4469 701 4547 quales
723 4469 878 4531 distantiae
900 4468 1047 4547 putandae
1070 4476 1153 4546 sunt,
1184 4486 1250 4530 cnm
1272 4468 1429 4541 dumntiae
1451 4468 1520 4530 illae

175 4573 233 4617 nan
253 4575 290 4619 ex
312 4559 416 4619 orbitis
437 4555 489 4619 sed
511 4576 547 4620 ex
568 4560 695 4619 motibus
724 4559 925 4631 amonemur,
956 4563 1149 4617 extremorum
1179 4563 1311 4617 motuum
1342 4558 1520 4633 comparatio

175 4642 333 4721 repetenda
354 4652 433 4722 erat3
464 4652 496 4706 at
516 4663 553 4707 ua
575 4648 604 4705 in
627 4645 684 4706 bac
704 4643 823 4722 quidem
852 4643 1023 4705 cernebatur
1049 4642 1209 4704 humanis.
1255 4641 1401 4720 Keplerus
1423 4645 1520 4723 igitur,

175 4749 240 4792 cam
261 4749 316 4794 nos
338 4734 371 4792 in
392 4734 479 4793 rebus
501 4732 683 4795 terrestribus
705 4731 920 4793 harmoniarum
943 4738 994 4791 aut
1015 4729 1116 4791 auditu
1139 4737 1191 4791 aut
1205 4732 1272 4791 visu
1294 4733 1426 4792 conscios
1448 4732 1519 4813 lieri,

174 4819 279 4881 deinde
301 4822 331 4879 in
353 4821 529 4883 caelestibus
550 4820 678 4881 motibus
699 4818 802 4883 deesse
825 4835 929 4881 souum
951 4819 1151 4895 cognovisset,
1175 4834 1210 4877 eo
1234 4816 1375 4879 deductus
1397 4827 1457 4894 est,
1488 4828 1521 4881 ut

173 4908 231 4968 sibi
258 4905 463 4986 persuaderet,
492 4904 610 4971 sensum
637 4910 718 4968 visus
746 4909 841 4969 inesse
870 4908 955 4984 quasi
983 4908 1071 4967 etiam
1100 4904 1200 4967 mnudi
1230 4908 1399 4984 corporibus
1427 4923 1520 4984 eaque
