3567 5625
263 387 326 446 att
776 379 926 438 Ptolemaei
942 377 1095 436 Harmonia

263 556 291 613 in
308 557 465 627 praedicato
493 555 597 626 species
623 558 833 615 mathematicas.
869 556 1012 614 conclusio
1031 554 1149 624 denique
1172 559 1215 610 est
1232 551 1430 624 quodammodo
1455 552 1515 607 loco
1532 551 1609 608 habi·

263 636 345 691 tualis
364 636 535 708 operationis.
571 637 669 692 Adhuc
687 637 816 707 amplius:
840 638 979 694 theorema
1007 641 1049 689 est
1067 632 1229 704 speculatio,
1257 633 1396 704 problema
1417 640 1459 689 est
1480 633 1610 702 operatio,

264 730 348 769 causa
366 731 430 770 snae
449 711 685 770 demonstrationis
715 732 748 771 ex
766 716 964 770 theorematum
986 712 1261 770 demonstrationibus
1280 714 1413 780 derivata,
1439 726 1522 766 causa
1545 727 1609 766 vero

264 793 403 862 praecepti
429 793 462 852 in,
475 792 527 847 hac
551 803 601 848 su‘a
628 792 858 850 demonstratione
884 795 1050 858 confirmata,
1079 792 1192 861 ejusque
1210 807 1276 847 usus
1295 800 1337 846 est
1354 791 1441 846 instar
1465 786 1611 844 habitualis

266 871 394 925 exercitii.
431 873 473 926 Ita
495 871 636 941 multiplex
663 880 705 926 est
728 873 915 942 symbolisatio
938 874 1003 940 ista,
1032 874 1054 926 si
1073 871 1220 930 secundum
1243 870 1328 940 mapa
1356 878 1384 926 et
1406 870 1496 924 minus
1521 870 1612 924 omnia

264 951 465 1006 consideremus
490 966 550 1004 cum
575 950 739 1005 Ptolemaeo.
777 951 830 1006 Sed
855 951 936 1021 plena
961 949 1083 1005 trifariae
1111 948 1290 1004 distinctionis
1314 948 1375 1004 idea
1401 954 1444 1003 est
1469 947 1497 1000 iu
1520 948 1610 1005 hisce:

265 1029 430 1084 astronomia
446 1029 520 1098 ipsa,
549 1044 618 1100 quae
637 1044 733 1084 causas
752 1031 840 1099 aperit
859 1029 1090 1098 apparentiamm,
1115 1035 1158 1082 est
1175 1025 1382 1095 speculationis,
1410 1023 1530 1082 calculus
1548 1043 1611 1082 nero

265 1117 387 1164 motuum
406 1108 563 1164 coelestium
581 1109 616 1163 ad
634 1116 756 1178 tempora
775 1119 850 1164 carta
876 1109 917 1162 vel
936 1108 1067 1163 resolutio
1090 1106 1223 1176 sphaerae
1245 1104 1463 1177 theoriammque
1488 1116 1531 1164 est
1548 1120 1621 1176 ope·¹

265 1187 377 1242 rationis
395 1188 563 1257 mannariae3
581 1186 698 1257 denique
716 1187 817 1256 agnitio
835 1195 1029 1257 tempestatum
1048 1185 1112 1241 anni
1129 1201 1162 1239 ex
1182 1183 1300 1238 siderum
1319 1194 1381 1240 ortu
1398 1194 1426 1240 et
1444 1202 1543 1243 occasu
1555 1200 1613 1238 mn·

266 1266 452 1337 tatiommque
477 1265 547 1321 aeris
575 1272 626 1321 etc.
650 1271 724 1336 (pars
752 1267 942 1338 agriculturae)
971 1274 999 1320 et
1021 1265 1158 1322 distinctio
1177 1261 1319 1332 plagarum
1345 1277 1379 1316 cx
1405 1273 1516 1333 aspectu
1545 1261 1614 1317 coeli

266 1346 342 1416 (pars
369 1346 435 1399 artis
458 1345 610 1412 nauticae).
638 1353 701 1401 sunt
726 1347 797 1401 inter
820 1346 937 1404 habitus.
975 1344 1109 1413 Quorsum
1127 1341 1229 1426 referas
1253 1341 1335 1394 etiam
1361 1340 1517 1397 instinctum
1536 1341 1613 1395 illum

266 1424 430 1490 naturalem,
455 1424 619 1494 agnoscendi
638 1424 867 1492 mnhqurenonas
885 1425 954 1480 citra
972 1423 1136 1491 discursum,
1164 1419 1197 1474 de
1215 1435 1269 1488 quo
1287 1417 1373 1473 multa
1397 1418 1465 1475 libro
1484 1419 1529 1474 IV.
1549 1418 1614 1476 dixi.

267 1505 307 1560 sic
326 1503 407 1558 etiam
424 1503 580 1556 instinctum
598 1502 626 1555 in
645 1502 717 1571 Sole,
736 1503 901 1573 agnoscendi
918 1501 1072 1558 harmonias
1091 1497 1224 1555 coelestes
1245 1540 1251 1567 ,
1271 1497 1304 1552 de
1323 1513 1376 1566 quo
1395 1496 1440 1552 lib.
1453 1498 1484 1551 V.
1497 1514 1557 1567 cap.
1575 1499 1615 1556 lb.

267 1583 305 1637 Et
322 1582 349 1636 in
367 1581 508 1635 harmonia
525 1579 644 1634 inventio
663 1594 814 1648 causarum,
833 1597 868 1634 ex
887 1581 985 1652 quibus
1004 1586 1069 1635 sunt
1087 1577 1252 1646 harmoniae,
1269 1576 1387 1645 pertinet
1405 1575 1438 1630 ad
1452 1575 1615 1645 speculatio·

267 1675 329 1714 nem
347 1674 512 1728 expressam,
531 1658 732 1713 harmoniarum
749 1659 777 1713 in
790 1657 901 1713 rocibus
919 1665 948 1713 et
964 1656 1073 1712 chordis
1091 1671 1140 1727 per
1152 1655 1299 1711 sectionem
1314 1653 1432 1710 chordae
1449 1656 1616 1723 monnicam,

267 1738 385 1808 pertinet
403 1736 437 1791 ad
457 1736 641 1804 operationem
658 1735 836 1804 manuariam,
862 1742 891 1791 at
909 1734 1056 1792 modulatio
1074 1744 1185 1802 cantus,
1212 1750 1260 1790 seu
1280 1748 1357 1802 uoce,
1377 1749 1426 1788 seu
1443 1750 1538 1801 manu,
1566 1747 1617 1787 seu

267 1815 362 1885 lingua
381 1822 409 1870 et
424 1814 609 1870 instrumentis
627 1813 795 1878 sonantibus,
816 1822 858 1869 est
876 1814 912 1870 ad
929 1815 1038 1871 habitus
1057 1813 1208 1869 referenda.
1245 1813 1379 1881 Quomum
1397 1812 1478 1866 etiam
1496 1811 1616 1865 referen-

270 1894 320 1949 dus
338 1894 482 1949 instinctus
508 1891 554 1946 ille
572 1892 702 1948 naturalis
729 1893 757 1947 in
774 1892 943 1961 hominibus,
970 1893 1133 1964 agnoscendi
1161 1901 1189 1948 et
1212 1890 1345 1963 probandi
1372 1890 1527 1946 harmonias
1545 1889 1615 1944 citra

270 1972 349 2026 etiam
369 1970 546 2042 disciplinam.

815 2157 956 2229 CAPUT
984 2150 1071 2229 llll)

357 2312 444 2390 Quod
465 2316 511 2373 ris
532 2313 718 2377 harmonicae
741 2319 1016 2396 contemperationis
1039 2318 1173 2377 omnibus
1196 2318 1282 2378 rebus
1304 2318 1389 2390 insit,
1414 2332 1537 2392 quarum
1558 2332 1617 2374 na·

270 2436 354 2488 turae
375 2427 488 2488 altioris
510 2429 695 2506 perfectiouis
723 2429 816 2507 gradu
839 2433 1020 2504 consistunt,
1051 2442 1079 2489 ει
1106 2430 1185 2508 quod
1216 2430 1245 2487 id
1268 2433 1392 2488 maxime
1423 2436 1561 2506 appareat
1586 2429 1615 2485 in

270 2542 406 2602 humanis
429 2543 534 2602 animis
557 2544 644 2617 ioque
667 2543 843 2603 coelestibus
864 2541 1098 2603 revolutionibus
1111 2540 1154 2621 ¹¹).

359 2652 445 2729 Quod
468 2656 556 2732 igitur
583 2655 657 2715 haec
678 2656 848 2715 harmonica
878 2656 1002 2715 facultas
1024 2659 1137 2732 species
1160 2655 1304 2734 quaedam
1334 2656 1372 2713 sit
1394 2671 1500 2714 causae
1523 2655 1617 2718 ratio·

273 2742 405 2815 cinautis,
429 2759 547 2802 versam
571 2745 648 2802 circa
671 2746 966 2803 commensurationes
988 2755 1135 2819 motuum,
1163 2750 1192 2802 et
1215 2742 1294 2820 quod
1316 2744 1451 2816 scientia,
1474 2744 1504 2799 iu
1527 2740 1617 2818 hujus

273 2829 419 2890 facultatis
451 2831 697 2906 contemplatione
728 2840 885 2907 occupata,
916 2832 1028 2909 species
1059 2834 1097 2889 sit
1121 2831 1355 2902 mathematicas,
1389 2847 1509 2890 versans
1540 2831 1618 2888 circa

275 2920 478 2998 proportiones
508 2916 733 2978 differentiarum
764 2917 937 2978 audibilium
968 2918 1148 2995 tendensque
1178 2922 1208 2975 iu
1238 2918 1381 2978 culturam
1410 2920 1505 2992 vitae,
1540 2934 1619 2993 quae

274 3004 351 3065 solet
373 3003 495 3063 existere
523 3022 558 3064 ex
581 3005 840 3083 contemplatione,
870 3008 896 3064 si
926 3009 1015 3065 etiam
1046 3005 1167 3065 accedat
1195 3008 1318 3065 imitatio
1341 3023 1457 3078 eorum,
1489 3006 1539 3081 qui
1562 3004 1618 3063 snb

275 3089 428 3167 disciplina
452 3108 551 3151 eorum
574 3103 642 3151 sunt
663 3095 827 3167 constituti,
858 3092 889 3151 id
911 3111 962 3170 per
981 3093 1044 3168 jam
1066 3093 1175 3153 dictum
1197 3096 1240 3152 sic
1262 3093 1465 3152 adumbratum
1487 3100 1561 3152 esto.

362 3178 574 3255 Explicandum
597 3198 666 3240 vero
690 3189 719 3241 et
740 3181 778 3239 ad
801 3192 928 3241 mentem
950 3180 1147 3240 revocandum
1171 3180 1372 3257 estamplius,
1396 3179 1475 3256 quod
1498 3195 1620 3238 necesse

276 3267 386 3342 ubique
408 3269 455 3339 eit,
478 3266 646 3328 facultatem
669 3276 769 3328 tantae
792 3270 997 3344 praestantiae,
1021 3269 1097 3328 siout
1119 3278 1149 3327 et
1164 3276 1275 3328 ceteras
1292 3264 1428 3349 (rationis
1446 3261 1619 3346 facultates)

277 3354 412 3415 omnibus
435 3356 522 3413 etiam
545 3354 611 3412 aliis
635 3358 729 3416 inesse
752 3357 854 3428 rebus,
885 3372 962 3432 quae
984 3356 1156 3432 principium
1179 3366 1276 3414 molus
1299 3355 1408 3415 habent
1430 3357 1459 3411 in
1481 3371 1513 3412 ss
1536 3356 1619 3428 ipsis,

278 3443 472 3517 inquantum
501 3441 530 3499 id
554 3446 677 3516 quaeris
705 3443 806 3516 habet,
839 3445 969 3521 inprimis
999 3460 1067 3501 vero
1096 3451 1125 3502 et
1155 3442 1322 3520 plenissime
1349 3443 1436 3502 rebus
1458 3442 1509 3512 iis,
1541 3457 1620 3516 quae

276 3528 455 3606 perfectioris
478 3537 508 3588 et
528 3530 723 3590 rationalioris
747 3539 867 3590 naturae
890 3538 958 3590 sunt
979 3531 1150 3608 participes,
1173 3539 1289 3607 propter
1313 3539 1392 3589 onus
1416 3528 1621 3605 cognationem

279 3625 309 3675 et
329 3616 555 3676 familiaritatem
564 3613 630 3694 ¹¹¹);
658 3621 687 3675 iu
711 3619 747 3677 iis
770 3621 877 3693 quippe
901 3617 970 3677 solis
998 3617 1119 3676 evidens
1143 3618 1204 3678 fieri
1227 3626 1336 3695 potest,
1367 3634 1453 3694 quam
1476 3614 1527 3672 illa
1551 3614 1621 3673 har·

278 3705 377 3762 monia
399 3713 428 3762 et
450 3705 608 3763 universim
631 3713 660 3765 et
681 3714 815 3764 accurate
837 3712 962 3765 tueatur
977 3700 1132 3786 (quantum
1158 3705 1275 3781 quidem
1296 3705 1357 3765 fieri
1374 3706 1490 3765 omuino
1506 3696 1621 3782 potest)

279 3789 497 3850 similitudinem
522 3794 750 3869 proportionum,
774 3793 880 3868 qulbus
904 3794 933 3850 in
956 3792 1143 3853 dissimilibus
1159 3795 1312 3870 speciebus
1336 3794 1435 3868 aliqua
1449 3798 1534 3868 grata
1549 3807 1622 3847 cou-

279 3877 451 3953 temperatio
485 3886 514 3937 et
548 3882 751 3939 convenientia
786 3882 978 3939 consatuitur.
1030 3880 1065 3938 In
1100 3884 1267 3941 uuiversum
1302 3883 1378 3938 cuim
1415 3876 1623 3954 unaquaelibet

282 3978 380 4025 aarum
404 3981 509 4035 rerum,
532 3983 606 4043 quas
628 3974 735 4025 natura
755 3966 900 4044 gubernat
920 3974 949 4026 et
972 3967 1179 4044 complectitur,
1203 3969 1397 4045 proportionis
1412 3966 1536 4042 alicujus
1552 3981 1623 4040 par·

281 4051 373 4125 ticeps
405 4060 449 4109 est
472 4069 537 4111 cum
569 4054 598 4110 in
620 4053 765 4128 motibus,
797 4061 857 4112 tum
880 4056 968 4113 etiam
1001 4058 1029 4112 in
1054 4055 1192 4130 subjectis
1219 4056 1275 4116 sibi
1303 4057 1447 4125 materiis,
1477 4052 1562 4127 cujus
1584 4049 1622 4109 ad

280 4138 491 4215 praescriptum
513 4154 768 4216 commensumque
790 4142 910 4200 rationis
933 4136 979 4222 (in
1002 4150 1142 4218 quantum
1165 4142 1216 4202 ilia
1238 4140 1356 4218 quidem
1386 4141 1534 4201 observari
1558 4156 1622 4196 om-

281 4226 351 4284 nino
374 4226 597 4302 conservarique
619 4222 732 4310 potest)
755 4235 784 4287 et
806 4232 956 4304 generatio
980 4233 1010 4288 iu
1031 4247 1061 4290 re
1084 4231 1159 4288 inest
1189 4238 1219 4289 et
1241 4231 1421 4289 alimentatio
1453 4238 1481 4287 et
1504 4243 1622 4287 conser-

285 4314 365 4372 vatio
388 4319 418 4371 et
441 4312 580 4389 quicquid
602 4319 719 4374 omnino
741 4315 869 4375 melioris
892 4323 981 4376 nume
1003 4316 1058 4376 dici
1083 4324 1195 4393 potest3
1218 4334 1284 4377 cum
1300 4333 1368 4376 vero
1390 4317 1477 4375 rebus
1500 4310 1623 4395 (quibus

283 4397 401 4475 quidem
424 4402 535 4479 potest)
558 4399 676 4461 ademta
696 4402 783 4461 fuerit
803 4404 878 4463 haec
900 4403 1125 4463 familiarissima
1146 4404 1281 4477 facultas,
1305 4407 1403 4463 omnia
1422 4412 1492 4462 tunc
1514 4418 1622 4469 sorum,

283 4502 359 4562 quae
385 4487 447 4562 jam
478 4487 618 4563 diximus,
650 4492 793 4549 cornaria
822 4493 857 4549 iis
888 4493 1026 4549 eveniunt
1054 4500 1198 4567 ruuntque
1226 4499 1255 4551 et
1276 4498 1400 4568 vergunt
1427 4493 1455 4547 iu
1477 4484 1621 4565 peJusW).

282 4572 393 4633 Verum
408 4576 439 4632 iu
454 4578 592 4637 materiae
606 4578 698 4653 ipsius
715 4578 890 4636 motionibus
914 4577 1075 4638 alteratiris
1099 4577 1127 4637 id
1150 4597 1208 4639 nou
1225 4581 1266 4638 ita
1279 4582 1467 4656 conspicuum
1483 4585 1536 4650 est,
1560 4590 1621 4633 cum

284 4662 313 4718 in
337 4660 388 4722 illa
409 4679 502 4740 usque
526 4666 674 4739 quantitas
696 4681 791 4742 neque
814 4664 942 4740 qualitas
964 4658 1079 4742 propter
1102 4666 1322 4727 instabilitatem
1349 4666 1531 4725 determinari
1555 4679 1621 4738 pos·

284 4744 376 4827 siti),
405 4752 434 4808 in
458 4752 584 4810 motibus
607 4767 691 4824 vere,
721 4754 771 4828 qui
798 4760 832 4810 ut
858 4752 1014 4829 plurimum
1042 4757 1116 4812 inter
1143 4756 1256 4831 species
1283 4772 1336 4814 seu
1363 4753 1471 4813 formas
1501 4765 1620 4811 conver·

285 4837 433 4919 santuril)
458 4839 539 4925 [sum
560 4845 659 4905 autem
681 4839 711 4913 ii,
734 4841 785 4919 qui
807 4841 906 4899 insunt
928 4839 1024 4917 rebus,
1046 4850 1164 4900 naturas
1180 4841 1366 4920 perfectiores
1380 4849 1410 4902 et
1423 4838 1619 4902 rationaliores
