<?xml version="1.0" encoding="UTF-8"?>
<!DOCTYPE html PUBLIC "-//W3C//DTD XHTML 1.0 Transitional//EN"
    "http://www.w3.org/TR/xhtml1/DTD/xhtml1-transitional.dtd">
<html xmlns="http://www.w3.org/1999/xhtml" xml:lang="en" lang="en">
 <head>
  <title>
</title>
<meta http-equiv="Content-Type" content="text/html;charset=utf-8" />
  <meta name='ocr-system' content='tesseract 3.04.00' />
  <meta name='ocr-capabilities' content='ocr_page ocr_carea ocr_par ocr_line ocrx_word'/>
</head>
<body>
  <div class='ocr_page' id='page_1' title='image "./joanniskepleria24frisgoog_0266.png"; bbox 0 0 3567 5625; ppageno 0'>
   <div class='ocr_carea' id='block_1_1' title="bbox 294 400 1235 513">
    <p class='ocr_par' dir='ltr' id='par_1_1' title="bbox 294 400 1235 513">
     <span class='ocr_line' id='line_1_1' title="bbox 294 400 1235 513; baseline -0.014 -14"><span class='ocrx_word' id='word_1_1' title='bbox 294 441 361 499; x_wconf 75' lang='lat' dir='ltr'><strong>aar</strong></span> <span class='ocrx_word' id='word_1_2' title='bbox 555 510 556 513; x_wconf 4' lang='grc' dir='ltr'><strong><em>Ν</em></strong></span> <span class='ocrx_word' id='word_1_3' title='bbox 709 433 752 488; x_wconf 73' lang='lat' dir='ltr'><strong>oe</strong></span> <span class='ocrx_word' id='word_1_4' title='bbox 770 400 1035 504; x_wconf 60' lang='lat' dir='ltr'><strong>compausatur</strong></span> <span class='ocrx_word' id='word_1_5' title='bbox 1056 427 1235 486; x_wconf 68' lang='lat' dir='ltr'><strong>amonica</strong></span> 
     </span>
    </p>
   </div>
   <div class='ocr_carea' id='block_1_2' title="bbox 196 570 1649 839">
    <p class='ocr_par' dir='ltr' id='par_1_2' title="bbox 196 570 1649 839">
     <span class='ocr_line' id='line_1_2' title="bbox 196 570 1649 678; baseline -0.011 -13"><span class='ocrx_word' id='word_1_6' title='bbox 196 570 202 583; x_wconf 29' lang='grc' dir='ltr'>ι</span> <span class='ocrx_word' id='word_1_7' title='bbox 295 607 407 677; x_wconf 77' lang='lat' dir='ltr'><strong>iactum,</strong></span> <span class='ocrx_word' id='word_1_8' title='bbox 423 607 495 677; x_wconf 90' lang='lat' dir='ltr'><strong>quod</strong></span> <span class='ocrx_word' id='word_1_9' title='bbox 512 614 651 676; x_wconf 86' lang='lat' dir='ltr'><strong>aspectum</strong></span> <span class='ocrx_word' id='word_1_10' title='bbox 664 596 841 678; x_wconf 65' lang='lat' dir='ltr'><strong>quincuncem</strong></span> <span class='ocrx_word' id='word_1_11' title='bbox 860 625 910 664; x_wconf 90' lang='lat' dir='ltr'><strong>sen</strong></span> <span class='ocrx_word' id='word_1_12' title='bbox 925 608 995 663; x_wconf 79' lang='lat'>150⁰</span> <span class='ocrx_word' id='word_1_13' title='bbox 1013 622 1075 662; x_wconf 91' lang='lat' dir='ltr'><strong>cum</strong></span> <span class='ocrx_word' id='word_1_14' title='bbox 1087 604 1196 674; x_wconf 86' lang='lat' dir='ltr'><strong>quintili</strong></span> <span class='ocrx_word' id='word_1_15' title='bbox 1208 603 1261 658; x_wconf 78' lang='lat'><strong>72⁰</strong></span> <span class='ocrx_word' id='word_1_16' title='bbox 1275 609 1303 656; x_wconf 91' lang='lat' dir='ltr'><strong>et</strong></span> <span class='ocrx_word' id='word_1_17' title='bbox 1314 598 1452 668; x_wconf 85' lang='lat' dir='ltr'><strong>biquintili</strong></span> <span class='ocrx_word' id='word_1_18' title='bbox 1462 597 1536 652; x_wconf 77' lang='lat'>144⁰</span> <span class='ocrx_word' id='word_1_19' title='bbox 1554 594 1649 650; x_wconf 89' lang='lat' dir='ltr'><strong>eodem</strong></span> 
     </span>
     <span class='ocr_line' id='line_1_3' title="bbox 296 687 948 758; baseline -0.008 -13"><span class='ocrx_word' id='word_1_20' title='bbox 296 689 383 758; x_wconf 84' lang='lat' dir='ltr'><strong>gradu</strong></span> <span class='ocrx_word' id='word_1_21' title='bbox 400 688 506 755; x_wconf 74' lang='lat' dir='ltr'><strong>locari,</strong></span> <span class='ocrx_word' id='word_1_22' title='bbox 520 687 607 755; x_wconf 89' lang='lat' dir='ltr'><strong>prima</strong></span> <span class='ocrx_word' id='word_1_23' title='bbox 624 693 715 741; x_wconf 66' lang='lat' dir='ltr'><strong>umen</strong></span> <span class='ocrx_word' id='word_1_24' title='bbox 733 687 797 741; x_wconf 86' lang='lat' dir='ltr'><strong>sede</strong></span> <span class='ocrx_word' id='word_1_25' title='bbox 815 687 858 741; x_wconf 88' lang='lat' dir='ltr'><strong>his</strong></span> <span class='ocrx_word' id='word_1_26' title='bbox 875 687 948 742; x_wconf 88' lang='lat' dir='ltr'><strong>data.</strong></span> 
     </span>
     <span class='ocr_line' id='line_1_4' title="bbox 382 758 1649 839; baseline -0.011 -17"><span class='ocrx_word' id='word_1_27' title='bbox 382 761 607 839; x_wconf 88' lang='lat' dir='ltr'><strong>Propositio</strong></span> <span class='ocrx_word' id='word_1_28' title='bbox 629 761 716 821; x_wconf 85' lang='lat' dir='ltr'><strong>XIV.</strong></span> <span class='ocrx_word' id='word_1_29' title='bbox 762 762 899 838; x_wconf 80' lang='lat' dir='ltr'><strong>Quintus,</strong></span> <span class='ocrx_word' id='word_1_30' title='bbox 922 763 1041 822; x_wconf 91' lang='lat' dir='ltr'><strong>ultimus</strong></span> <span class='ocrx_word' id='word_1_31' title='bbox 1064 769 1094 819; x_wconf 89' lang='lat' dir='ltr'><strong>et</strong></span> <span class='ocrx_word' id='word_1_32' title='bbox 1116 758 1360 819; x_wconf 69' lang='lat' dir='ltr'><strong>imbecillissima</strong></span> <span class='ocrx_word' id='word_1_33' title='bbox 1383 760 1556 831; x_wconf 80' lang='lat' dir='ltr'><strong>aspectuum</strong></span> <span class='ocrx_word' id='word_1_34' title='bbox 1578 768 1649 828; x_wconf 87' lang='lat' dir='ltr'><strong>gra·</strong></span> 
     </span>
    </p>
   </div>
   <div class='ocr_carea' id='block_1_3' title="bbox 246 848 1670 3374">
    <p class='ocr_par' dir='ltr' id='par_1_3' title="bbox 297 848 1111 922">
     <span class='ocr_line' id='line_1_5' title="bbox 297 848 1111 922; baseline -0.006 -11"><span class='ocrx_word' id='word_1_35' title='bbox 297 851 352 911; x_wconf 90' lang='lat' dir='ltr'><strong>dus</strong></span> <span class='ocrx_word' id='word_1_36' title='bbox 375 858 420 911; x_wconf 86' lang='lat' dir='ltr'><strong>cst</strong></span> <span class='ocrx_word' id='word_1_37' title='bbox 443 850 545 908; x_wconf 84' lang='lat' dir='ltr'><strong>decilis</strong></span> <span class='ocrx_word' id='word_1_38' title='bbox 569 859 599 909; x_wconf 90' lang='lat' dir='ltr'><strong>et</strong></span> <span class='ocrx_word' id='word_1_39' title='bbox 619 849 773 922; x_wconf 87' lang='lat' dir='ltr'><strong>tridecilis,</strong></span> <span class='ocrx_word' id='word_1_40' title='bbox 798 851 894 909; x_wconf 86' lang='lat' dir='ltr'><strong>octilis</strong></span> <span class='ocrx_word' id='word_1_41' title='bbox 916 858 945 909; x_wconf 89' lang='lat' dir='ltr'><strong>et</strong></span> <span class='ocrx_word' id='word_1_42' title='bbox 969 848 1111 908; x_wconf 88' lang='lat' dir='ltr'><strong>trioctilis.</strong></span> 
     </span>
    </p>

    <p class='ocr_par' dir='ltr' id='par_1_4' title="bbox 296 926 1655 1398">
     <span class='ocr_line' id='line_1_6' title="bbox 383 926 1651 1000; baseline -0.009 -13"><span class='ocrx_word' id='word_1_43' title='bbox 383 932 511 1000; x_wconf 77' lang='lat' dir='ltr'><strong>Quintum</strong></span> <span class='ocrx_word' id='word_1_44' title='bbox 530 933 618 987; x_wconf 86' lang='lat' dir='ltr'><strong>locuto</strong></span> <span class='ocrx_word' id='word_1_45' title='bbox 637 934 691 988; x_wconf 82' lang='lat' dir='ltr'><strong>feci</strong></span> <span class='ocrx_word' id='word_1_46' title='bbox 709 933 787 987; x_wconf 89' lang='lat' dir='ltr'><strong>decili</strong></span> <span class='ocrx_word' id='word_1_47' title='bbox 806 943 834 987; x_wconf 91' lang='lat' dir='ltr'><strong>et</strong></span> <span class='ocrx_word' id='word_1_48' title='bbox 845 933 961 989; x_wconf 87' lang='lat' dir='ltr'><strong>tridecili</strong></span> <span class='ocrx_word' id='word_1_49' title='bbox 975 931 1145 993; x_wconf 85' lang='lat' dir='ltr'><strong>(Maestlinns</strong></span> <span class='ocrx_word' id='word_1_50' title='bbox 1159 926 1366 998; x_wconf 77' lang='lat' dir='ltr'><strong>semiotrintilem</strong></span> <span class='ocrx_word' id='word_1_51' title='bbox 1380 935 1408 980; x_wconf 87' lang='lat' dir='ltr'><strong>et</strong></span> <span class='ocrx_word' id='word_1_52' title='bbox 1419 926 1651 995; x_wconf 82' lang='lat' dir='ltr'><strong>sesquiquintilem</strong></span> 
     </span>
     <span class='ocr_line' id='line_1_7' title="bbox 300 1004 1654 1082; baseline -0.007 -16"><span class='ocrx_word' id='word_1_53' title='bbox 300 1013 444 1082; x_wconf 88' lang='lat' dir='ltr'><strong>appellat),</strong></span> <span class='ocrx_word' id='word_1_54' title='bbox 472 1027 540 1081; x_wconf 87' lang='lat' dir='ltr'><strong>quos</strong></span> <span class='ocrx_word' id='word_1_55' title='bbox 559 1012 585 1065; x_wconf 93' lang='lat' dir='ltr'><strong>in</strong></span> <span class='ocrx_word' id='word_1_56' title='bbox 604 1011 832 1081; x_wconf 87' lang='lat' dir='ltr'><strong>Ephemeridibus</strong></span> <span class='ocrx_word' id='word_1_57' title='bbox 850 1014 983 1068; x_wconf 88' lang='lat' dir='ltr'><strong>hactenus</strong></span> <span class='ocrx_word' id='word_1_58' title='bbox 1002 1012 1091 1079; x_wconf 88' lang='lat' dir='ltr'><strong>omisi,</strong></span> <span class='ocrx_word' id='word_1_59' title='bbox 1110 1010 1208 1078; x_wconf 89' lang='lat' dir='ltr'><strong>quibus</strong></span> <span class='ocrx_word' id='word_1_60' title='bbox 1227 1006 1358 1062; x_wconf 82' lang='lat' dir='ltr'><strong>associavi</strong></span> <span class='ocrx_word' id='word_1_61' title='bbox 1381 1005 1487 1060; x_wconf 91' lang='lat' dir='ltr'><strong>octilem</strong></span> <span class='ocrx_word' id='word_1_62' title='bbox 1507 1016 1535 1059; x_wconf 90' lang='lat' dir='ltr'><strong>et</strong></span> <span class='ocrx_word' id='word_1_63' title='bbox 1552 1004 1654 1059; x_wconf 91' lang='lat' dir='ltr'><strong>triocti·</strong></span> 
     </span>
     <span class='ocr_line' id='line_1_8' title="bbox 296 1084 1654 1163; baseline -0.008 -18"><span class='ocrx_word' id='word_1_64' title='bbox 296 1091 352 1146; x_wconf 88' lang='lat' dir='ltr'><strong>lem</strong></span> <span class='ocrx_word' id='word_1_65' title='bbox 370 1106 419 1146; x_wconf 88' lang='lat' dir='ltr'><strong>seu</strong></span> <span class='ocrx_word' id='word_1_66' title='bbox 438 1090 601 1160; x_wconf 89' lang='lat' dir='ltr'><strong>sequadrum</strong></span> <span class='ocrx_word' id='word_1_67' title='bbox 620 1101 648 1145; x_wconf 89' lang='lat' dir='ltr'><strong>et</strong></span> <span class='ocrx_word' id='word_1_68' title='bbox 667 1093 858 1163; x_wconf 87' lang='lat' dir='ltr'><strong>sesquadrum‚</strong></span> <span class='ocrx_word' id='word_1_69' title='bbox 878 1109 947 1161; x_wconf 88' lang='lat' dir='ltr'><strong>quos</strong></span> <span class='ocrx_word' id='word_1_70' title='bbox 966 1088 1217 1157; x_wconf 86' lang='lat' dir='ltr'><strong>calendariograpbi</strong></span> <span class='ocrx_word' id='word_1_71' title='bbox 1235 1104 1269 1142; x_wconf 87' lang='lat' dir='ltr'><strong>cx</strong></span> <span class='ocrx_word' id='word_1_72' title='bbox 1287 1102 1348 1140; x_wconf 90' lang='lat' dir='ltr'><strong>mea</strong></span> <span class='ocrx_word' id='word_1_73' title='bbox 1360 1084 1467 1155; x_wconf 87' lang='lat' dir='ltr'><strong>quidem</strong></span> <span class='ocrx_word' id='word_1_74' title='bbox 1480 1084 1654 1152; x_wconf 73' lang='lat' dir='ltr'><strong>suggestione</strong></span> 
     </span>
     <span class='ocr_line' id='line_1_9' title="bbox 297 1164 1655 1234; baseline -0.007 -10"><span class='ocrx_word' id='word_1_75' title='bbox 297 1178 325 1224; x_wconf 88' lang='lat' dir='ltr'><strong>et</strong></span> <span class='ocrx_word' id='word_1_76' title='bbox 347 1170 476 1226; x_wconf 89' lang='lat' dir='ltr'><strong>nonnulla</strong></span> <span class='ocrx_word' id='word_1_77' title='bbox 488 1169 636 1224; x_wconf 82' lang='lat' dir='ltr'><strong>Ptolemaei</strong></span> <span class='ocrx_word' id='word_1_78' title='bbox 656 1172 825 1233; x_wconf 84' lang='lat' dir='ltr'><strong>auctoritate,</strong></span> <span class='ocrx_word' id='word_1_79' title='bbox 844 1171 893 1225; x_wconf 89' lang='lat' dir='ltr'><strong>sed</strong></span> <span class='ocrx_word' id='word_1_80' title='bbox 912 1171 990 1224; x_wconf 87' lang='lat' dir='ltr'><strong>nimis</strong></span> <span class='ocrx_word' id='word_1_81' title='bbox 1007 1169 1094 1223; x_wconf 84' lang='lat' dir='ltr'><strong>calide</strong></span> <span class='ocrx_word' id='word_1_82' title='bbox 1113 1173 1142 1223; x_wconf 88' lang='lat' dir='ltr'><strong>et</strong></span> <span class='ocrx_word' id='word_1_83' title='bbox 1158 1167 1357 1222; x_wconf 80' lang='lat' dir='ltr'><strong>inconsiderate</strong></span> <span class='ocrx_word' id='word_1_84' title='bbox 1375 1165 1555 1234; x_wconf 81' lang='lat' dir='ltr'><strong>arripuerunt.</strong></span> <span class='ocrx_word' id='word_1_85' title='bbox 1589 1164 1655 1216; x_wconf 88' lang='lat' dir='ltr'><strong>Pro·</strong></span> 
     </span>
     <span class='ocr_line' id='line_1_10' title="bbox 298 1243 1654 1317; baseline -0.008 -11"><span class='ocrx_word' id='word_1_86' title='bbox 298 1250 417 1305; x_wconf 90' lang='lat' dir='ltr'><strong>bandum</strong></span> <span class='ocrx_word' id='word_1_87' title='bbox 435 1247 517 1314; x_wconf 84' lang='lat' dir='ltr'><strong>igitur</strong></span> <span class='ocrx_word' id='word_1_88' title='bbox 535 1254 577 1302; x_wconf 90' lang='lat' dir='ltr'><strong>est</strong></span> <span class='ocrx_word' id='word_1_89' title='bbox 594 1254 746 1317; x_wconf 82' lang='lat' dir='ltr'><strong>utrumque,</strong></span> <span class='ocrx_word' id='word_1_90' title='bbox 765 1250 881 1316; x_wconf 89' lang='lat' dir='ltr'><strong>primum</strong></span> <span class='ocrx_word' id='word_1_91' title='bbox 898 1249 1088 1305; x_wconf 88' lang='lat' dir='ltr'><strong>imbecilliores</strong></span> <span class='ocrx_word' id='word_1_92' title='bbox 1107 1264 1167 1302; x_wconf 88' lang='lat' dir='ltr'><strong>esse</strong></span> <span class='ocrx_word' id='word_1_93' title='bbox 1186 1249 1236 1300; x_wconf 88' lang='lat' dir='ltr'><strong>bos</strong></span> <span class='ocrx_word' id='word_1_94' title='bbox 1249 1254 1367 1316; x_wconf 88' lang='lat' dir='ltr'><strong>quatuor</strong></span> <span class='ocrx_word' id='word_1_95' title='bbox 1382 1246 1488 1313; x_wconf 90' lang='lat' dir='ltr'><strong>quintili</strong></span> <span class='ocrx_word' id='word_1_96' title='bbox 1508 1250 1535 1297; x_wconf 84' lang='lat' dir='ltr'><strong>et</strong></span> <span class='ocrx_word' id='word_1_97' title='bbox 1546 1243 1654 1314; x_wconf 89' lang='lat' dir='ltr'><strong>biquiu·</strong></span> 
     </span>
     <span class='ocr_line' id='line_1_11' title="bbox 299 1324 1525 1398; baseline -0.005 -14"><span class='ocrx_word' id='word_1_98' title='bbox 299 1329 353 1398; x_wconf 88' lang='lat' dir='ltr'><strong>tili,</strong></span> <span class='ocrx_word' id='word_1_99' title='bbox 373 1328 470 1385; x_wconf 89' lang='lat' dir='ltr'><strong>deiude</strong></span> <span class='ocrx_word' id='word_1_100' title='bbox 490 1326 601 1381; x_wconf 87' lang='lat' dir='ltr'><strong>decilem</strong></span> <span class='ocrx_word' id='word_1_101' title='bbox 621 1337 649 1382; x_wconf 92' lang='lat' dir='ltr'><strong>et</strong></span> <span class='ocrx_word' id='word_1_102' title='bbox 666 1327 816 1382; x_wconf 88' lang='lat' dir='ltr'><strong>tridecilem</strong></span> <span class='ocrx_word' id='word_1_103' title='bbox 834 1328 961 1383; x_wconf 81' lang='lat' dir='ltr'><strong>fortiores</strong></span> <span class='ocrx_word' id='word_1_104' title='bbox 980 1327 1052 1381; x_wconf 91' lang='lat' dir='ltr'><strong>octili</strong></span> <span class='ocrx_word' id='word_1_105' title='bbox 1071 1334 1099 1377; x_wconf 84' lang='lat' dir='ltr'><strong>et</strong></span> <span class='ocrx_word' id='word_1_106' title='bbox 1117 1325 1237 1392; x_wconf 85' lang='lat' dir='ltr'><strong>trioctili,</strong></span> <span class='ocrx_word' id='word_1_107' title='bbox 1256 1342 1351 1395; x_wconf 87' lang='lat' dir='ltr'><strong>parum</strong></span> <span class='ocrx_word' id='word_1_108' title='bbox 1370 1324 1525 1379; x_wconf 86' lang='lat' dir='ltr'><strong>admodum.</strong></span> 
     </span>
    </p>

    <p class='ocr_par' dir='ltr' id='par_1_5' title="bbox 246 1401 1670 3374">
     <span class='ocr_line' id='line_1_12' title="bbox 387 1401 1656 1481; baseline -0.008 -18"><span class='ocrx_word' id='word_1_109' title='bbox 387 1409 453 1464; x_wconf 82' lang='lat' dir='ltr'><strong>Onrn</strong></span> <span class='ocrx_word' id='word_1_110' title='bbox 471 1407 554 1477; x_wconf 88' lang='lat' dir='ltr'><strong>igitur</strong></span> <span class='ocrx_word' id='word_1_111' title='bbox 571 1407 770 1481; x_wconf 73' lang='lat' dir='ltr'><strong>propositiones</strong></span> <span class='ocrx_word' id='word_1_112' title='bbox 790 1414 899 1462; x_wconf 90' lang='lat' dir='ltr'><strong>nostrae</strong></span> <span class='ocrx_word' id='word_1_113' title='bbox 917 1406 1094 1475; x_wconf 87' lang='lat' dir='ltr'><strong>praecipuum</strong></span> <span class='ocrx_word' id='word_1_114' title='bbox 1118 1405 1152 1459; x_wconf 87' lang='lat' dir='ltr'><strong>ad</strong></span> <span class='ocrx_word' id='word_1_115' title='bbox 1171 1404 1319 1458; x_wconf 79' lang='lat' dir='ltr'><strong>efficaciam</strong></span> <span class='ocrx_word' id='word_1_116' title='bbox 1338 1412 1501 1458; x_wconf 90' lang='lat' dir='ltr'><strong>momentum</strong></span> <span class='ocrx_word' id='word_1_117' title='bbox 1520 1401 1656 1456; x_wconf 83' lang='lat' dir='ltr'><strong>collocent</strong></span> 
     </span>
     <span class='ocr_line' id='line_1_13' title="bbox 299 1482 1656 1556; baseline -0.009 -12"><span class='ocrx_word' id='word_1_118' title='bbox 299 1501 327 1553; x_wconf 74' lang='lat' dir='ltr'><strong>ln</strong></span> <span class='ocrx_word' id='word_1_119' title='bbox 346 1487 521 1556; x_wconf 80' lang='lat' dir='ltr'><strong>congruentia</strong></span> <span class='ocrx_word' id='word_1_120' title='bbox 538 1484 643 1556; x_wconf 86' lang='lat' dir='ltr'><strong>figurae</strong></span> <span class='ocrx_word' id='word_1_121' title='bbox 662 1486 839 1555; x_wconf 75' lang='lat' dir='ltr'><strong>praecipuae,</strong></span> <span class='ocrx_word' id='word_1_122' title='bbox 865 1487 917 1540; x_wconf 89' lang='lat' dir='ltr'><strong>hoc</strong></span> <span class='ocrx_word' id='word_1_123' title='bbox 935 1493 978 1540; x_wconf 92' lang='lat' dir='ltr'><strong>est</strong></span> <span class='ocrx_word' id='word_1_124' title='bbox 995 1482 1259 1551; x_wconf 74' lang='lat' dir='ltr'><strong>circumferentialis,</strong></span> <span class='ocrx_word' id='word_1_125' title='bbox 1287 1482 1458 1536; x_wconf 82' lang='lat' dir='ltr'><strong>manifestum</strong></span> <span class='ocrx_word' id='word_1_126' title='bbox 1477 1488 1534 1549; x_wconf 78' lang='lat' dir='ltr'><strong>est,</strong></span> <span class='ocrx_word' id='word_1_127' title='bbox 1558 1490 1656 1549; x_wconf 81' lang='lat' dir='ltr'><strong>penta·</strong></span> 
     </span>
     <span class='ocr_line' id='line_1_14' title="bbox 298 1560 1657 1639; baseline -0.007 -17"><span class='ocrx_word' id='word_1_128' title='bbox 298 1584 399 1639; x_wconf 83' lang='lat' dir='ltr'><strong>genum</strong></span> <span class='ocrx_word' id='word_1_129' title='bbox 416 1574 445 1621; x_wconf 89' lang='lat' dir='ltr'><strong>et</strong></span> <span class='ocrx_word' id='word_1_130' title='bbox 461 1566 568 1621; x_wconf 85' lang='lat' dir='ltr'><strong>stellam</strong></span> <span class='ocrx_word' id='word_1_131' title='bbox 587 1565 646 1633; x_wconf 87' lang='lat' dir='ltr'><strong>ejus</strong></span> <span class='ocrx_word' id='word_1_132' title='bbox 666 1580 816 1635; x_wconf 87' lang='lat' dir='ltr'><strong>congruere</strong></span> <span class='ocrx_word' id='word_1_133' title='bbox 839 1581 900 1619; x_wconf 92' lang='lat' dir='ltr'><strong>cum</strong></span> <span class='ocrx_word' id='word_1_134' title='bbox 919 1579 985 1618; x_wconf 88' lang='lat' dir='ltr'><strong>suae</strong></span> <span class='ocrx_word' id='word_1_135' title='bbox 1004 1578 1139 1633; x_wconf 86' lang='lat' dir='ltr'><strong>quamque</strong></span> <span class='ocrx_word' id='word_1_136' title='bbox 1163 1563 1264 1632; x_wconf 88' lang='lat' dir='ltr'><strong>speciei</strong></span> <span class='ocrx_word' id='word_1_137' title='bbox 1282 1562 1375 1629; x_wconf 86' lang='lat' dir='ltr'><strong>liguris</strong></span> <span class='ocrx_word' id='word_1_138' title='bbox 1403 1562 1437 1617; x_wconf 91' lang='lat' dir='ltr'><strong>ad</strong></span> <span class='ocrx_word' id='word_1_139' title='bbox 1456 1560 1572 1615; x_wconf 88' lang='lat' dir='ltr'><strong>solidum</strong></span> <span class='ocrx_word' id='word_1_140' title='bbox 1597 1576 1657 1629; x_wconf 69' lang='lat' dir='ltr'><strong>per</strong></span> 
     </span>
     <span class='ocr_line' id='line_1_15' title="bbox 298 1638 1657 1714; baseline -0.009 -11"><span class='ocrx_word' id='word_1_141' title='bbox 298 1649 400 1704; x_wconf 82' lang='lat' dir='ltr'><strong>lectum</strong></span> <span class='ocrx_word' id='word_1_142' title='bbox 418 1644 600 1714; x_wconf 82' lang='lat' dir='ltr'><strong>formandum,</strong></span> <span class='ocrx_word' id='word_1_143' title='bbox 627 1652 659 1700; x_wconf 91' lang='lat' dir='ltr'><strong>nt</strong></span> <span class='ocrx_word' id='word_1_144' title='bbox 672 1645 731 1712; x_wconf 89' lang='lat' dir='ltr'><strong>jam</strong></span> <span class='ocrx_word' id='word_1_145' title='bbox 748 1644 830 1698; x_wconf 90' lang='lat' dir='ltr'><strong>modo</strong></span> <span class='ocrx_word' id='word_1_146' title='bbox 849 1643 965 1707; x_wconf 90' lang='lat' dir='ltr'><strong>dictum,</strong></span> <span class='ocrx_word' id='word_1_147' title='bbox 995 1658 1144 1710; x_wconf 87' lang='lat' dir='ltr'><strong>congruere</strong></span> <span class='ocrx_word' id='word_1_148' title='bbox 1168 1643 1249 1697; x_wconf 89' lang='lat' dir='ltr'><strong>etiam</strong></span> <span class='ocrx_word' id='word_1_149' title='bbox 1268 1644 1338 1697; x_wconf 89' lang='lat' dir='ltr'><strong>inter</strong></span> <span class='ocrx_word' id='word_1_150' title='bbox 1356 1658 1386 1696; x_wconf 89' lang='lat' dir='ltr'><strong>se</strong></span> <span class='ocrx_word' id='word_1_151' title='bbox 1403 1641 1518 1710; x_wconf 87' lang='lat' dir='ltr'><strong>pulchre</strong></span> <span class='ocrx_word' id='word_1_152' title='bbox 1544 1638 1579 1693; x_wconf 89' lang='lat' dir='ltr'><strong>ad</strong></span> <span class='ocrx_word' id='word_1_153' title='bbox 1599 1638 1657 1707; x_wconf 92' lang='lat' dir='ltr'><strong>pla-</strong></span> 
     </span>
     <span class='ocr_line' id='line_1_16' title="bbox 297 1722 1657 1793; baseline -0.009 -11"><span class='ocrx_word' id='word_1_154' title='bbox 297 1743 362 1782; x_wconf 92' lang='lat' dir='ltr'><strong>num</strong></span> <span class='ocrx_word' id='word_1_155' title='bbox 381 1723 562 1780; x_wconf 88' lang='lat' dir='ltr'><strong>sternendum.</strong></span> <span class='ocrx_word' id='word_1_156' title='bbox 601 1724 762 1793; x_wconf 85' lang='lat' dir='ltr'><strong>Decagouns</strong></span> <span class='ocrx_word' id='word_1_157' title='bbox 780 1722 897 1776; x_wconf 82' lang='lat' dir='ltr'><strong>vicissim</strong></span> <span class='ocrx_word' id='word_1_158' title='bbox 908 1729 935 1776; x_wconf 92' lang='lat' dir='ltr'><strong>et</strong></span> <span class='ocrx_word' id='word_1_159' title='bbox 947 1732 1097 1790; x_wconf 90' lang='lat' dir='ltr'><strong>octogonus</strong></span> <span class='ocrx_word' id='word_1_160' title='bbox 1116 1738 1177 1776; x_wconf 91' lang='lat' dir='ltr'><strong>cum</strong></span> <span class='ocrx_word' id='word_1_161' title='bbox 1190 1722 1275 1776; x_wconf 88' lang='lat' dir='ltr'><strong>stellis</strong></span> <span class='ocrx_word' id='word_1_162' title='bbox 1290 1723 1355 1790; x_wconf 88' lang='lat' dir='ltr'><strong>suis,</strong></span> <span class='ocrx_word' id='word_1_163' title='bbox 1375 1735 1499 1791; x_wconf 87' lang='lat' dir='ltr'><strong>quaeque</strong></span> <span class='ocrx_word' id='word_1_164' title='bbox 1514 1735 1576 1773; x_wconf 92' lang='lat' dir='ltr'><strong>cum</strong></span> <span class='ocrx_word' id='word_1_165' title='bbox 1589 1731 1657 1772; x_wconf 84' lang='lat' dir='ltr'><strong>suae</strong></span> 
     </span>
     <span class='ocr_line' id='line_1_17' title="bbox 301 1799 1658 1876; baseline -0.009 -14"><span class='ocrx_word' id='word_1_166' title='bbox 301 1805 402 1876; x_wconf 87' lang='lat' dir='ltr'><strong>speciei</strong></span> <span class='ocrx_word' id='word_1_167' title='bbox 411 1802 479 1869; x_wconf 86' lang='lat' dir='ltr'><strong>aliis,</strong></span> <span class='ocrx_word' id='word_1_168' title='bbox 499 1802 526 1855; x_wconf 90' lang='lat' dir='ltr'><strong>in</strong></span> <span class='ocrx_word' id='word_1_169' title='bbox 545 1801 632 1856; x_wconf 91' lang='lat' dir='ltr'><strong>solido</strong></span> <span class='ocrx_word' id='word_1_170' title='bbox 650 1817 800 1870; x_wconf 87' lang='lat' dir='ltr'><strong>congruere</strong></span> <span class='ocrx_word' id='word_1_171' title='bbox 818 1818 872 1855; x_wconf 92' lang='lat' dir='ltr'><strong>non</strong></span> <span class='ocrx_word' id='word_1_172' title='bbox 890 1812 1014 1871; x_wconf 89' lang='lat' dir='ltr'><strong>possunt.</strong></span> <span class='ocrx_word' id='word_1_173' title='bbox 1053 1804 1211 1868; x_wconf 85' lang='lat' dir='ltr'><strong>t&#39;ongruunt</strong></span> <span class='ocrx_word' id='word_1_174' title='bbox 1229 1801 1337 1870; x_wconf 88' lang='lat' dir='ltr'><strong>quidem</strong></span> <span class='ocrx_word' id='word_1_175' title='bbox 1361 1799 1515 1866; x_wconf 82' lang='lat' dir='ltr'><strong>decagonus</strong></span> <span class='ocrx_word' id='word_1_176' title='bbox 1534 1805 1562 1852; x_wconf 88' lang='lat' dir='ltr'><strong>et</strong></span> <span class='ocrx_word' id='word_1_177' title='bbox 1581 1804 1658 1851; x_wconf 89' lang='lat' dir='ltr'><strong>octo·</strong></span> 
     </span>
     <span class='ocr_line' id='line_1_18' title="bbox 299 1877 1657 1954; baseline -0.006 -16"><span class='ocrx_word' id='word_1_178' title='bbox 299 1899 399 1954; x_wconf 92' lang='lat' dir='ltr'><strong>gonns,</strong></span> <span class='ocrx_word' id='word_1_179' title='bbox 427 1880 477 1936; x_wconf 89' lang='lat' dir='ltr'><strong>sed</strong></span> <span class='ocrx_word' id='word_1_180' title='bbox 496 1897 557 1936; x_wconf 91' lang='lat' dir='ltr'><strong>cum</strong></span> <span class='ocrx_word' id='word_1_181' title='bbox 575 1880 634 1935; x_wconf 89' lang='lat' dir='ltr'><strong>aliis</strong></span> <span class='ocrx_word' id='word_1_182' title='bbox 660 1897 714 1934; x_wconf 91' lang='lat' dir='ltr'><strong>non</strong></span> <span class='ocrx_word' id='word_1_183' title='bbox 733 1879 857 1934; x_wconf 87' lang='lat' dir='ltr'><strong>omnibus</strong></span> <span class='ocrx_word' id='word_1_184' title='bbox 885 1881 928 1934; x_wconf 90' lang='lat' dir='ltr'><strong>sui</strong></span> <span class='ocrx_word' id='word_1_185' title='bbox 946 1881 1066 1947; x_wconf 86' lang='lat' dir='ltr'><strong>generis;</strong></span> <span class='ocrx_word' id='word_1_186' title='bbox 1095 1880 1190 1933; x_wconf 87' lang='lat' dir='ltr'><strong>stellae</strong></span> <span class='ocrx_word' id='word_1_187' title='bbox 1208 1896 1271 1934; x_wconf 87' lang='lat' dir='ltr'><strong>vero</strong></span> <span class='ocrx_word' id='word_1_188' title='bbox 1299 1880 1428 1933; x_wconf 88' lang='lat' dir='ltr'><strong>inchoant</strong></span> <span class='ocrx_word' id='word_1_189' title='bbox 1452 1877 1572 1946; x_wconf 85' lang='lat' dir='ltr'><strong>aliquam</strong></span> <span class='ocrx_word' id='word_1_190' title='bbox 1593 1893 1657 1932; x_wconf 92' lang='lat' dir='ltr'><strong>con·</strong></span> 
     </span>
     <span class='ocr_line' id='line_1_19' title="bbox 299 1958 1658 2033; baseline -0.007 -17"><span class='ocrx_word' id='word_1_191' title='bbox 299 1962 450 2033; x_wconf 72' lang='lat' dir='ltr'><strong>mantiam</strong></span> <span class='ocrx_word' id='word_1_192' title='bbox 468 1961 495 2014; x_wconf 90' lang='lat' dir='ltr'><strong>in</strong></span> <span class='ocrx_word' id='word_1_193' title='bbox 514 1959 610 2033; x_wconf 80' lang='lat' dir='ltr'><strong>solido,</strong></span> <span class='ocrx_word' id='word_1_194' title='bbox 628 1968 729 2031; x_wconf 72' lang='lat' dir='ltr'><strong>utnon</strong></span> <span class='ocrx_word' id='word_1_195' title='bbox 747 1958 907 2028; x_wconf 74' lang='lat' dir='ltr'><strong>absolvunt,</strong></span> <span class='ocrx_word' id='word_1_196' title='bbox 926 1960 1007 2012; x_wconf 89' lang='lat' dir='ltr'><strong>etiam</strong></span> <span class='ocrx_word' id='word_1_197' title='bbox 1026 1960 1053 2011; x_wconf 92' lang='lat' dir='ltr'><strong>in</strong></span> <span class='ocrx_word' id='word_1_198' title='bbox 1071 1959 1152 2030; x_wconf 87' lang='lat' dir='ltr'><strong>plano</strong></span> <span class='ocrx_word' id='word_1_199' title='bbox 1170 1959 1315 2027; x_wconf 89' lang='lat' dir='ltr'><strong>ignobilior</strong></span> <span class='ocrx_word' id='word_1_200' title='bbox 1334 1966 1376 2013; x_wconf 87' lang='lat' dir='ltr'><strong>est</strong></span> <span class='ocrx_word' id='word_1_201' title='bbox 1393 1973 1485 2012; x_wconf 91' lang='lat' dir='ltr'><strong>earnm</strong></span> <span class='ocrx_word' id='word_1_202' title='bbox 1504 1970 1658 2025; x_wconf 88' lang='lat' dir='ltr'><strong>congruen-</strong></span> 
     </span>
     <span class='ocr_line' id='line_1_20' title="bbox 297 2036 1659 2110; baseline -0.004 -16"><span class='ocrx_word' id='word_1_203' title='bbox 297 2045 346 2110; x_wconf 77' lang='lat' dir='ltr'><strong>tia,</strong></span> <span class='ocrx_word' id='word_1_204' title='bbox 366 2039 430 2110; x_wconf 89' lang='lat' dir='ltr'><strong>quia</strong></span> <span class='ocrx_word' id='word_1_205' title='bbox 447 2054 498 2092; x_wconf 90' lang='lat' dir='ltr'><strong>nec</strong></span> <span class='ocrx_word' id='word_1_206' title='bbox 515 2047 623 2094; x_wconf 89' lang='lat' dir='ltr'><strong>mutuas</strong></span> <span class='ocrx_word' id='word_1_207' title='bbox 640 2038 751 2093; x_wconf 89' lang='lat' dir='ltr'><strong>tradunt</strong></span> <span class='ocrx_word' id='word_1_208' title='bbox 770 2053 867 2106; x_wconf 89' lang='lat' dir='ltr'><strong>operas</strong></span> <span class='ocrx_word' id='word_1_209' title='bbox 886 2039 997 2105; x_wconf 82' lang='lat' dir='ltr'><strong>quaevis</strong></span> <span class='ocrx_word' id='word_1_210' title='bbox 1016 2037 1104 2107; x_wconf 89' lang='lat' dir='ltr'><strong>ligura</strong></span> <span class='ocrx_word' id='word_1_211' title='bbox 1122 2054 1182 2090; x_wconf 92' lang='lat' dir='ltr'><strong>cum</strong></span> <span class='ocrx_word' id='word_1_212' title='bbox 1201 2053 1251 2091; x_wconf 89' lang='lat' dir='ltr'><strong>sua</strong></span> <span class='ocrx_word' id='word_1_213' title='bbox 1269 2036 1350 2091; x_wconf 89' lang='lat' dir='ltr'><strong>stella</strong></span> <span class='ocrx_word' id='word_1_214' title='bbox 1368 2036 1495 2098; x_wconf 84' lang='lat' dir='ltr'><strong>solitarie,</strong></span> <span class='ocrx_word' id='word_1_215' title='bbox 1512 2043 1543 2090; x_wconf 88' lang='lat' dir='ltr'><strong>ut</strong></span> <span class='ocrx_word' id='word_1_216' title='bbox 1560 2042 1659 2104; x_wconf 86' lang='lat' dir='ltr'><strong>penta·</strong></span> 
     </span>
     <span class='ocr_line' id='line_1_21' title="bbox 299 2116 1661 2192; baseline -0.009 -15"><span class='ocrx_word' id='word_1_217' title='bbox 299 2137 387 2192; x_wconf 88' lang='lat' dir='ltr'><strong>gonus</strong></span> <span class='ocrx_word' id='word_1_218' title='bbox 406 2135 467 2173; x_wconf 88' lang='lat' dir='ltr'><strong>com</strong></span> <span class='ocrx_word' id='word_1_219' title='bbox 486 2133 550 2182; x_wconf 84' lang='lat' dir='ltr'><strong>sua,</strong></span> <span class='ocrx_word' id='word_1_220' title='bbox 578 2118 626 2172; x_wconf 88' lang='lat' dir='ltr'><strong>sed</strong></span> <span class='ocrx_word' id='word_1_221' title='bbox 645 2134 707 2172; x_wconf 92' lang='lat' dir='ltr'><strong>cum</strong></span> <span class='ocrx_word' id='word_1_222' title='bbox 729 2116 783 2171; x_wconf 90' lang='lat' dir='ltr'><strong>illis</strong></span> <span class='ocrx_word' id='word_1_223' title='bbox 802 2116 859 2170; x_wconf 88' lang='lat' dir='ltr'><strong>suis</strong></span> <span class='ocrx_word' id='word_1_224' title='bbox 878 2116 964 2171; x_wconf 89' lang='lat' dir='ltr'><strong>stellis</strong></span> <span class='ocrx_word' id='word_1_225' title='bbox 991 2123 1018 2170; x_wconf 87' lang='lat' dir='ltr'><strong>et</strong></span> <span class='ocrx_word' id='word_1_226' title='bbox 1036 2122 1186 2184; x_wconf 90' lang='lat' dir='ltr'><strong>octogonus</strong></span> <span class='ocrx_word' id='word_1_227' title='bbox 1207 2134 1267 2171; x_wconf 88' lang='lat' dir='ltr'><strong>cum</strong></span> <span class='ocrx_word' id='word_1_228' title='bbox 1287 2126 1429 2184; x_wconf 89' lang='lat' dir='ltr'><strong>tetragono</strong></span> <span class='ocrx_word' id='word_1_229' title='bbox 1451 2116 1661 2171; x_wconf 86' lang='lat' dir='ltr'><strong>insacietatem</strong></span> 
     </span>
     <span class='ocr_line' id='line_1_22' title="bbox 299 2194 1660 2265; baseline -0.006 -12"><span class='ocrx_word' id='word_1_230' title='bbox 299 2199 410 2253; x_wconf 80' lang='lat' dir='ltr'><strong>veniunt</strong></span> <span class='ocrx_word' id='word_1_231' title='bbox 428 2198 621 2264; x_wconf 88' lang='lat' dir='ltr'><strong>congruentiae</strong></span> <span class='ocrx_word' id='word_1_232' title='bbox 640 2198 759 2261; x_wconf 88' lang='lat' dir='ltr'><strong>alienae,</strong></span> <span class='ocrx_word' id='word_1_233' title='bbox 786 2195 914 2264; x_wconf 85' lang='lat' dir='ltr'><strong>illamque</strong></span> <span class='ocrx_word' id='word_1_234' title='bbox 940 2210 995 2263; x_wconf 81' lang='lat' dir='ltr'><strong>qrto</strong></span> <span class='ocrx_word' id='word_1_235' title='bbox 1013 2194 1102 2249; x_wconf 78' lang='lat' dir='ltr'><strong>mium</strong></span> <span class='ocrx_word' id='word_1_236' title='bbox 1125 2196 1277 2250; x_wconf 84' lang='lat' dir='ltr'><strong>continuari</strong></span> <span class='ocrx_word' id='word_1_237' title='bbox 1302 2198 1389 2265; x_wconf 86' lang='lat' dir='ltr'><strong>possit</strong></span> <span class='ocrx_word' id='word_1_238' title='bbox 1415 2196 1474 2264; x_wconf 90' lang='lat' dir='ltr'><strong>ipse</strong></span> <span class='ocrx_word' id='word_1_239' title='bbox 1503 2196 1660 2259; x_wconf 84' lang='lat' dir='ltr'><strong>decagonus</strong></span> 
     </span>
     <span class='ocr_line' id='line_1_23' title="bbox 298 2273 1659 2348; baseline -0.007 -13"><span class='ocrx_word' id='word_1_240' title='bbox 298 2278 426 2348; x_wconf 90' lang='lat' dir='ltr'><strong>impedit;</strong></span> <span class='ocrx_word' id='word_1_241' title='bbox 454 2276 534 2332; x_wconf 86' lang='lat' dir='ltr'><strong>stalla</strong></span> <span class='ocrx_word' id='word_1_242' title='bbox 559 2277 640 2331; x_wconf 87' lang='lat' dir='ltr'><strong>etiam</strong></span> <span class='ocrx_word' id='word_1_243' title='bbox 659 2277 717 2345; x_wconf 88' lang='lat' dir='ltr'><strong>ejus</strong></span> <span class='ocrx_word' id='word_1_244' title='bbox 736 2276 854 2329; x_wconf 87' lang='lat' dir='ltr'><strong>hiulcam</strong></span> <span class='ocrx_word' id='word_1_245' title='bbox 879 2275 907 2327; x_wconf 93' lang='lat' dir='ltr'><strong>in</strong></span> <span class='ocrx_word' id='word_1_246' title='bbox 935 2273 1030 2328; x_wconf 89' lang='lat' dir='ltr'><strong>mediis</strong></span> <span class='ocrx_word' id='word_1_247' title='bbox 1053 2274 1212 2343; x_wconf 86' lang='lat' dir='ltr'><strong>interceptis</strong></span> <span class='ocrx_word' id='word_1_248' title='bbox 1231 2275 1325 2343; x_wconf 89' lang='lat' dir='ltr'><strong>spatiis</strong></span> <span class='ocrx_word' id='word_1_249' title='bbox 1350 2275 1416 2329; x_wconf 68' lang='lat' dir='ltr'><strong>farcit</strong></span> <span class='ocrx_word' id='word_1_250' title='bbox 1440 2274 1659 2342; x_wconf 85' lang='lat' dir='ltr'><strong>congruentiam.</strong></span> 
     </span>
     <span class='ocr_line' id='line_1_24' title="bbox 299 2352 1661 2425; baseline -0.005 -11"><span class='ocrx_word' id='word_1_251' title='bbox 299 2358 456 2425; x_wconf 88' lang='lat' dir='ltr'><strong>Octogonus</strong></span> <span class='ocrx_word' id='word_1_252' title='bbox 474 2370 537 2410; x_wconf 89' lang='lat' dir='ltr'><strong>rero</strong></span> <span class='ocrx_word' id='word_1_253' title='bbox 556 2362 584 2408; x_wconf 89' lang='lat' dir='ltr'><strong>et</strong></span> <span class='ocrx_word' id='word_1_254' title='bbox 602 2355 681 2409; x_wconf 87' lang='lat' dir='ltr'><strong>stella</strong></span> <span class='ocrx_word' id='word_1_255' title='bbox 700 2355 759 2421; x_wconf 77' lang='lat' dir='ltr'><strong>ejnr</strong></span> <span class='ocrx_word' id='word_1_256' title='bbox 783 2352 895 2408; x_wconf 85' lang='lat' dir='ltr'><strong>alternis</strong></span> <span class='ocrx_word' id='word_1_257' title='bbox 915 2353 1014 2420; x_wconf 85' lang='lat' dir='ltr'><strong>juvant</strong></span> <span class='ocrx_word' id='word_1_258' title='bbox 1040 2353 1271 2407; x_wconf 84' lang='lat' dir='ltr'><strong>continuationem</strong></span> <span class='ocrx_word' id='word_1_259' title='bbox 1295 2354 1499 2422; x_wconf 80' lang='lat' dir='ltr'><strong>congruentiae,</strong></span> <span class='ocrx_word' id='word_1_260' title='bbox 1529 2352 1661 2407; x_wconf 87' lang='lat' dir='ltr'><strong>admixtis</strong></span> 
     </span>
     <span class='ocr_line' id='line_1_25' title="bbox 300 2428 1662 2507; baseline -0.004 -15"><span class='ocrx_word' id='word_1_261' title='bbox 300 2434 453 2507; x_wconf 85' lang='lat' dir='ltr'><strong>quadratis,</strong></span> <span class='ocrx_word' id='word_1_262' title='bbox 481 2434 659 2503; x_wconf 88' lang='lat' dir='ltr'><strong>congruentia</strong></span> <span class='ocrx_word' id='word_1_263' title='bbox 681 2434 714 2488; x_wconf 87' lang='lat' dir='ltr'><strong>fit</strong></span> <span class='ocrx_word' id='word_1_264' title='bbox 736 2433 939 2487; x_wconf 82' lang='lat' dir='ltr'><strong>dirersiformis.</strong></span> <span class='ocrx_word' id='word_1_265' title='bbox 977 2434 1019 2487; x_wconf 88' lang='lat' dir='ltr'><strong>lta</strong></span> <span class='ocrx_word' id='word_1_266' title='bbox 1043 2447 1112 2502; x_wconf 87' lang='lat' dir='ltr'><strong>pene</strong></span> <span class='ocrx_word' id='word_1_267' title='bbox 1135 2447 1216 2501; x_wconf 89' lang='lat' dir='ltr'><strong>pares</strong></span> <span class='ocrx_word' id='word_1_268' title='bbox 1243 2442 1307 2487; x_wconf 87' lang='lat' dir='ltr'><strong>sunt</strong></span> <span class='ocrx_word' id='word_1_269' title='bbox 1329 2435 1381 2488; x_wconf 86' lang='lat' dir='ltr'><strong>bae</strong></span> <span class='ocrx_word' id='word_1_270' title='bbox 1401 2428 1518 2503; x_wconf 78' lang='lat' dir='ltr'><strong>quatuor</strong></span> <span class='ocrx_word' id='word_1_271' title='bbox 1539 2435 1567 2488; x_wconf 92' lang='lat' dir='ltr'><strong>in</strong></span> <span class='ocrx_word' id='word_1_272' title='bbox 1596 2449 1662 2488; x_wconf 89' lang='lat' dir='ltr'><strong>cou-</strong></span> 
     </span>
     <span class='ocr_line' id='line_1_26' title="bbox 300 2511 1661 2587; baseline -0.002 -18"><span class='ocrx_word' id='word_1_273' title='bbox 300 2515 424 2587; x_wconf 87' lang='lat' dir='ltr'><strong>gruentia</strong></span> <span class='ocrx_word' id='word_1_274' title='bbox 441 2513 531 2583; x_wconf 79' lang='lat' dir='ltr'><strong>plana,</strong></span> <span class='ocrx_word' id='word_1_275' title='bbox 549 2515 709 2583; x_wconf 86' lang='lat' dir='ltr'><strong>praesertim</strong></span> <span class='ocrx_word' id='word_1_276' title='bbox 728 2529 790 2568; x_wconf 88' lang='lat' dir='ltr'><strong>cnm</strong></span> <span class='ocrx_word' id='word_1_277' title='bbox 810 2529 887 2566; x_wconf 87' lang='lat' dir='ltr'><strong>areas</strong></span> <span class='ocrx_word' id='word_1_278' title='bbox 907 2517 1038 2582; x_wconf 87' lang='lat' dir='ltr'><strong>utraeque</strong></span> <span class='ocrx_word' id='word_1_279' title='bbox 1056 2512 1158 2579; x_wconf 85' lang='lat' dir='ltr'><strong>figurae</strong></span> <span class='ocrx_word' id='word_1_280' title='bbox 1176 2511 1296 2566; x_wconf 86' lang='lat' dir='ltr'><strong>habeant</strong></span> <span class='ocrx_word' id='word_1_281' title='bbox 1310 2511 1468 2567; x_wconf 85' lang='lat' dir='ltr'><strong>ineffabiles.</strong></span> <span class='ocrx_word' id='word_1_282' title='bbox 1504 2511 1541 2565; x_wconf 80' lang='lat' dir='ltr'><strong>At</strong></span> <span class='ocrx_word' id='word_1_283' title='bbox 1557 2511 1588 2564; x_wconf 93' lang='lat' dir='ltr'><strong>in</strong></span> <span class='ocrx_word' id='word_1_284' title='bbox 1607 2511 1661 2566; x_wconf 88' lang='lat' dir='ltr'><strong>sci·</strong></span> 
     </span>
     <span class='ocr_line' id='line_1_27' title="bbox 299 2590 1663 2663; baseline -0.004 -14"><span class='ocrx_word' id='word_1_285' title='bbox 299 2594 404 2650; x_wconf 80' lang='lat' dir='ltr'><strong>bilitats</strong></span> <span class='ocrx_word' id='word_1_286' title='bbox 422 2593 538 2647; x_wconf 89' lang='lat' dir='ltr'><strong>multum</strong></span> <span class='ocrx_word' id='word_1_287' title='bbox 555 2592 695 2663; x_wconf 86' lang='lat' dir='ltr'><strong>praecellit</strong></span> <span class='ocrx_word' id='word_1_288' title='bbox 722 2599 796 2648; x_wconf 87' lang='lat' dir='ltr'><strong>secta</strong></span> <span class='ocrx_word' id='word_1_289' title='bbox 819 2592 1008 2660; x_wconf 87' lang='lat' dir='ltr'><strong>pentagooica.</strong></span> <span class='ocrx_word' id='word_1_290' title='bbox 1043 2590 1163 2645; x_wconf 87' lang='lat' dir='ltr'><strong>Primum</strong></span> <span class='ocrx_word' id='word_1_291' title='bbox 1187 2591 1212 2646; x_wconf 90' lang='lat' dir='ltr'><strong>si</strong></span> <span class='ocrx_word' id='word_1_292' title='bbox 1229 2590 1363 2644; x_wconf 75' lang='lat' dir='ltr'><strong>cannales</strong></span> <span class='ocrx_word' id='word_1_293' title='bbox 1384 2590 1485 2659; x_wconf 85' lang='lat' dir='ltr'><strong>figuras</strong></span> <span class='ocrx_word' id='word_1_294' title='bbox 1503 2590 1663 2644; x_wconf 86' lang='lat' dir='ltr'><strong>considere·</strong></span> 
     </span>
     <span class='ocr_line' id='line_1_28' title="bbox 246 2669 1664 2741; baseline -0.003 -12"><span class='ocrx_word' id='word_1_295' title='bbox 246 2702 250 2713; x_wconf 84' lang='lat'><em>.</em></span> <span class='ocrx_word' id='word_1_296' title='bbox 300 2690 369 2741; x_wconf 82' lang='lat' dir='ltr'><strong>mus,</strong></span> <span class='ocrx_word' id='word_1_297' title='bbox 389 2687 459 2741; x_wconf 85' lang='lat' dir='ltr'><strong>quae</strong></span> <span class='ocrx_word' id='word_1_298' title='bbox 477 2678 542 2725; x_wconf 87' lang='lat' dir='ltr'><strong>sunt</strong></span> <span class='ocrx_word' id='word_1_299' title='bbox 559 2672 604 2726; x_wconf 87' lang='lat' dir='ltr'><strong>hic</strong></span> <span class='ocrx_word' id='word_1_300' title='bbox 618 2671 675 2740; x_wconf 83' lang='lat' dir='ltr'><strong>jam</strong></span> <span class='ocrx_word' id='word_1_301' title='bbox 693 2679 865 2739; x_wconf 87' lang='lat' dir='ltr'><strong>pentagonus</strong></span> <span class='ocrx_word' id='word_1_302' title='bbox 884 2678 912 2724; x_wconf 90' lang='lat' dir='ltr'><strong>et</strong></span> <span class='ocrx_word' id='word_1_303' title='bbox 931 2670 1010 2725; x_wconf 86' lang='lat' dir='ltr'><strong>stella</strong></span> <span class='ocrx_word' id='word_1_304' title='bbox 1029 2671 1104 2739; x_wconf 88' lang='lat' dir='ltr'><strong>ejus,</strong></span> <span class='ocrx_word' id='word_1_305' title='bbox 1123 2670 1229 2725; x_wconf 85' lang='lat' dir='ltr'><strong>illarum</strong></span> <span class='ocrx_word' id='word_1_306' title='bbox 1246 2669 1354 2740; x_wconf 90' lang='lat' dir='ltr'><strong>quidem</strong></span> <span class='ocrx_word' id='word_1_307' title='bbox 1371 2669 1458 2724; x_wconf 90' lang='lat' dir='ltr'><strong>latera</strong></span> <span class='ocrx_word' id='word_1_308' title='bbox 1476 2669 1526 2725; x_wconf 91' lang='lat' dir='ltr'><strong>sub</strong></span> <span class='ocrx_word' id='word_1_309' title='bbox 1543 2670 1664 2725; x_wconf 84' lang='lat' dir='ltr'><strong>eandem</strong></span> 
     </span>
     <span class='ocr_line' id='line_1_29' title="bbox 301 2749 1667 2822; baseline -0.002 -14"><span class='ocrx_word' id='word_1_310' title='bbox 301 2752 420 2822; x_wconf 88' lang='lat' dir='ltr'><strong>speciem</strong></span> <span class='ocrx_word' id='word_1_311' title='bbox 446 2750 623 2807; x_wconf 81' lang='lat' dir='ltr'><strong>ineffabilium</strong></span> <span class='ocrx_word' id='word_1_312' title='bbox 645 2749 747 2806; x_wconf 84' lang='lat' dir='ltr'><strong>cadunt</strong></span> <span class='ocrx_word' id='word_1_313' title='bbox 770 2766 831 2804; x_wconf 88' lang='lat' dir='ltr'><strong>cum</strong></span> <span class='ocrx_word' id='word_1_314' title='bbox 855 2749 988 2820; x_wconf 88' lang='lat' dir='ltr'><strong>lateribus</strong></span> <span class='ocrx_word' id='word_1_315' title='bbox 1007 2750 1133 2819; x_wconf 90' lang='lat' dir='ltr'><strong>octogoni</strong></span> <span class='ocrx_word' id='word_1_316' title='bbox 1159 2758 1186 2803; x_wconf 91' lang='lat' dir='ltr'><strong>et</strong></span> <span class='ocrx_word' id='word_1_317' title='bbox 1206 2749 1314 2818; x_wconf 90' lang='lat' dir='ltr'><strong>stellae,</strong></span> <span class='ocrx_word' id='word_1_318' title='bbox 1342 2751 1486 2805; x_wconf 84' lang='lat' dir='ltr'><strong>existentia</strong></span> <span class='ocrx_word' id='word_1_319' title='bbox 1504 2750 1615 2804; x_wconf 86' lang='lat' dir='ltr'><strong>elasson</strong></span> <span class='ocrx_word' id='word_1_320' title='bbox 1637 2757 1667 2805; x_wconf 85' lang='lat' dir='ltr'><strong>et</strong></span> 
     </span>
     <span class='ocr_line' id='line_1_30' title="bbox 302 2828 1665 2900; baseline 0 -16"><span class='ocrx_word' id='word_1_321' title='bbox 302 2830 405 2893; x_wconf 78' lang='lat' dir='ltr'><strong>mizon3</strong></span> <span class='ocrx_word' id='word_1_322' title='bbox 425 2829 466 2884; x_wconf 89' lang='lat' dir='ltr'><strong>sin</strong></span> <span class='ocrx_word' id='word_1_323' title='bbox 485 2830 757 2900; x_wconf 85' lang='lat' dir='ltr'><strong>circumferentiales,</strong></span> <span class='ocrx_word' id='word_1_324' title='bbox 783 2843 854 2898; x_wconf 90' lang='lat' dir='ltr'><strong>qnae</strong></span> <span class='ocrx_word' id='word_1_325' title='bbox 872 2828 918 2882; x_wconf 87' lang='lat' dir='ltr'><strong>bic</strong></span> <span class='ocrx_word' id='word_1_326' title='bbox 933 2839 998 2884; x_wconf 91' lang='lat' dir='ltr'><strong>sont</strong></span> <span class='ocrx_word' id='word_1_327' title='bbox 1019 2828 1107 2883; x_wconf 88' lang='lat' dir='ltr'><strong>latera</strong></span> <span class='ocrx_word' id='word_1_328' title='bbox 1125 2830 1255 2899; x_wconf 87' lang='lat' dir='ltr'><strong>decagoni</strong></span> <span class='ocrx_word' id='word_1_329' title='bbox 1282 2839 1310 2886; x_wconf 92' lang='lat' dir='ltr'><strong>et</strong></span> <span class='ocrx_word' id='word_1_330' title='bbox 1327 2829 1422 2885; x_wconf 88' lang='lat' dir='ltr'><strong>stellas</strong></span> <span class='ocrx_word' id='word_1_331' title='bbox 1441 2830 1513 2898; x_wconf 87' lang='lat' dir='ltr'><strong>ejus,</strong></span> <span class='ocrx_word' id='word_1_332' title='bbox 1539 2829 1589 2883; x_wconf 86' lang='lat' dir='ltr'><strong>illa</strong></span> <span class='ocrx_word' id='word_1_333' title='bbox 1606 2846 1665 2884; x_wconf 90' lang='lat' dir='ltr'><strong>non</strong></span> 
     </span>
     <span class='ocr_line' id='line_1_31' title="bbox 301 2906 1666 2977; baseline 0.001 -13"><span class='ocrx_word' id='word_1_334' title='bbox 301 2916 407 2964; x_wconf 84' lang='lat' dir='ltr'><strong>tanturn</strong></span> <span class='ocrx_word' id='word_1_335' title='bbox 430 2913 494 2960; x_wconf 91' lang='lat' dir='ltr'><strong>sunt</strong></span> <span class='ocrx_word' id='word_1_336' title='bbox 517 2923 552 2961; x_wconf 82' lang='lat' dir='ltr'><strong>ex</strong></span> <span class='ocrx_word' id='word_1_337' title='bbox 571 2908 661 2976; x_wconf 90' lang='lat' dir='ltr'><strong>specie</strong></span> <span class='ocrx_word' id='word_1_338' title='bbox 680 2906 805 2960; x_wconf 86' lang='lat' dir='ltr'><strong>nobiliori</strong></span> <span class='ocrx_word' id='word_1_339' title='bbox 822 2906 989 2961; x_wconf 88' lang='lat' dir='ltr'><strong>binominum</strong></span> <span class='ocrx_word' id='word_1_340' title='bbox 1015 2916 1043 2961; x_wconf 92' lang='lat' dir='ltr'><strong>et</strong></span> <span class='ocrx_word' id='word_1_341' title='bbox 1060 2916 1261 2977; x_wconf 85' lang='lat' dir='ltr'><strong>apotomarum,</strong></span> <span class='ocrx_word' id='word_1_342' title='bbox 1289 2926 1351 2964; x_wconf 90' lang='lat' dir='ltr'><strong>cum</strong></span> <span class='ocrx_word' id='word_1_343' title='bbox 1374 2910 1551 2977; x_wconf 87' lang='lat' dir='ltr'><strong>octogonicae</strong></span> <span class='ocrx_word' id='word_1_344' title='bbox 1570 2910 1666 2965; x_wconf 85' lang='lat' dir='ltr'><strong>lineae</strong></span> 
     </span>
     <span class='ocr_line' id='line_1_32' title="bbox 303 2985 1667 3058; baseline -0.001 -16"><span class='ocrx_word' id='word_1_345' title='bbox 303 2988 359 3042; x_wconf 84' lang='lat' dir='ltr'><strong>sint</strong></span> <span class='ocrx_word' id='word_1_346' title='bbox 376 3001 411 3039; x_wconf 83' lang='lat' dir='ltr'><strong>ex</strong></span> <span class='ocrx_word' id='word_1_347' title='bbox 429 2992 526 3054; x_wconf 83' lang='lat' dir='ltr'><strong>quarta</strong></span> <span class='ocrx_word' id='word_1_348' title='bbox 544 2985 648 3054; x_wconf 89' lang='lat' dir='ltr'><strong>specie,</strong></span> <span class='ocrx_word' id='word_1_349' title='bbox 676 3000 747 3053; x_wconf 86' lang='lat' dir='ltr'><strong>quae</strong></span> <span class='ocrx_word' id='word_1_350' title='bbox 765 2992 809 3039; x_wconf 89' lang='lat' dir='ltr'><strong>est</strong></span> <span class='ocrx_word' id='word_1_351' title='bbox 824 2985 961 3038; x_wconf 88' lang='lat' dir='ltr'><strong>mizonum</strong></span> <span class='ocrx_word' id='word_1_352' title='bbox 987 2995 1015 3040; x_wconf 91' lang='lat' dir='ltr'><strong>et</strong></span> <span class='ocrx_word' id='word_1_353' title='bbox 1032 2985 1199 3050; x_wconf 83' lang='lat' dir='ltr'><strong>classonum,</strong></span> <span class='ocrx_word' id='word_1_354' title='bbox 1228 2989 1277 3043; x_wconf 89' lang='lat' dir='ltr'><strong>sed</strong></span> <span class='ocrx_word' id='word_1_355' title='bbox 1299 2989 1444 3058; x_wconf 89' lang='lat' dir='ltr'><strong>acquirunt</strong></span> <span class='ocrx_word' id='word_1_356' title='bbox 1461 2989 1542 3043; x_wconf 90' lang='lat' dir='ltr'><strong>etiam</strong></span> <span class='ocrx_word' id='word_1_357' title='bbox 1570 2989 1667 3043; x_wconf 86' lang='lat' dir='ltr'><strong>omnia</strong></span> 
     </span>
     <span class='ocr_line' id='line_1_33' title="bbox 302 3063 1667 3134; baseline -0.001 -15"><span class='ocrx_word' id='word_1_358' title='bbox 302 3065 390 3120; x_wconf 87' lang='lat' dir='ltr'><strong>latera</strong></span> <span class='ocrx_word' id='word_1_359' title='bbox 415 3065 611 3134; x_wconf 87' lang='lat' dir='ltr'><strong>pentagonicae</strong></span> <span class='ocrx_word' id='word_1_360' title='bbox 635 3073 727 3124; x_wconf 85' lang='lat' dir='ltr'><strong>sectas</strong></span> <span class='ocrx_word' id='word_1_361' title='bbox 744 3063 941 3118; x_wconf 85' lang='lat' dir='ltr'><strong>nobilissimam</strong></span> <span class='ocrx_word' id='word_1_362' title='bbox 958 3066 1153 3134; x_wconf 86' lang='lat' dir='ltr'><strong>proprietatem</strong></span> <span class='ocrx_word' id='word_1_363' title='bbox 1171 3067 1299 3121; x_wconf 87' lang='lat' dir='ltr'><strong>sectionis</strong></span> <span class='ocrx_word' id='word_1_364' title='bbox 1323 3067 1471 3121; x_wconf 88' lang='lat' dir='ltr'><strong>secundum</strong></span> <span class='ocrx_word' id='word_1_365' title='bbox 1490 3075 1617 3122; x_wconf 76' lang='lat' dir='ltr'><strong>extrem</strong></span> <span class='ocrx_word' id='word_1_366' title='bbox 1638 3075 1667 3119; x_wconf 88' lang='lat' dir='ltr'><strong>et</strong></span> 
     </span>
     <span class='ocr_line' id='line_1_34' title="bbox 302 3143 1668 3213; baseline 0.001 -14"><span class='ocrx_word' id='word_1_367' title='bbox 302 3146 434 3211; x_wconf 90' lang='lat' dir='ltr'><strong>medium,</strong></span> <span class='ocrx_word' id='word_1_368' title='bbox 463 3160 532 3212; x_wconf 89' lang='lat' dir='ltr'><strong>quae</strong></span> <span class='ocrx_word' id='word_1_369' title='bbox 549 3144 631 3213; x_wconf 87' lang='lat' dir='ltr'><strong>plane</strong></span> <span class='ocrx_word' id='word_1_370' title='bbox 649 3143 717 3197; x_wconf 91' lang='lat' dir='ltr'><strong>nihil</strong></span> <span class='ocrx_word' id='word_1_371' title='bbox 734 3143 834 3197; x_wconf 88' lang='lat' dir='ltr'><strong>attinet</strong></span> <span class='ocrx_word' id='word_1_372' title='bbox 859 3143 945 3200; x_wconf 88' lang='lat' dir='ltr'><strong>lineas</strong></span> <span class='ocrx_word' id='word_1_373' title='bbox 964 3146 1148 3213; x_wconf 88' lang='lat' dir='ltr'><strong>octogonicas.</strong></span> <span class='ocrx_word' id='word_1_374' title='bbox 1185 3144 1288 3211; x_wconf 83' lang='lat' dir='ltr'><strong>Quodsi</strong></span> <span class='ocrx_word' id='word_1_375' title='bbox 1312 3144 1472 3212; x_wconf 85' lang='lat' dir='ltr'><strong>octogonica</strong></span> <span class='ocrx_word' id='word_1_376' title='bbox 1489 3153 1565 3200; x_wconf 90' lang='lat' dir='ltr'><strong>secta</strong></span> <span class='ocrx_word' id='word_1_377' title='bbox 1593 3162 1668 3200; x_wconf 90' lang='lat' dir='ltr'><strong>uon·</strong></span> 
     </span>
     <span class='ocr_line' id='line_1_35' title="bbox 302 3222 1669 3292; baseline 0.002 -16"><span class='ocrx_word' id='word_1_378' title='bbox 302 3223 370 3280; x_wconf 85' lang='lat' dir='ltr'><strong>nihil</strong></span> <span class='ocrx_word' id='word_1_379' title='bbox 387 3222 558 3292; x_wconf 87' lang='lat' dir='ltr'><strong>praepollere</strong></span> <span class='ocrx_word' id='word_1_380' title='bbox 575 3224 633 3277; x_wconf 83' lang='lat' dir='ltr'><strong>visa</strong></span> <span class='ocrx_word' id='word_1_381' title='bbox 651 3229 694 3277; x_wconf 89' lang='lat' dir='ltr'><strong>est</strong></span> <span class='ocrx_word' id='word_1_382' title='bbox 710 3222 739 3276; x_wconf 92' lang='lat' dir='ltr'><strong>in</strong></span> <span class='ocrx_word' id='word_1_383' title='bbox 757 3224 945 3292; x_wconf 85' lang='lat' dir='ltr'><strong>congruentia,</strong></span> <span class='ocrx_word' id='word_1_384' title='bbox 972 3224 1017 3278; x_wconf 90' lang='lat' dir='ltr'><strong>hic</strong></span> <span class='ocrx_word' id='word_1_385' title='bbox 1031 3225 1089 3292; x_wconf 86' lang='lat' dir='ltr'><strong>jam</strong></span> <span class='ocrx_word' id='word_1_386' title='bbox 1108 3225 1225 3279; x_wconf 86' lang='lat' dir='ltr'><strong>vicissim</strong></span> <span class='ocrx_word' id='word_1_387' title='bbox 1243 3224 1329 3279; x_wconf 90' lang='lat' dir='ltr'><strong>multo</strong></span> <span class='ocrx_word' id='word_1_388' title='bbox 1346 3225 1446 3280; x_wconf 88' lang='lat' dir='ltr'><strong>fortius</strong></span> <span class='ocrx_word' id='word_1_389' title='bbox 1465 3224 1630 3291; x_wconf 86' lang='lat' dir='ltr'><strong>deprimitur</strong></span> <span class='ocrx_word' id='word_1_390' title='bbox 1650 3242 1669 3279; x_wconf 86' lang='lat' dir='ltr'><strong>a</strong></span> 
     </span>
     <span class='ocr_line' id='line_1_36' title="bbox 302 3301 1670 3374; baseline -0.001 -16"><span class='ocrx_word' id='word_1_391' title='bbox 302 3301 490 3374; x_wconf 86' lang='lat' dir='ltr'><strong>pentagonica.</strong></span> <span class='ocrx_word' id='word_1_392' title='bbox 526 3302 611 3357; x_wconf 86' lang='lat' dir='ltr'><strong>Recte</strong></span> <span class='ocrx_word' id='word_1_393' title='bbox 628 3301 712 3371; x_wconf 88' lang='lat' dir='ltr'><strong>igitur</strong></span> <span class='ocrx_word' id='word_1_394' title='bbox 729 3307 867 3368; x_wconf 72' lang='lat' dir='ltr'><strong>unusque,</strong></span> <span class='ocrx_word' id='word_1_395' title='bbox 887 3310 918 3355; x_wconf 92' lang='lat' dir='ltr'><strong>ut</strong></span> <span class='ocrx_word' id='word_1_396' title='bbox 937 3302 971 3358; x_wconf 92' lang='lat' dir='ltr'><strong>de</strong></span> <span class='ocrx_word' id='word_1_397' title='bbox 988 3302 1155 3372; x_wconf 82' lang='lat' dir='ltr'><strong>praestantis</strong></span> <span class='ocrx_word' id='word_1_398' title='bbox 1174 3302 1377 3370; x_wconf 81' lang='lat' dir='ltr'><strong>contendentes,</strong></span> <span class='ocrx_word' id='word_1_399' title='bbox 1398 3304 1426 3357; x_wconf 93' lang='lat' dir='ltr'><strong>in</strong></span> <span class='ocrx_word' id='word_1_400' title='bbox 1444 3319 1525 3358; x_wconf 88' lang='lat' dir='ltr'><strong>unam</strong></span> <span class='ocrx_word' id='word_1_401' title='bbox 1542 3303 1670 3360; x_wconf 86' lang='lat' dir='ltr'><strong>classem</strong></span> 
     </span>
    </p>
   </div>
   <div class='ocr_carea' id='block_1_4' title="bbox 220 3379 1593 3451">
    <p class='ocr_par' dir='ltr' id='par_1_6' title="bbox 220 3379 1593 3451">
     <span class='ocr_line' id='line_1_37' title="bbox 220 3379 1593 3451; baseline -0.004 -12"><span class='ocrx_word' id='word_1_402' title='bbox 220 3392 228 3408; x_wconf 67' lang='lat'>⁸</span> <span class='ocrx_word' id='word_1_403' title='bbox 304 3381 414 3451; x_wconf 90' lang='lat' dir='ltr'><strong>redegi,</strong></span> <span class='ocrx_word' id='word_1_404' title='bbox 432 3381 582 3451; x_wconf 88' lang='lat' dir='ltr'><strong>praemissa</strong></span> <span class='ocrx_word' id='word_1_405' title='bbox 599 3389 691 3437; x_wconf 87' lang='lat' dir='ltr'><strong>tamen</strong></span> <span class='ocrx_word' id='word_1_406' title='bbox 708 3379 898 3450; x_wconf 86' lang='lat' dir='ltr'><strong>pentagonics.</strong></span> <span class='ocrx_word' id='word_1_407' title='bbox 936 3380 1099 3437; x_wconf 87' lang='lat' dir='ltr'><strong>Consulatur</strong></span> <span class='ocrx_word' id='word_1_408' title='bbox 1117 3381 1150 3434; x_wconf 91' lang='lat' dir='ltr'><strong>de</strong></span> <span class='ocrx_word' id='word_1_409' title='bbox 1170 3381 1212 3434; x_wconf 91' lang='lat' dir='ltr'><strong>his</strong></span> <span class='ocrx_word' id='word_1_410' title='bbox 1232 3380 1380 3436; x_wconf 90' lang='lat' dir='ltr'><strong>identidem</strong></span> <span class='ocrx_word' id='word_1_411' title='bbox 1399 3383 1467 3437; x_wconf 87' lang='lat' dir='ltr'><strong>liber</strong></span> <span class='ocrx_word' id='word_1_412' title='bbox 1484 3382 1504 3436; x_wconf 92' lang='lat'><strong>1.</strong></span> <span class='ocrx_word' id='word_1_413' title='bbox 1591 3421 1593 3434; x_wconf 81' lang='grc'>,</span> 
     </span>
    </p>
   </div>
   <div class='ocr_carea' id='block_1_5' title="bbox 301 3457 1672 3768">
    <p class='ocr_par' dir='ltr' id='par_1_7' title="bbox 301 3457 1672 3768">
     <span class='ocr_line' id='line_1_38' title="bbox 391 3457 1670 3532; baseline 0.004 -18"><span class='ocrx_word' id='word_1_414' title='bbox 391 3459 444 3514; x_wconf 85' lang='lat' dir='ltr'><strong>Eat</strong></span> <span class='ocrx_word' id='word_1_415' title='bbox 462 3466 491 3513; x_wconf 89' lang='lat' dir='ltr'><strong>et</strong></span> <span class='ocrx_word' id='word_1_416' title='bbox 507 3460 652 3528; x_wconf 86' lang='lat' dir='ltr'><strong>peculiaris</strong></span> <span class='ocrx_word' id='word_1_417' title='bbox 670 3457 861 3529; x_wconf 86' lang='lat' dir='ltr'><strong>praerogativa</strong></span> <span class='ocrx_word' id='word_1_418' title='bbox 878 3459 1029 3528; x_wconf 87' lang='lat' dir='ltr'><strong>biqnintilis</strong></span> <span class='ocrx_word' id='word_1_419' title='bbox 1048 3474 1115 3530; x_wconf 90' lang='lat' dir='ltr'><strong>prae</strong></span> <span class='ocrx_word' id='word_1_420' title='bbox 1128 3460 1244 3515; x_wconf 89' lang='lat' dir='ltr'><strong>tridecili</strong></span> <span class='ocrx_word' id='word_1_421' title='bbox 1262 3462 1410 3516; x_wconf 86' lang='lat' dir='ltr'><strong>attrioctili</strong></span> <span class='ocrx_word' id='word_1_422' title='bbox 1430 3462 1566 3532; x_wconf 85' lang='lat' dir='ltr'><strong>etiamque</strong></span> <span class='ocrx_word' id='word_1_423' title='bbox 1585 3465 1670 3532; x_wconf 87' lang='lat' dir='ltr'><strong>quin·</strong></span> 
     </span>
     <span class='ocr_line' id='line_1_39' title="bbox 306 3537 1670 3609; baseline 0 -12"><span class='ocrx_word' id='word_1_424' title='bbox 306 3555 400 3608; x_wconf 86' lang='lat' dir='ltr'><strong>conce,</strong></span> <span class='ocrx_word' id='word_1_425' title='bbox 420 3538 494 3608; x_wconf 85' lang='lat' dir='ltr'><strong>quod</strong></span> <span class='ocrx_word' id='word_1_426' title='bbox 512 3538 592 3593; x_wconf 89' lang='lat' dir='ltr'><strong>stella</strong></span> <span class='ocrx_word' id='word_1_427' title='bbox 609 3537 799 3608; x_wconf 85' lang='lat' dir='ltr'><strong>pentagouica,</strong></span> <span class='ocrx_word' id='word_1_428' title='bbox 817 3539 946 3607; x_wconf 83' lang='lat' dir='ltr'><strong>primaria</strong></span> <span class='ocrx_word' id='word_1_429' title='bbox 964 3557 1001 3596; x_wconf 84' lang='lat' dir='ltr'><strong>sc</strong></span> <span class='ocrx_word' id='word_1_430' title='bbox 1013 3540 1086 3595; x_wconf 91' lang='lat' dir='ltr'><strong>illius</strong></span> <span class='ocrx_word' id='word_1_431' title='bbox 1098 3539 1193 3608; x_wconf 84' lang='lat' dir='ltr'><strong>figura,</strong></span> <span class='ocrx_word' id='word_1_432' title='bbox 1212 3541 1382 3609; x_wconf 87' lang='lat' dir='ltr'><strong>aptissimum</strong></span> <span class='ocrx_word' id='word_1_433' title='bbox 1394 3548 1421 3595; x_wconf 90' lang='lat' dir='ltr'><strong>et</strong></span> <span class='ocrx_word' id='word_1_434' title='bbox 1433 3540 1557 3608; x_wconf 88' lang='lat' dir='ltr'><strong>trigonici</strong></span> <span class='ocrx_word' id='word_1_435' title='bbox 1571 3557 1670 3597; x_wconf 84' lang='lat' dir='ltr'><strong>aemu-</strong></span> 
     </span>
     <span class='ocr_line' id='line_1_40' title="bbox 303 3617 1670 3692; baseline -0.001 -16"><span class='ocrx_word' id='word_1_436' title='bbox 303 3619 360 3676; x_wconf 89' lang='lat' dir='ltr'><strong>lum</strong></span> <span class='ocrx_word' id='word_1_437' title='bbox 377 3618 461 3673; x_wconf 88' lang='lat' dir='ltr'><strong>habet</strong></span> <span class='ocrx_word' id='word_1_438' title='bbox 479 3617 622 3687; x_wconf 70' lang='lat' dir='ltr'><strong>angulum</strong></span> <span class='ocrx_word' id='word_1_439' title='bbox 643 3619 707 3685; x_wconf 84' lang='lat' dir='ltr'><strong>qnia</strong></span> <span class='ocrx_word' id='word_1_440' title='bbox 724 3625 755 3672; x_wconf 90' lang='lat' dir='ltr'><strong>nt</strong></span> <span class='ocrx_word' id='word_1_441' title='bbox 772 3624 827 3672; x_wconf 90' lang='lat' dir='ltr'><strong>tres</strong></span> <span class='ocrx_word' id='word_1_442' title='bbox 846 3620 940 3690; x_wconf 88' lang='lat' dir='ltr'><strong>anguli</strong></span> <span class='ocrx_word' id='word_1_443' title='bbox 956 3622 1065 3689; x_wconf 87' lang='lat' dir='ltr'><strong>trigoni,</strong></span> <span class='ocrx_word' id='word_1_444' title='bbox 1084 3622 1123 3675; x_wconf 88' lang='lat' dir='ltr'><strong>sic</strong></span> <span class='ocrx_word' id='word_1_445' title='bbox 1137 3620 1219 3674; x_wconf 88' lang='lat' dir='ltr'><strong>etiam</strong></span> <span class='ocrx_word' id='word_1_446' title='bbox 1237 3620 1358 3689; x_wconf 89' lang='lat' dir='ltr'><strong>quinque</strong></span> <span class='ocrx_word' id='word_1_447' title='bbox 1370 3620 1461 3687; x_wconf 88' lang='lat' dir='ltr'><strong>anguli</strong></span> <span class='ocrx_word' id='word_1_448' title='bbox 1480 3620 1578 3675; x_wconf 87' lang='lat' dir='ltr'><strong>stellae</strong></span> <span class='ocrx_word' id='word_1_449' title='bbox 1597 3639 1670 3692; x_wconf 91' lang='lat' dir='ltr'><strong>pen·</strong></span> 
     </span>
     <span class='ocr_line' id='line_1_41' title="bbox 301 3696 1672 3768; baseline 0.003 -15"><span class='ocrx_word' id='word_1_450' title='bbox 301 3697 445 3766; x_wconf 84' lang='lat' dir='ltr'><strong>tagonicae</strong></span> <span class='ocrx_word' id='word_1_451' title='bbox 459 3696 577 3764; x_wconf 86' lang='lat' dir='ltr'><strong>junctim</strong></span> <span class='ocrx_word' id='word_1_452' title='bbox 595 3696 722 3765; x_wconf 89' lang='lat' dir='ltr'><strong>utrinqne</strong></span> <span class='ocrx_word' id='word_1_453' title='bbox 741 3707 894 3763; x_wconf 86' lang='lat' dir='ltr'><strong>aequantur</strong></span> <span class='ocrx_word' id='word_1_454' title='bbox 920 3699 1028 3755; x_wconf 92' lang='lat' dir='ltr'><strong>duobos</strong></span> <span class='ocrx_word' id='word_1_455' title='bbox 1047 3699 1141 3768; x_wconf 86' lang='lat' dir='ltr'><strong>rectis,</strong></span> <span class='ocrx_word' id='word_1_456' title='bbox 1169 3708 1200 3754; x_wconf 91' lang='lat' dir='ltr'><strong>ut</strong></span> <span class='ocrx_word' id='word_1_457' title='bbox 1218 3699 1257 3753; x_wconf 87' lang='lat' dir='ltr'><strong>sic</strong></span> <span class='ocrx_word' id='word_1_458' title='bbox 1274 3699 1361 3753; x_wconf 87' lang='lat' dir='ltr'><strong>latera</strong></span> <span class='ocrx_word' id='word_1_459' title='bbox 1385 3699 1497 3768; x_wconf 87' lang='lat' dir='ltr'><strong>angulos</strong></span> <span class='ocrx_word' id='word_1_460' title='bbox 1515 3699 1672 3757; x_wconf 86' lang='lat' dir='ltr'><strong>formantia</strong></span> 
     </span>
    </p>
   </div>
   <div class='ocr_carea' id='block_1_6' title="bbox 215 3775 1671 3846">
    <p class='ocr_par' dir='ltr' id='par_1_8' title="bbox 215 3775 1671 3846">
     <span class='ocr_line' id='line_1_42' title="bbox 215 3775 1671 3846; baseline 0.001 -14"><span class='ocrx_word' id='word_1_461' title='bbox 215 3813 218 3824; x_wconf 46' lang='lat' dir='ltr'><strong>t</strong></span> <span class='ocrx_word' id='word_1_462' title='bbox 302 3775 397 3832; x_wconf 73' lang='lat' dir='ltr'><strong>cuculi</strong></span> <span class='ocrx_word' id='word_1_463' title='bbox 414 3791 493 3830; x_wconf 80' lang='lat' dir='ltr'><strong>orcus</strong></span> <span class='ocrx_word' id='word_1_464' title='bbox 512 3791 636 3846; x_wconf 86' lang='lat' dir='ltr'><strong>quaeque</strong></span> <span class='ocrx_word' id='word_1_465' title='bbox 654 3792 718 3831; x_wconf 91' lang='lat' dir='ltr'><strong>suos</strong></span> <span class='ocrx_word' id='word_1_466' title='bbox 737 3776 920 3846; x_wconf 87' lang='lat' dir='ltr'><strong>intercipiant,</strong></span> <span class='ocrx_word' id='word_1_467' title='bbox 939 3796 994 3834; x_wconf 92' lang='lat' dir='ltr'><strong>non</strong></span> <span class='ocrx_word' id='word_1_468' title='bbox 1012 3796 1075 3834; x_wconf 86' lang='lat' dir='ltr'><strong>sero</strong></span> <span class='ocrx_word' id='word_1_469' title='bbox 1094 3779 1159 3833; x_wconf 87' lang='lat' dir='ltr'><strong>bina</strong></span> <span class='ocrx_word' id='word_1_470' title='bbox 1178 3785 1205 3832; x_wconf 91' lang='lat' dir='ltr'><strong>et</strong></span> <span class='ocrx_word' id='word_1_471' title='bbox 1229 3777 1292 3831; x_wconf 88' lang='lat' dir='ltr'><strong>bina</strong></span> <span class='ocrx_word' id='word_1_472' title='bbox 1312 3778 1464 3846; x_wconf 91' lang='lat' dir='ltr'><strong>portionem</strong></span> <span class='ocrx_word' id='word_1_473' title='bbox 1480 3777 1600 3845; x_wconf 85' lang='lat' dir='ltr'><strong>aliquam</strong></span> <span class='ocrx_word' id='word_1_474' title='bbox 1614 3781 1671 3834; x_wconf 88' lang='lat' dir='ltr'><strong>cir·</strong></span> 
     </span>
    </p>
   </div>
   <div class='ocr_carea' id='block_1_7' title="bbox 280 3855 1688 4560">
    <p class='ocr_par' dir='ltr' id='par_1_9' title="bbox 280 3855 1688 4560">
     <span class='ocr_line' id='line_1_43' title="bbox 305 3855 1671 3926; baseline 0.002 -15"><span class='ocrx_word' id='word_1_475' title='bbox 305 3855 359 3911; x_wconf 89' lang='lat' dir='ltr'><strong>culi</strong></span> <span class='ocrx_word' id='word_1_476' title='bbox 377 3855 561 3923; x_wconf 90' lang='lat' dir='ltr'><strong>communiter,</strong></span> <span class='ocrx_word' id='word_1_477' title='bbox 581 3855 655 3923; x_wconf 89' lang='lat' dir='ltr'><strong>quod</strong></span> <span class='ocrx_word' id='word_1_478' title='bbox 672 3857 700 3910; x_wconf 91' lang='lat' dir='ltr'><strong>in</strong></span> <span class='ocrx_word' id='word_1_479' title='bbox 712 3856 793 3911; x_wconf 87' lang='lat' dir='ltr'><strong>stella</strong></span> <span class='ocrx_word' id='word_1_480' title='bbox 812 3865 883 3926; x_wconf 88' lang='lat' dir='ltr'><strong>octo,</strong></span> <span class='ocrx_word' id='word_1_481' title='bbox 902 3856 1003 3925; x_wconf 88' lang='lat' dir='ltr'><strong>decem,</strong></span> <span class='ocrx_word' id='word_1_482' title='bbox 1023 3857 1165 3912; x_wconf 86' lang='lat' dir='ltr'><strong>duodecim</strong></span> <span class='ocrx_word' id='word_1_483' title='bbox 1181 3855 1326 3922; x_wconf 77' lang='lat' dir='ltr'><strong>radiorum</strong></span> <span class='ocrx_word' id='word_1_484' title='bbox 1346 3856 1380 3911; x_wconf 91' lang='lat' dir='ltr'><strong>ob</strong></span> <span class='ocrx_word' id='word_1_485' title='bbox 1393 3856 1467 3924; x_wconf 86' lang='lat' dir='ltr'><strong>paris</strong></span> <span class='ocrx_word' id='word_1_486' title='bbox 1479 3857 1587 3909; x_wconf 88' lang='lat' dir='ltr'><strong>numeri</strong></span> <span class='ocrx_word' id='word_1_487' title='bbox 1600 3874 1671 3914; x_wconf 90' lang='lat' dir='ltr'><strong>con·</strong></span> 
     </span>
     <span class='ocr_line' id='line_1_44' title="bbox 280 3933 1607 4005; baseline 0.002 -19"><span class='ocrx_word' id='word_1_488' title='bbox 280 3979 284 3986; x_wconf 95' lang='lat'><em>.</em></span> <span class='ocrx_word' id='word_1_489' title='bbox 305 3935 442 3995; x_wconf 84' lang='lat' dir='ltr'><strong>ditionem,</strong></span> <span class='ocrx_word' id='word_1_490' title='bbox 460 3934 650 4004; x_wconf 82' lang='lat' dir='ltr'><strong>inqueceteris</strong></span> <span class='ocrx_word' id='word_1_491' title='bbox 668 3933 762 4000; x_wconf 86' lang='lat' dir='ltr'><strong>figuris</strong></span> <span class='ocrx_word' id='word_1_492' title='bbox 780 3934 946 4005; x_wconf 88' lang='lat' dir='ltr'><strong>primigeniis</strong></span> <span class='ocrx_word' id='word_1_493' title='bbox 964 3939 999 3993; x_wconf 94' lang='lat' dir='ltr'><strong>ob</strong></span> <span class='ocrx_word' id='word_1_494' title='bbox 1019 3936 1109 4004; x_wconf 90' lang='lat' dir='ltr'><strong>anguli</strong></span> <span class='ocrx_word' id='word_1_495' title='bbox 1126 3934 1336 4003; x_wconf 86' lang='lat' dir='ltr'><strong>magnitudinem</strong></span> <span class='ocrx_word' id='word_1_496' title='bbox 1354 3934 1413 3988; x_wconf 86' lang='lat' dir='ltr'><strong>lieri</strong></span> <span class='ocrx_word' id='word_1_497' title='bbox 1431 3951 1486 3989; x_wconf 90' lang='lat' dir='ltr'><strong>non</strong></span> <span class='ocrx_word' id='word_1_498' title='bbox 1503 3941 1607 4001; x_wconf 85' lang='lat' dir='ltr'><strong>potest</strong></span> 
     </span>
     <span class='ocr_line' id='line_1_45' title="bbox 392 4010 1673 4082; baseline 0.001 -15"><span class='ocrx_word' id='word_1_499' title='bbox 392 4013 511 4068; x_wconf 85' lang='lat' dir='ltr'><strong>Excussi</strong></span> <span class='ocrx_word' id='word_1_500' title='bbox 528 4029 622 4074; x_wconf 85' lang='lat' dir='ltr'><strong>omnes</strong></span> <span class='ocrx_word' id='word_1_501' title='bbox 640 4013 752 4082; x_wconf 89' lang='lat' dir='ltr'><strong>loculos,</strong></span> <span class='ocrx_word' id='word_1_502' title='bbox 771 4021 802 4068; x_wconf 91' lang='lat' dir='ltr'><strong>ut</strong></span> <span class='ocrx_word' id='word_1_503' title='bbox 819 4015 987 4082; x_wconf 87' lang='lat' dir='ltr'><strong>argumentis</strong></span> <span class='ocrx_word' id='word_1_504' title='bbox 1006 4015 1110 4069; x_wconf 90' lang='lat' dir='ltr'><strong>idoneis</strong></span> <span class='ocrx_word' id='word_1_505' title='bbox 1128 4014 1209 4069; x_wconf 87' lang='lat' dir='ltr'><strong>fidem</strong></span> <span class='ocrx_word' id='word_1_506' title='bbox 1227 4013 1358 4082; x_wconf 82' lang='lat' dir='ltr'><strong>facerem,</strong></span> <span class='ocrx_word' id='word_1_507' title='bbox 1377 4030 1411 4067; x_wconf 87' lang='lat' dir='ltr'><strong>na</strong></span> <span class='ocrx_word' id='word_1_508' title='bbox 1429 4013 1527 4066; x_wconf 90' lang='lat' dir='ltr'><strong>nimius</strong></span> <span class='ocrx_word' id='word_1_509' title='bbox 1545 4010 1598 4066; x_wconf 87' lang='lat' dir='ltr'><strong>liat</strong></span> <span class='ocrx_word' id='word_1_510' title='bbox 1618 4030 1673 4068; x_wconf 93' lang='lat' dir='ltr'><strong>nu·</strong></span> 
     </span>
     <span class='ocr_line' id='line_1_46' title="bbox 307 4083 1688 4164; baseline -0.001 -15"><span class='ocrx_word' id='word_1_511' title='bbox 307 4109 396 4149; x_wconf 88' lang='lat' dir='ltr'><strong>merua</strong></span> <span class='ocrx_word' id='word_1_512' title='bbox 421 4101 592 4162; x_wconf 85' lang='lat' dir='ltr'><strong>aspectuum,</strong></span> <span class='ocrx_word' id='word_1_513' title='bbox 616 4093 805 4148; x_wconf 81' lang='lat' dir='ltr'><strong>contusionem</strong></span> <span class='ocrx_word' id='word_1_514' title='bbox 829 4093 857 4147; x_wconf 89' lang='lat' dir='ltr'><strong>iu</strong></span> <span class='ocrx_word' id='word_1_515' title='bbox 881 4094 1059 4164; x_wconf 86' lang='lat' dir='ltr'><strong>experiundo·</strong></span> <span class='ocrx_word' id='word_1_516' title='bbox 1072 4095 1225 4163; x_wconf 83' lang='lat' dir='ltr'><strong>pariturus3</strong></span> <span class='ocrx_word' id='word_1_517' title='bbox 1251 4093 1322 4147; x_wconf 91' lang='lat' dir='ltr'><strong>intra</strong></span> <span class='ocrx_word' id='word_1_518' title='bbox 1346 4093 1505 4161; x_wconf 88' lang='lat' dir='ltr'><strong>quadratum</strong></span> <span class='ocrx_word' id='word_1_519' title='bbox 1527 4090 1615 4158; x_wconf 91' lang='lat' dir='ltr'><strong>igitur</strong></span> <span class='ocrx_word' id='word_1_520' title='bbox 1641 4083 1688 4147; x_wconf 88' lang='lat' dir='ltr'><strong>et&#39;</strong></span> 
     </span>
     <span class='ocr_line' id='line_1_47' title="bbox 305 4168 1674 4242; baseline -0.002 -16"><span class='ocrx_word' id='word_1_521' title='bbox 305 4171 447 4242; x_wconf 86' lang='lat' dir='ltr'><strong>quintilem</strong></span> <span class='ocrx_word' id='word_1_522' title='bbox 466 4171 688 4242; x_wconf 84' lang='lat' dir='ltr'><strong>biqnintilemqne</strong></span> <span class='ocrx_word' id='word_1_523' title='bbox 707 4170 911 4229; x_wconf 84' lang='lat' dir='ltr'><strong>subsistendum</strong></span> <span class='ocrx_word' id='word_1_524' title='bbox 936 4187 997 4226; x_wconf 87' lang='lat' dir='ltr'><strong>csse</strong></span> <span class='ocrx_word' id='word_1_525' title='bbox 1023 4188 1073 4227; x_wconf 90' lang='lat' dir='ltr'><strong>nec</strong></span> <span class='ocrx_word' id='word_1_526' title='bbox 1098 4173 1132 4227; x_wconf 85' lang='lat' dir='ltr'><strong>ad</strong></span> <span class='ocrx_word' id='word_1_527' title='bbox 1156 4187 1248 4226; x_wconf 88' lang='lat' dir='ltr'><strong>eornm</strong></span> <span class='ocrx_word' id='word_1_528' title='bbox 1273 4170 1408 4225; x_wconf 78' lang='lat' dir='ltr'><strong>derivatos</strong></span> <span class='ocrx_word' id='word_1_529' title='bbox 1434 4179 1551 4239; x_wconf 87' lang='lat' dir='ltr'><strong>quatuor</strong></span> <span class='ocrx_word' id='word_1_530' title='bbox 1577 4168 1674 4224; x_wconf 89' lang='lat' dir='ltr'><strong>ultimi</strong></span> 
     </span>
     <span class='ocr_line' id='line_1_48' title="bbox 305 4248 1674 4321; baseline 0 -16"><span class='ocrx_word' id='word_1_531' title='bbox 305 4252 406 4321; x_wconf 86' lang='lat' dir='ltr'><strong>gradus</strong></span> <span class='ocrx_word' id='word_1_532' title='bbox 425 4259 520 4319; x_wconf 90' lang='lat' dir='ltr'><strong>utpote</strong></span> <span class='ocrx_word' id='word_1_533' title='bbox 537 4249 726 4307; x_wconf 90' lang='lat' dir='ltr'><strong>imbecillimos</strong></span> <span class='ocrx_word' id='word_1_534' title='bbox 746 4249 986 4321; x_wconf 86' lang='lat' dir='ltr'><strong>progrediendum,</strong></span> <span class='ocrx_word' id='word_1_535' title='bbox 1014 4249 1079 4306; x_wconf 87' lang='lat' dir='ltr'><strong>licet</strong></span> <span class='ocrx_word' id='word_1_536' title='bbox 1095 4251 1146 4305; x_wconf 90' lang='lat' dir='ltr'><strong>hos</strong></span> <span class='ocrx_word' id='word_1_537' title='bbox 1165 4267 1273 4321; x_wconf 90' lang='lat' dir='ltr'><strong>qnoque</strong></span> <span class='ocrx_word' id='word_1_538' title='bbox 1292 4251 1378 4321; x_wconf 85' lang='lat' dir='ltr'><strong>prima</strong></span> <span class='ocrx_word' id='word_1_539' title='bbox 1395 4250 1543 4321; x_wconf 90' lang='lat' dir='ltr'><strong>propositio</strong></span> <span class='ocrx_word' id='word_1_540' title='bbox 1567 4248 1674 4306; x_wconf 88' lang='lat' dir='ltr'><strong>admit-</strong></span> 
     </span>
     <span class='ocr_line' id='line_1_49' title="bbox 306 4326 1675 4400; baseline -0.002 -13"><span class='ocrx_word' id='word_1_541' title='bbox 306 4341 353 4387; x_wconf 82' lang='lat' dir='ltr'><strong>tat</strong></span> <span class='ocrx_word' id='word_1_542' title='bbox 391 4330 420 4383; x_wconf 83' lang='lat' dir='ltr'><strong>Si</strong></span> <span class='ocrx_word' id='word_1_543' title='bbox 438 4341 529 4383; x_wconf 76' lang='lat' dir='ltr'><strong>mmen</strong></span> <span class='ocrx_word' id='word_1_544' title='bbox 546 4329 601 4384; x_wconf 85' lang='lat' dir='ltr'><strong>ista</strong></span> <span class='ocrx_word' id='word_1_545' title='bbox 618 4346 673 4385; x_wconf 93' lang='lat' dir='ltr'><strong>non</strong></span> <span class='ocrx_word' id='word_1_546' title='bbox 692 4329 866 4386; x_wconf 87' lang='lat' dir='ltr'><strong>satisfaciunt</strong></span> <span class='ocrx_word' id='word_1_547' title='bbox 893 4340 921 4384; x_wconf 90' lang='lat' dir='ltr'><strong>et</strong></span> <span class='ocrx_word' id='word_1_548' title='bbox 938 4332 962 4386; x_wconf 93' lang='lat' dir='ltr'><strong>si</strong></span> <span class='ocrx_word' id='word_1_549' title='bbox 980 4337 1055 4385; x_wconf 88' lang='lat' dir='ltr'><strong>tauta</strong></span> <span class='ocrx_word' id='word_1_550' title='bbox 1073 4339 1115 4385; x_wconf 90' lang='lat' dir='ltr'><strong>est</strong></span> <span class='ocrx_word' id='word_1_551' title='bbox 1138 4332 1239 4399; x_wconf 89' lang='lat' dir='ltr'><strong>primae</strong></span> <span class='ocrx_word' id='word_1_552' title='bbox 1265 4329 1457 4400; x_wconf 88' lang='lat' dir='ltr'><strong>propositionis</strong></span> <span class='ocrx_word' id='word_1_553' title='bbox 1475 4326 1609 4398; x_wconf 84' lang='lat' dir='ltr'><strong>dignitas,</strong></span> <span class='ocrx_word' id='word_1_554' title='bbox 1641 4339 1675 4384; x_wconf 89' lang='lat' dir='ltr'><strong>ut</strong></span> 
     </span>
     <span class='ocr_line' id='line_1_50' title="bbox 306 4406 1674 4480; baseline -0.002 -14"><span class='ocrx_word' id='word_1_555' title='bbox 306 4411 464 4466; x_wconf 88' lang='lat' dir='ltr'><strong>intercessio</strong></span> <span class='ocrx_word' id='word_1_556' title='bbox 483 4410 569 4464; x_wconf 86' lang='lat' dir='ltr'><strong>omnis</strong></span> <span class='ocrx_word' id='word_1_557' title='bbox 587 4410 694 4465; x_wconf 87' lang='lat' dir='ltr'><strong>sublata</strong></span> <span class='ocrx_word' id='word_1_558' title='bbox 711 4410 759 4465; x_wconf 92' lang='lat' dir='ltr'><strong>sit:</strong></span> <span class='ocrx_word' id='word_1_559' title='bbox 778 4425 839 4479; x_wconf 89' lang='lat' dir='ltr'><strong>age,</strong></span> <span class='ocrx_word' id='word_1_560' title='bbox 856 4409 955 4477; x_wconf 89' lang='lat' dir='ltr'><strong>cuique</strong></span> <span class='ocrx_word' id='word_1_561' title='bbox 973 4425 1022 4480; x_wconf 90' lang='lat' dir='ltr'><strong>per</strong></span> <span class='ocrx_word' id='word_1_562' title='bbox 1039 4425 1081 4464; x_wconf 92' lang='lat' dir='ltr'><strong>me</strong></span> <span class='ocrx_word' id='word_1_563' title='bbox 1099 4409 1215 4465; x_wconf 88' lang='lat' dir='ltr'><strong>liberum</strong></span> <span class='ocrx_word' id='word_1_564' title='bbox 1227 4417 1296 4477; x_wconf 90' lang='lat' dir='ltr'><strong>esto,</strong></span> <span class='ocrx_word' id='word_1_565' title='bbox 1314 4408 1450 4478; x_wconf 86' lang='lat' dir='ltr'><strong>respicere</strong></span> <span class='ocrx_word' id='word_1_566' title='bbox 1468 4408 1502 4462; x_wconf 88' lang='lat' dir='ltr'><strong>ad</strong></span> <span class='ocrx_word' id='word_1_567' title='bbox 1514 4406 1566 4462; x_wconf 93' lang='lat' dir='ltr'><strong>hos</strong></span> <span class='ocrx_word' id='word_1_568' title='bbox 1581 4409 1674 4464; x_wconf 82' lang='lat' dir='ltr'><strong>etiam</strong></span> 
     </span>
     <span class='ocr_line' id='line_1_51' title="bbox 306 4487 1672 4560; baseline -0.001 -15"><span class='ocrx_word' id='word_1_569' title='bbox 306 4499 446 4560; x_wconf 86' lang='lat' dir='ltr'><strong>aspectus,</strong></span> <span class='ocrx_word' id='word_1_570' title='bbox 472 4490 629 4557; x_wconf 83' lang='lat' dir='ltr'><strong>praesertim</strong></span> <span class='ocrx_word' id='word_1_571' title='bbox 649 4490 685 4545; x_wconf 90' lang='lat' dir='ltr'><strong>iis</strong></span> <span class='ocrx_word' id='word_1_572' title='bbox 707 4488 887 4560; x_wconf 89' lang='lat' dir='ltr'><strong>temporibus,</strong></span> <span class='ocrx_word' id='word_1_573' title='bbox 911 4490 1010 4557; x_wconf 84' lang='lat' dir='ltr'><strong>quibus</strong></span> <span class='ocrx_word' id='word_1_574' title='bbox 1034 4488 1119 4543; x_wconf 90' lang='lat' dir='ltr'><strong>ceteri</strong></span> <span class='ocrx_word' id='word_1_575' title='bbox 1140 4503 1233 4543; x_wconf 87' lang='lat' dir='ltr'><strong>omnes</strong></span> <span class='ocrx_word' id='word_1_576' title='bbox 1260 4487 1401 4543; x_wconf 83' lang='lat' dir='ltr'><strong>defuerint.</strong></span> <span class='ocrx_word' id='word_1_577' title='bbox 1438 4488 1492 4542; x_wconf 87' lang='lat' dir='ltr'><strong>Par</strong></span> <span class='ocrx_word' id='word_1_578' title='bbox 1513 4488 1587 4542; x_wconf 90' lang='lat' dir='ltr'><strong>enim</strong></span> <span class='ocrx_word' id='word_1_579' title='bbox 1611 4499 1672 4556; x_wconf 89' lang='lat' dir='ltr'><strong>est,</strong></span> 
     </span>
    </p>
   </div>
   <div class='ocr_carea' id='block_1_8' title="bbox 199 4567 1673 4639">
    <p class='ocr_par' dir='ltr' id='par_1_10' title="bbox 199 4567 1673 4639">
     <span class='ocr_line' id='line_1_52' title="bbox 199 4567 1673 4639; baseline 0.004 -21"><span class='ocrx_word' id='word_1_580' title='bbox 199 4614 204 4618; x_wconf 76' lang='grc'>,</span> <span class='ocrx_word' id='word_1_581' title='bbox 307 4584 389 4639; x_wconf 90' lang='lat' dir='ltr'><strong>super</strong></span> <span class='ocrx_word' id='word_1_582' title='bbox 407 4568 449 4623; x_wconf 89' lang='lat' dir='ltr'><strong>his</strong></span> <span class='ocrx_word' id='word_1_583' title='bbox 468 4583 575 4637; x_wconf 85' lang='lat' dir='ltr'><strong>quoque</strong></span> <span class='ocrx_word' id='word_1_584' title='bbox 594 4569 683 4623; x_wconf 88' lang='lat' dir='ltr'><strong>audiri</strong></span> <span class='ocrx_word' id='word_1_585' title='bbox 701 4569 892 4628; x_wconf 86' lang='lat' dir='ltr'><strong>testificantem</strong></span> <span class='ocrx_word' id='word_1_586' title='bbox 910 4568 1119 4638; x_wconf 82' lang='lat' dir='ltr'><strong>experientiam,</strong></span> <span class='ocrx_word' id='word_1_587' title='bbox 1145 4576 1176 4623; x_wconf 92' lang='lat' dir='ltr'><strong>ut</strong></span> <span class='ocrx_word' id='word_1_588' title='bbox 1193 4583 1263 4639; x_wconf 84' lang='lat' dir='ltr'><strong>quac</strong></span> <span class='ocrx_word' id='word_1_589' title='bbox 1282 4576 1310 4622; x_wconf 90' lang='lat' dir='ltr'><strong>et</strong></span> <span class='ocrx_word' id='word_1_590' title='bbox 1327 4569 1424 4623; x_wconf 84' lang='lat' dir='ltr'><strong>ceteris</strong></span> <span class='ocrx_word' id='word_1_591' title='bbox 1446 4567 1562 4638; x_wconf 84' lang='lat' dir='ltr'><strong>primam</strong></span> <span class='ocrx_word' id='word_1_592' title='bbox 1580 4568 1673 4624; x_wconf 84' lang='lat' dir='ltr'><strong>tidem</strong></span> 
     </span>
    </p>
   </div>
   <div class='ocr_carea' id='block_1_9' title="bbox 306 4645 1670 4974">
    <p class='ocr_par' dir='ltr' id='par_1_11' title="bbox 306 4645 595 4701">
     <span class='ocr_line' id='line_1_53' title="bbox 306 4645 595 4701; baseline -0.01 0"><span class='ocrx_word' id='word_1_593' title='bbox 306 4645 371 4701; x_wconf 87' lang='lat' dir='ltr'><strong>lecit</strong></span> <span class='ocrx_word' id='word_1_594' title='bbox 389 4654 451 4700; x_wconf 89' lang='lat' dir='ltr'><strong>ante</strong></span> <span class='ocrx_word' id='word_1_595' title='bbox 468 4646 595 4701; x_wconf 87' lang='lat' dir='ltr'><strong>rationes.</strong></span> 
     </span>
    </p>

    <p class='ocr_par' dir='ltr' id='par_1_12' title="bbox 307 4721 1670 4974">
     <span class='ocr_line' id='line_1_54' title="bbox 393 4721 1669 4799; baseline 0.005 -21"><span class='ocrx_word' id='word_1_596' title='bbox 393 4721 611 4797; x_wconf 87' lang='lat' dir='ltr'><strong>Propositio</strong></span> <span class='ocrx_word' id='word_1_597' title='bbox 634 4722 705 4785; x_wconf 89' lang='lat' dir='ltr'><strong>XV.</strong></span> <span class='ocrx_word' id='word_1_598' title='bbox 751 4724 826 4785; x_wconf 82' lang='lat' dir='ltr'><strong>Sunt</strong></span> <span class='ocrx_word' id='word_1_599' title='bbox 846 4722 965 4799; x_wconf 86' lang='lat' dir='ltr'><strong>aliquae</strong></span> <span class='ocrx_word' id='word_1_600' title='bbox 989 4721 1248 4798; x_wconf 83' lang='lat' dir='ltr'><strong>configurationes,</strong></span> <span class='ocrx_word' id='word_1_601' title='bbox 1272 4738 1348 4798; x_wconf 90' lang='lat' dir='ltr'><strong>quae</strong></span> <span class='ocrx_word' id='word_1_602' title='bbox 1371 4725 1446 4782; x_wconf 93' lang='lat' dir='ltr'><strong>inter</strong></span> <span class='ocrx_word' id='word_1_603' title='bbox 1470 4721 1607 4782; x_wconf 81' lang='lat' dir='ltr'><strong>efficaces</strong></span> <span class='ocrx_word' id='word_1_604' title='bbox 1634 4734 1669 4784; x_wconf 89' lang='lat' dir='ltr'><strong>et</strong></span> 
     </span>
     <span class='ocr_line' id='line_1_55' title="bbox 307 4804 1670 4888; baseline 0.003 -21"><span class='ocrx_word' id='word_1_605' title='bbox 307 4825 366 4868; x_wconf 91' lang='lat' dir='ltr'><strong>uon</strong></span> <span class='ocrx_word' id='word_1_606' title='bbox 389 4809 523 4869; x_wconf 85' lang='lat' dir='ltr'><strong>efficaces</strong></span> <span class='ocrx_word' id='word_1_607' title='bbox 545 4810 711 4887; x_wconf 81' lang='lat' dir='ltr'><strong>ambigunt3</strong></span> <span class='ocrx_word' id='word_1_608' title='bbox 740 4814 876 4871; x_wconf 77' lang='lat' dir='ltr'><strong>nimbum</strong></span> <span class='ocrx_word' id='word_1_609' title='bbox 897 4826 982 4870; x_wconf 86' lang='lat' dir='ltr'><strong>arcus</strong></span> <span class='ocrx_word' id='word_1_610' title='bbox 1005 4807 1069 4869; x_wconf 71' lang='lat'><strong>24⁰</strong></span> <span class='ocrx_word' id='word_1_611' title='bbox 1098 4827 1135 4871; x_wconf 86' lang='lat' dir='ltr'><strong>ex</strong></span> <span class='ocrx_word' id='word_1_612' title='bbox 1156 4808 1452 4888; x_wconf 80' lang='lat' dir='ltr'><strong>peutekaedecagono</strong></span> <span class='ocrx_word' id='word_1_613' title='bbox 1484 4819 1515 4870; x_wconf 90' lang='lat' dir='ltr'><strong>et</strong></span> <span class='ocrx_word' id='word_1_614' title='bbox 1540 4804 1600 4870; x_wconf 81' lang='lat'><strong>18⁰</strong></span> <span class='ocrx_word' id='word_1_615' title='bbox 1627 4829 1670 4871; x_wconf 84' lang='lat' dir='ltr'><strong>ex</strong></span> 
     </span>
     <span class='ocr_line' id='line_1_56' title="bbox 308 4897 735 4974; baseline 0.007 -20"><span class='ocrx_word' id='word_1_616' title='bbox 308 4899 469 4974; x_wconf 82' lang='lat' dir='ltr'><strong>rcoaigono.</strong></span> <span class='ocrx_word' id='word_1_617' title='bbox 725 4897 735 4914; x_wconf 76' lang='lat'><strong>⁴</strong></span> 
     </span>
    </p>
   </div>
   <div class='ocr_carea' id='block_1_10' title="bbox 0 0 1803 5625">
    <p class='ocr_par' dir='ltr' id='par_1_13' title="bbox 0 0 1803 5625">
     <span class='ocr_line' id='line_1_57' title="bbox 0 0 1803 5625; baseline 0 0"><span class='ocrx_word' id='word_1_618' title='bbox 0 0 1803 5625; x_wconf 95' lang='lat' dir='ltr'><strong> </strong></span> 
     </span>
    </p>
   </div>
  </div>
 </body>
</html>
