3567 5625
616 405 659 460 De
675 401 798 461 Motibus
816 404 991 461 Planenrum
1008 402 1190 460 Harmonicis.
1261 453 1264 456 .

801 678 943 749 CAPUT
971 676 1023 748 vl.

229 822 267 875 In
285 820 564 877 extremitatibus
582 827 729 877 motuum
746 822 1017 893 planetariorum
1042 836 1227 892 expressos
1250 833 1324 873 esse
1347 809 1585 886 quodammodo

661 909 777 965 modos
796 926 857 965 seu
874 918 971 966 tonos
990 910 1152 964 musicos.

315 1069 454 1149 Sequitur
476 1070 533 1132 boc
555 1088 592 1132 ex
615 1071 771 1131 antedictis
794 1088 849 1131 uec
871 1088 947 1148 opus
968 1085 1014 1130 est
1035 1068 1136 1129 multis
1160 1066 1267 1139 verbis,
1291 1061 1398 1139 singuli
1420 1062 1497 1138 euim
1519 1058 1587 1135 pla·

228 1171 315 1220 aetas
338 1159 455 1234 singula
477 1157 695 1235 quodammodo
723 1160 842 1232 signant
868 1158 935 1218 loca
956 1159 1126 1236 systematis
1156 1162 1238 1214 motu
1262 1150 1418 1232 peribelio,
1442 1155 1587 1225 quatenns

229 1246 330 1306 datum
361 1255 407 1306 est
429 1247 568 1322 siugulis,
600 1263 767 1325 percurrere
790 1255 902 1307 certum
924 1245 1045 1321 aliquod
1073 1243 1260 1303 intervallum
1291 1242 1320 1297 in
1350 1237 1432 1297 scala
1464 1240 1587 1305 musica,

230 1336 315 1394 certis
339 1334 410 1409 ejus*
427 1333 561 1392 clavibus
584 1351 637 1394 sen
662 1333 737 1394 locis
759 1334 928 1412 systematis
944 1332 1194 1411 comprehensum,
1219 1328 1361 1404 cujusque
1384 1325 1422 1385 ab
1438 1322 1489 1381 illa
1504 1320 1588 1380 clave

229 1439 282 1482 seu
304 1421 369 1481 loco
394 1424 557 1498 inceptum,
592 1424 643 1497 qui
667 1423 764 1498 capite
784 1421 984 1500 praecedenti·
1000 1421 1122 1496 contigit
1145 1418 1224 1476 illius
1246 1416 1339 1474 motui
1362 1410 1496 1489 aphelio,
1530 1408 1589 1467 Sa-

230 1516 315 1568 turno
346 1507 465 1586 quidem
493 1516 523 1568 et
551 1508 659 1569 Terrae
678 1507 720 1582 G,
750 1516 782 1568 at
803 1508 875 1569 Josi
897 1509 934 1582 b,
967 1505 1044 1585 quaa
1073 1509 1101 1564 in
1128 1503 1155 1566 G
1178 1504 1267 1564 altius
1299 1501 1449 1578 transponi
1481 1503 1588 1573 potest,

230 1595 320 1655 Marti
340 1596 389 1673 fp,
414 1595 524 1657 Veneri
546 1615 577 1669 e,
600 1595 745 1657 Mercurio
769 1616 790 1657 u
811 1599 841 1655 in
864 1597 964 1656 altiori
986 1603 1156 1675 systemate.
1201 1590 1280 1649 Vide
1302 1587 1434 1665 singulos
1458 1588 1487 1642 in
1510 1584 1589 1642 notis

232 1685 357 1743 usitatis.
403 1683 468 1742 Non
491 1684 618 1743 formant
640 1684 760 1761 quidem
782 1682 970 1743 intermedios
992 1684 1082 1753 locos,
1108 1699 1183 1758 quos
1205 1678 1254 1737 bic
1277 1677 1361 1736 vides
1382 1663 1459 1733 uotis
1483 1670 1590 1747 imple-

232 1780 288 1843 tos,
311 1769 476 1845 articulate,
498 1773 576 1831 sicut
599 1779 753 1852 extremos,
777 1774 847 1848 qnia
871 1771 979 1846 abano
996 1779 1125 1831 extremo
1148 1784 1207 1828 uon
1227 1764 1351 1825 saltibus
1374 1773 1404 1821 et
1417 1757 1590 1832 intervallis,

231 1857 283 1918 sed
315 1860 455 1917 contiuua
482 1860 615 1920 tensione
642 1862 774 1918 nituntur
796 1859 834 1918 ad
863 1860 1049 1935 oppositum,
1081 1854 1179 1916 media
1209 1853 1306 1912 omnia
1329 1848 1459 1927 (induite
1479 1848 1510 1904 in
1532 1862 1591 1922 po-

231 1947 342 2024 tentia)
360 1953 544 2022 permeantes
566 1954 649 2020 actu,
679 1945 709 2006 id
732 1945 810 2023 quod
834 1946 920 2006 aliter
942 1963 960 2004 a
982 1962 1029 2005 me
1051 1961 1109 2005 nou
1139 1943 1237 2020 potuit
1259 1941 1397 2018 exprimi,
1426 1951 1514 2013 qnam
1536 1950 1591 2009 per

227 2034 399 2092 continuam
421 2035 524 2093 seriem
548 2041 683 2094 notarum
706 2034 953 2095 intermediarum.
999 2033 1101 2092 Venus
1124 2032 1184 2091 lere
1206 2035 1305 2088 manet
1327 2030 1356 2084 iu
1372 2026 1505 2094 unisono,
1530 2037 1589 2079 uon

230 2137 363 2197 aequans
386 2123 528 2184 tonsionis
550 2121 743 2200 amplitudine
766 2122 815 2182 vel
838 2123 989 2180 minimum
1012 2138 1048 2181 ex
1071 2119 1222 2180 concinnis
1245 2111 1420 2176 intervallis.

336 2488 479 2544 Saturnus.
688 2488 805 2559 Jupiter.

781 2914 944 2971 Mercurius.
1290 2912 1342 2967 Hic
1359 2908 1448 2964 locum
1470 2904 1555 2961 habet

1337 2991 1419 3046 etiarn
1437 2985 1472 3053 b·
1484 2976 1524 3059 ²⁶)

271 3148 275 3158 ·
321 3135 413 3212 Atqui
435 3138 588 3213 signatura
610 3136 733 3198 duarum
755 3140 785 3196 ln
808 3141 956 3198 communi
978 3144 1138 3216 systemate
1160 3136 1289 3197 clavium
1314 3142 1343 3195 et
1364 3135 1500 3199 iomratio
1522 3155 1589 3196 sce·

234 3224 286 3284 leti
318 3232 441 3283 octavae
469 3242 521 3301 per
551 3225 839 3302 comprehensionem
874 3229 944 3285 certi
975 3225 1121 3286 intervalli
1152 3226 1285 3285 concinni
1317 3228 1362 3283 est
1393 3226 1590 3285 rudimentum

236 3309 383 3388 quoddam
416 3311 610 3371 distinotionis
643 3321 777 3372 tonorum
805 3331 857 3373 seu
886 3313 1058 3386 modorum,
1089 3323 1159 3373 suat
1181 3311 1359 3391 orgomodi
1381 3315 1486 3373 musici
1514 3316 1590 3370 iuter

233 3398 368 3478 planetas
391 3398 542 3475 dispertiti.
587 3399 655 3459 Scio
678 3399 822 3475 equidem,
846 3400 884 3460 ad
907 3401 1109 3461 formationem
1132 3410 1161 3461 et
1175 3400 1374 3460 definitionem
1387 3400 1589 3460 distinctorum

233 3485 386 3546 modorum
409 3489 515 3563 requiri
539 3487 632 3564 plura,
657 3504 734 3564 quae
757 3494 860 3548 cautus
882 3488 1013 3560 humaui,
1037 3492 1146 3567 quippe
1164 3487 1352 3563 intervallati,
1374 3497 1442 3548 snut
1457 3490 1591 3565 propria,

139 3618 143 3625 .
233 3575 334 3650 itaque
356 3590 430 3635 voce
453 3574 677 3650 quodammodo
698 3593 763 3634 sum
786 3593 865 3635 usus.

321 3661 459 3721 Liberum
482 3676 579 3721 antem
602 3665 663 3722 erit·
677 3663 883 3735 harmoniam,
907 3665 1081 3723 senteutiam
1103 3664 1272 3741 depromere
1285 3680 1378 3737 suam,
1402 3681 1489 3740 quem
1505 3667 1589 3738 quis·

236 3766 293 3824 que
314 3749 434 3827 planeta
456 3748 576 3809 modum
598 3753 742 3827 exprimat
763 3754 897 3829 propius,
926 3754 1062 3810 extremis
1084 3751 1133 3811 bie
1154 3752 1209 3828 ipsi
1232 3753 1399 3828 assignatis.
1443 3751 1507 3826 Ego
1530 3750 1588 3809 Sa-

235 3843 320 3895 turno
343 3835 442 3896 darem
471 3854 508 3896 ex
529 3840 646 3896 usitatis
667 3841 824 3914 septimum
847 3838 895 3897 vel
917 3846 1071 3911 octavum,
1104 3841 1173 3915 quia
1204 3839 1230 3895 si
1251 3838 1408 3898 radicalem
1431 3840 1496 3914 ojus
1525 3837 1588 3897 cla-

235 3942 304 3983 vem
325 3941 419 4000 ponas
444 3921 486 3997 d,
516 3924 673 4002 peribolius
696 3936 793 3985 motus
817 3924 949 3987 aseendit
970 3925 1008 3984 ad
1031 3927 1065 3999 λς
1095 3926 1167 3985 Jovi
1194 3926 1318 4001 primum
1348 3926 1396 3986 vel
1418 3925 1587 3998 meandum,
1646 3962 1651 3977 ι

236 4014 308 4086 quia
330 4011 446 4088 apbelio
471 4012 534 4087 ejus
557 4020 637 4071 motu
660 4011 698 4071 ad
724 4011 752 4072 G
773 4013 1011 4085 accommodato,
1039 4013 1199 4089 peribelius
1222 4012 1261 4072 ad
1283 4015 1301 4073 b
1322 4016 1470 4090 pervenit;
1499 4012 1588 4071 Marti

237 4100 371 4174 quintum
394 4098 442 4158 vel
464 4106 587 4173 sextum,
610 4116 669 4158 non
693 4117 728 4159 eo
752 4109 880 4173 tantum,
905 4103 975 4176 quia
995 4101 1055 4160 iere
1078 4100 1215 4177 diapente
1236 4105 1415 4177 assequitur,
1439 4100 1519 4176 qnod
1541 4103 1588 4158 iu-

235 4184 392 4246 terrallum
413 4203 566 4248 commune
596 4194 641 4246 est
663 4189 797 4248 omnibus
819 4188 929 4261 modis,
961 4187 1013 4247 sed
1036 4187 1102 4248 ideo
1132 4190 1330 4266 potissimum,
1361 4192 1431 4265 quia
1453 4187 1588 4247 redactus

155 4270 160 4287 ‘
238 4291 304 4334 cum
326 4275 429 4334 ceteris
461 4273 498 4332 ad
521 4265 673 4334 commuue
696 4283 834 4353 systema,
857 4275 1000 4354 peribelio
1022 4283 1103 4334 motu
1126 4295 1142 4335 c
1164 4279 1344 4355 assequitur,
1374 4275 1491 4354 apbslio
1515 4275 1594 4352 ady‘

238 4361 350 4435 alludit,
374 4378 450 4437 quae
472 4361 556 4421 radix
579 4370 623 4422 est
645 4365 706 4422 toni
728 4380 781 4422 seu
803 4364 882 4424 modi
906 4364 1000 4439 quinti
1023 4363 1071 4423 vel
1092 4366 1185 4439 sexti3
1216 4360 1326 4424 Telluri
1350 4363 1448 4423 darem
1470 4366 1587 4423 tertium

219 4448 287 4527 ,rel
309 4456 459 4524 quartum,
494 4451 565 4526 quia
586 4453 662 4510 intra
684 4453 870 4510 semitonium
902 4452 966 4526 ejus
988 4460 1085 4511 motus
1112 4460 1281 4524 vertamur,
1311 4462 1340 4511 et
1363 4468 1433 4510 vero
1462 4453 1588 4528 primum

237 4536 352 4597 illorum
376 4542 510 4596 tonorum
532 4537 717 4597 intervallum
740 4545 785 4597 est
806 4541 1006 4615 semitonium3
1033 4539 1176 4599 Mercurio
1200 4556 1270 4598 vero
1301 4541 1339 4599 ob
1363 4538 1587 4615 amplitudinem

238 4622 383 4683 intervalli
410 4627 575 4703 promiscue
605 4642 706 4685 omues
733 4625 812 4685 modi
841 4627 973 4687 veltoui
997 4629 1188 4703 convenient,
1219 4627 1328 4686 Veneri
1360 4627 1398 4686 ob
1420 4629 1587 4702 angustiam

239 4711 385 4770 intervalli
406 4712 494 4790 plane
516 4712 623 4786 nullus,
647 4720 678 4772 at
700 4714 738 4773 ob
761 4731 913 4797 commune
935 4723 1064 4793 systema
1086 4718 1173 4775 etiam
1196 4717 1297 4774 tertius
1321 4722 1350 4773 et
1364 4720 1494 4791 quartus,
1519 4715 1588 4790 quia

239 4800 304 4875 ipsa
325 4810 458 4875 respectu
481 4808 640 4860 ceterorum
663 4801 776 4860 obtinet
797 4822 821 4861 c.
860 4804 1044 4873 (Tellnscaait
1056 4804 1188 4874 MLFA,
1200 4806 1394 4875 MLutrelex
1406 4804 1512 4876 syllaba
1525 4820 1586 4859 con-

236 4890 324 4967 jicias,
341 4891 369 4946 in
386 4892 440 4949 boc
456 4901 550 4953 nostro
569 4891 702 4950 domicilio
720 4893 872 4951 Mlseriam
889 4901 918 4949 st
935 4893 1059 4951 FAmem
1078 4894 1225 4965 obtinere.)
