3567 5625
274 362 388 428 sss‘
535 406 546 447 ,
688 363 731 465 ps
750 357 1015 434 compensemus
1033 338 1211 419 seminus.

270 542 463 602 mulationem
485 548 637 602 exsereret
682 540 790 601 Totum
819 542 875 602 boo
904 545 1072 619 negotium,
1105 546 1243 618 inquam,
1273 541 1369 601 simile
1397 548 1442 601 est
1470 543 1629 601 memoriae

270 629 453 711 animalium,
494 628 570 688 Nam
591 629 718 687 bominis
741 628 833 689 semel
856 630 913 689 visi
937 633 1065 707 speciem
1087 633 1185 689 auimo
1208 633 1416 706 circumgesto,
1445 645 1500 688 nec
1532 637 1629 687 tamen

270 736 337 777 sum
359 725 542 794 praesentem
565 734 678 794 semper
712 717 808 776 babeo
832 719 1077 794 cogitationibus3
1111 727 1142 778 at
1173 719 1224 777 ubi
1253 734 1366 776 rursum
1388 719 1555 794 apparuerit
1579 715 1629 775 ille

269 804 446 887 estsimilis
469 804 592 880 aliquis,
624 802 672 862 hic
690 804 753 880 jam
778 805 814 864 de
837 821 917 863 noro
940 805 1054 865 elicitur
1076 812 1105 865 et
1127 808 1157 862 in
1180 815 1248 865 actu
1272 805 1421 883 cogitandi
1445 807 1629 867 constituitur

269 895 383 971 speeies
406 892 457 951 illa
480 893 602 969 pristina
625 908 675 969 per
697 895 952 955 reminiscentiam.
983 894 1046 953 Etsi
1068 892 1194 952 nobilior
1216 897 1246 951 in
1269 893 1324 953 boc
1348 901 1392 951 est
1414 890 1541 951 hominis
1564 908 1628 950 me-

268 984 377 1054 moria,
407 979 487 1056 quod
510 981 551 1040 rei
574 988 754 1040 memoratae
777 997 835 1038 nou
860 986 975 1040 tantum
997 982 1036 1040 ab
1059 998 1181 1041 occursu
1204 981 1349 1040 forinseco
1372 979 1546 1053 admoneor,
1577 979 1628 1038 sed

269 1070 359 1129 etiam
382 1084 428 1127 me
452 1070 545 1144 ipsum
568 1070 685 1144 quoties
709 1067 777 1127 volo
799 1067 963 1129 admoneo:
987 1064 1215 1145 quia‘nimirum
1232 1067 1409 1129 discurrendi
1424 1066 1548 1126 facultas
1572 1066 1628 1125 ad-

268 1167 314 1216 est
335 1155 464 1229 bomini,
493 1172 570 1232 quae
594 1155 677 1214 deest
698 1153 767 1214 huic
791 1157 917 1216 animae.
963 1155 1073 1235 yerum
1095 1156 1169 1216 baec
1190 1158 1220 1215 in
1243 1156 1489 1232 contemplatione
1511 1156 1627 1214 animae

267 1243 415 1304 humanae
438 1252 522 1302 erunt
544 1243 736 1303 evidentiora.
1583 1238 1588 1251 '

353 1331 439 1391 Nunc
462 1349 520 1389 una
543 1330 709 1403 difficultas,
733 1347 823 1405 supra
846 1333 935 1390 etiam
957 1337 1055 1405 tacta,
1079 1329 1133 1391 sed
1155 1330 1267 1405 leviter,
1291 1338 1336 1390 est
1359 1329 1565 1403 dissolvenda,
1589 1327 1626 1389 de

168 1482 174 1493 ,
267 1417 355 1479 modo
379 1426 408 1477 et
429 1417 535 1476 mediis
557 1420 743 1495 receptionis.
790 1417 866 1477 Nam
896 1416 976 1493 quod
1007 1435 1060 1477 nos
1091 1418 1224 1479 homines
1254 1416 1403 1477 sensilium
1433 1419 1545 1494 species
1578 1420 1626 1473 in·

267 1513 392 1566 norsum
415 1507 445 1563 in
468 1506 596 1564 animam
619 1508 795 1583 recipimus,
825 1522 873 1566 res
897 1504 1013 1564 videtur
1036 1505 1175 1585 expedita
1204 1514 1233 1566 et
1260 1505 1367 1584 plana3
1398 1512 1465 1563 sont
1496 1505 1626 1563 enimin

265 1593 422 1672 propatulo
444 1593 586 1653 foramine
611 1592 799 1672 pupillarum,
822 1609 875 1669 per
898 1610 972 1669 quas
994 1593 1211 1670 ingrediuntur,
1235 1602 1279 1653 est
1295 1592 1407 1665 oculus,
1432 1593 1540 1667 speciei
1562 1592 1624 1650 lor-

265 1689 369 1755 mator,
398 1688 443 1746 est
465 1680 652 1758 crystallinus
674 1680 788 1753 humor,
811 1680 943 1757 penicilli
967 1680 1075 1740 radiosi
1098 1689 1292 1757 temperator,
1324 1689 1369 1740 est
1390 1681 1544 1738 retiiormis
1567 1697 1624 1757 op-

266 1770 318 1828 tici
340 1771 422 1827 nervi
445 1772 556 1842 tunica,
589 1769 720 1845 picturae
749 1785 845 1827 rerum
867 1770 1042 1827 exteriorum
1065 1772 1221 1846 exceptrix.
1267 1766 1346 1827 Nihil
1369 1766 1428 1825 tale
1450 1769 1624 1845 apparetis

267 1872 387 1932 corpore
410 1854 545 1930 Telluris,
568 1854 666 1914 nullus
689 1856 736 1914 hic
759 1855 878 1929 oculus,
902 1873 961 1931 quo
984 1859 1082 1917 anima
1104 1856 1211 1915 Terrae
1235 1854 1334 1914 videat
1355 1854 1534 1914 radiationes
1556 1852 1623 1932 pla-

266 1953 399 2001 netarum
422 1960 581 2018 eorumque
603 1942 743 2019 angulos:
779 1943 929 2018 quomodo
952 1945 1041 2019 igitur
1063 1945 1159 2003 lucem
1182 1945 1289 2002 sentiet
1310 1944 1373 2000 sine
1397 1944 1520 2016 visione,
1543 1959 1621 2018 quo·

266 2029 354 2089 modo
376 2033 519 2108 percipiet
540 2032 739 2108 aut'excipiet
761 2030 885 2106 angulos
909 2033 972 2091 sine
995 2029 1210 2091 instrumento?
1254 2028 1420 2089 Difficultas
1443 2040 1487 2089 est
1509 2029 1619 2106 aliqua,

193 2166 200 2187 ,
267 2118 369 2193 fateor,
398 2126 429 2178 at
460 2120 486 2177 si
507 2119 634 2195 penitius
662 2135 722 2176 rem
746 2119 902 2191 intuearis,
934 2122 1096 2178 communis
1126 2119 1178 2176 illa
1209 2124 1305 2177 estet
1327 2117 1374 2176 hic
1397 2126 1426 2176 et
1448 2116 1516 2197 illic
1563 2116 1621 2175 Adi

266 2223 351 2266 mese
380 2204 500 2282 Optices
532 2206 609 2263 Astu.
640 2208 732 2282 partis
763 2222 830 2283 pag.
863 2207 924 2265 169
957 2209 1104 2279 (11.232.),
1139 2205 1253 2264 videbis
1285 2208 1436 2281 antiquam
1472 2205 1621 2280 querelam

267 2296 356 2353 etium
386 2292 423 2352 de
454 2295 520 2352 visu
547 2292 685 2354 humano.
731 2291 806 2351 Nam
835 2295 890 2351 etsi
920 2292 986 2351 loco
1015 2292 1066 2352 illc
1097 2293 1216 2352 modum
1245 2291 1363 2350 videndi
1392 2309 1479 2351 ome
1501 2291 1621 2351 tandem

266 2390 334 2461 post
357 2388 400 2440 tot
422 2380 599 2440 frustranecs
631 2381 755 2440 aliorum
783 2387 906 2439 conatus
938 2379 1114 2440 solidissime
1145 2380 1373 2439 demonstratum
1402 2380 1529 2439 latentur
1551 2378 1621 2438 dili-

266 2470 412 2546 gentiores
435 2470 525 2547 optici
547 2475 577 2527 et
598 2468 703 2528 medici
727 2469 883 2526 anatomici
900 2469 1085 2544 (quanquam
1102 2468 1149 2527 Fr.
1167 2466 1351 2543 Aquilonius,
1375 2467 1459 2544 cujus
1480 2484 1620 2543 magnum

267 2573 342 2632 opus
358 2554 528 2633 Opticorum
551 2564 621 2615 ante
644 2558 773 2614 danaos
795 2554 914 2631 prodiit,
944 2554 1051 2614 librum
1072 2572 1171 2615 meum
1193 2571 1251 2613 non
1275 2554 1349 2613 vidit
1372 2571 1465 2632 eoque
1488 2556 1518 2612 in
1541 2559 1620 2614 auti·

267 2660 326 2720 quo
349 2660 443 2703 errore
466 2645 544 2703 circa
575 2642 695 2702 modum
727 2643 849 2701 visionis
881 2659 990 2702 novam
1021 2660 1092 2702 sane
1126 2660 1215 2719 quarn
1238 2642 1388 2720 pulchram
1410 2643 1491 2701 irrito
1514 2646 1620 2703 struxit

265 2729 446 2808 pergulam):
470 2737 568 2789 tamen
591 2729 641 2790 ille
665 2729 782 2789 videndi
805 2728 909 2789 modus
933 2747 991 2789 non
1014 2730 1091 2790 ultra
1111 2730 1288 2791 retiiormem
1311 2732 1439 2790 tunicam
1461 2747 1526 2790 sese
1549 2746 1621 2808 por·

265 2821 349 2894 riglt,
379 2837 439 2896 qua
461 2819 606 2895 perspicui
629 2827 698 2877 sunt
718 2818 856 2878 humores
878 2818 972 2893 oculi3
1001 2826 1135 2898 superest
1155 2818 1252 2879 adbuc
1274 2821 1425 2896 quaestio,
1453 2818 1578 2878 necdum
1601 2836 1620 2879 a

267 2905 413 2984 physicis.
436 2907 474 2964 ad
498 2924 572 2982 quos
595 2908 771 2983 provocavi,
795 2905 944 2980 discussa,
975 2906 1123 2982 quomodo
1147 2909 1261 2983 pictura
1282 2909 1323 2966 rei
1345 2905 1507 2980 videndae,
1530 2924 1550 2965 a
1571 2923 1619 2967 me

267 2995 394 3052 iorrnata
415 2995 445 3051 in
468 2993 606 3053 retiiormi
630 2996 736 3067 tunica,
760 2992 827 3052 inde
850 3010 937 3071 porro
959 3005 1016 3070 per·
1033 3011 1126 3074 opaca
1141 2997 1269 3071 eorporis
1285 2996 1440 3053 introrsum
1462 2996 1620 3071 recipiatur

268 3079 307 3139 ad
330 3083 445 3141 animae
468 3080 655 3158 penetralia?
686 3097 761 3140 anne
789 3081 867 3139 loras
890 3084 989 3140 anima
1019 3082 1220 3160 progrediatur
1241 3084 1271 3140 in
1293 3082 1358 3157 ejus
1381 3080 1557 3141 occursum?
1590 3089 1620 3141 et

255 3185 345 3245 ¹qnae
366 3168 413 3227 bis
436 3168 604 3236 adbaerent.
649 3167 748 3246 Atque
771 3184 843 3244 ego,
878 3176 911 3227 ut
933 3171 1059 3244 ingenuo
1080 3170 1191 3245 lateat,
1224 3170 1289 3248 plus
1312 3172 1340 3227 in
1364 3171 1478 3231 visione
1500 3169 1618 3243 haereo,

268 3272 358 3332 quam
380 3256 410 3312 in
434 3256 491 3315 bac
513 3257 698 3333 perceptione
721 3256 822 3333 anguli
844 3255 1007 3325 radiorum,
1037 3257 1073 3316 de
1096 3275 1156 3333 qua
1178 3256 1279 3316 videor
1300 3256 1372 3316 mihi
1393 3256 1538 3317 balbutire
1560 3257 1620 3316 ali-

268 3342 339 3419 quid
362 3360 421 3402 non
443 3345 540 3421 inepte
563 3360 659 3420 posse,
684 3360 749 3402 oum
772 3345 802 3401 in
825 3343 878 3403 illa
901 3346 1018 3403 omnino
1041 3347 1097 3403 sirn
1119 3351 1226 3405 mutus.
1250 3343 1370 3405 Possem
1394 3344 1514 3421 quidem
1534 3352 1621 3405 salva

267 3446 362 3490 rerum
384 3447 499 3490 summa
520 3431 720 3507 subterfugere
742 3430 952 3507 speculationis
973 3431 1118 3507 laborem,
1149 3440 1179 3493 et
1200 3435 1364 3509 quaerenti,
1395 3433 1503 3508 quibus
1526 3432 1619 3492 oculis

268 3520 366 3577 anima
388 3518 495 3578 Tenue
518 3518 619 3578 videat
641 3518 739 3578 radios
761 3518 898 3588 siderum,
921 3520 1110 3598 respondere:
1134 3519 1246 3595 iisdem,
1269 3520 1377 3596 quibus
1399 3519 1474 3579 vidit
1496 3519 1620 3580 militem

270 3621 335 3664 oum
356 3606 505 3666 laciniosis
529 3608 640 3682 caligis,
674 3608 758 3684 eujus
781 3609 938 3682 imaginem
960 3607 1107 3683 plantavit
1128 3612 1158 3665 in
1181 3606 1279 3684 lapide
1301 3603 1393 3667 fissili.
1436 3606 1548 3667 Verum
1571 3610 1621 3666 in-

268 3695 342 3753 ertia
363 3711 441 3753 mors
464 3701 509 3753 est
529 3693 742 3771 philosophiae,
766 3696 903 3754 vivamus
924 3711 979 3754 nos
1000 3703 1029 3754 et
1051 3712 1244 3756 exerceamur.

353 3780 482 3840 Primum
505 3784 603 3840 anima
625 3785 724 3858 puncti
745 3785 887 3843 rationem
910 3784 1012 3842 sortitu
1034 3791 1079 3842 est
1102 3790 1169 3842 actu
1193 3781 1310 3858 (saltem
1333 3783 1445 3840 ratione
1467 3779 1621 3857 alligatio·

267 3868 312 3925 nis
340 3869 379 3927 ad
402 3885 506 3945 corpus
529 3856 659 3950 suum),⁴
679 3871 778 3930 circuli
800 3871 925 3947 figuram
948 3878 1108 3946 potestate;
1138 3887 1214 3946 quae
1236 3886 1302 3929 cum
1324 3870 1364 3927 sit
1384 3870 1523 3946 energia,
1545 3867 1621 3930 didit

267 3971 333 4014 sese
355 3956 393 4015 ab
416 3955 466 4015 illa
489 3956 558 4017 sede
586 3960 684 4035 puncti
714 3960 742 4016 in
767 3958 919 4032 circulum;
952 3960 1016 4016 sive
1044 3960 1121 4017 enim
1150 3960 1256 4017 sentire
1277 3956 1384 4016 debeat
1405 3974 1451 4016 res
1473 3964 1619 4030 externas,

266 4042 336 4102 illae
359 4043 542 4119 sphaericum
565 4046 595 4103 in
618 4045 737 4124 quum
759 4063 824 4105 sese
847 4048 1042 4118 circumstant,
1065 4048 1129 4103 sive
1152 4062 1256 4121 corpus
1279 4061 1387 4122 regere,
1412 4060 1516 4120 corpus
1540 4060 1620 4119 quo·

249 4146 325 4205 -que
349 4132 565 4207 circumJectum
587 4132 686 4208 habet,
710 4136 774 4209 ipsa
797 4133 869 4193 latet
892 4135 979 4207 intus,
1002 4130 1133 4193 radicata
1155 4134 1184 4190 in
1207 4139 1315 4210 puncto
1339 4132 1402 4208 ejus
1427 4140 1515 4203 certo,
1539 4132 1619 4192 unde

156 4247 163 4256 ·
267 4220 328 4277 exit
349 4236 399 4293 per
421 4220 549 4297 speciem
571 4222 616 4279 sui
640 4224 669 4278 in
693 4237 797 4297 corpus
820 4220 973 4296 reliquum.
1019 4220 1059 4278 At
1082 4221 1131 4295 qui
1157 4226 1259 4299 exeat,
1281 4222 1338 4278 nisi
1359 4236 1413 4296 per
1434 4219 1527 4278 lineas
1550 4236 1618 4279 rec-

266 4305 334 4366 tas?
356 4305 412 4366 boc
435 4310 512 4367 enim
535 4326 602 4368 vere
625 4316 669 4368 est
692 4312 784 4384 exire3
815 4311 865 4385 qui
889 4308 978 4367 alium
1002 4307 1126 4368 exeundi
1148 4324 1258 4366 morem
1280 4307 1398 4378 babeat,
1423 4308 1490 4386 ipsa
1512 4314 1542 4365 et
1564 4306 1617 4366 lux

266 4395 394 4454 existens
417 4402 446 4454 et
467 4395 594 4469 flamma,
617 4414 706 4472 quam
729 4415 747 4455 a
769 4396 899 4455 sontibus
921 4397 982 4454 suis
997 4404 1104 4454 exeunt
1118 4393 1177 4453 alia
1200 4395 1319 4464 lumina,
1343 4394 1427 4453 lineis
1450 4411 1490 4454 sc
1506 4393 1617 4454 rectis?

266 4481 419 4558 Egreditur
441 4483 529 4559 igitur
552 4500 655 4543 versus
678 4486 821 4543 exteriora
843 4484 972 4558 corporis
995 4481 1098 4541 iisdem
1120 4481 1245 4559 legibus,
1269 4484 1376 4558 quibus
1398 4483 1618 4542 circumstantia

265 4568 438 4629 firmamenti
460 4571 571 4632 lumina
595 4589 696 4631 versus
718 4570 796 4630 illam
830 4573 859 4629 in
882 4577 991 4647 puncto
1014 4569 1187 4629 residentem
1210 4571 1417 4645 ingrediuntur.
1463 4568 1537 4629 Cum
1561 4588 1618 4629 au·

264 4663 324 4719 tem
352 4666 415 4718 tota
444 4658 556 4718 dimidii
585 4660 666 4735 globi
694 4657 814 4718 'l'er'reni
844 4657 1013 4735 superficies
1036 4659 1193 4733 omniaque
1216 4658 1291 4718 adeo
1314 4665 1421 4736 puncta
1450 4656 1617 4734 superficiei

265 4748 350 4820 airis,
374 4762 433 4823 quo
455 4750 579 4806 amictus
601 4755 646 4807 est
667 4746 726 4820 ille,
750 4746 789 4806 ab
813 4762 870 4805 uno
893 4752 923 4805 et
945 4744 1047 4805 eodem
1070 4745 1190 4822 planeta
1211 4745 1384 4805 irradientur
1406 4743 1493 4804 radiis
1516 4744 1617 4804 infini-

264 4835 318 4910 tis,
352 4852 389 4894 ex
410 4836 446 4893 iis
468 4836 603 4896 omuibus
624 4851 700 4894 unus
722 4833 803 4894 solus
825 4833 920 4894 tendit
946 4850 1047 4894 versos
1076 4839 1215 4912 punctum
1237 4831 1325 4909 illud,
1359 4831 1438 4909 quod
1460 4840 1506 4893 est
1529 4832 1616 4894 sedes
