3567 5625
735 476 770 536 dc
786 476 941 538 urrunnu
1463 483 1502 545 21

220 587 231 626 l

164 654 223 735 μοι’
249 654 390 738 oillplmr
412 654 564 739 ι’ξιιρεονσι
588 679 659 729 reon
677 679 783 733 panace
814 662 989 734 drorsopoor
1016 680 1075 721 aar
1099 655 1192 722 «inor
1217 682 1265 722 aar
1285 654 1508 735 modicitate

169 747 321 808 romelias.
378 741 455 806 Nam
477 748 531 807 etsi
552 761 610 807 non
633 747 737 809 crescit
758 763 794 808 cr
816 745 1036 825 quinquangulc
1061 747 1128 823 dos,
1158 752 1193 807 ut
1214 763 1250 809 ex
1270 745 1382 822 radica,
1410 752 1507 808 tamen

169 834 314 896 concurrit
340 827 371 893 id
397 833 437 893 ad
465 850 584 895 cauum
612 834 775 908 formalem,
809 851 897 911 quam
926 835 1070 913 spectarit
1099 841 1220 897 creator.
1264 835 1368 912 Itaque
1394 840 1508 895 mutum

156 923 262 1004 ,abest
285 926 319 981 ιιι
340 917 525 1000 ἀφιλοσοφω
545 923 585 983 εἰι
605 917 662 984 hoc
681 917 790 982 dictum
812 918 903 1002 (qnod
917 921 1034 999 quidem
1051 921 1221 984 Aristoteles
1241 925 1342 982 nititur
1363 921 1507 1001 probare),

171 1017 204 1070 ut
225 1008 324 1087 potius
347 1026 383 1069 er
404 1007 462 1069 hoc
482 1010 547 1088 ipso
569 1009 767 1090 perfectissimi
782 1009 936 1071 reddamur
957 1009 1130 1090 philosophi,
1153 1008 1232 1087 quod
1246 1010 1379 1071 videmus
1393 1010 1508 1072 mathe-

169 1098 277 1157 matica
299 1097 396 1157 inesse
417 1097 447 1153 iu
469 1096 564 1174 rebus,
587 1114 642 1158 nec
664 1104 760 1159 tamen
781 1099 812 1157 in
836 1115 886 1159 eas
909 1100 1009 1159 venire
1030 1100 1080 1158 via
1101 1097 1235 1158 naturali
1286 1098 1332 1158 Ex
1352 1097 1409 1158 hoc
1431 1100 1507 1159 enim

170 1179 343 1261 colligimus,
359 1200 477 1244 causam
492 1201 556 1247 esse
570 1185 729 1266 principem
743 1184 973 1266 α’ρχιιεκτοεικηε
986 1192 1016 1247 et
1030 1184 1248 1264 intelligentam,
1265 1202 1342 1264 quae
1356 1192 1508 1247 connectat

169 1273 279 1352 ligurus
301 1269 449 1332 ordinatas
471 1277 526 1333 etc.

278 1357 348 1420 Jam
369 1361 399 1418 in
420 1361 579 1436 geometria
599 1376 687 1440 saepe
709 1362 837 1440 cogitavi
858 1358 932 1422 duas
953 1367 1051 1441 partes
1080 1359 1189 1436 iacere,
1216 1360 1300 1420 utin
1323 1361 1415 1438 prima
1430 1371 1508 1421 ¹cou-

169 1446 332 1508 siderentur
353 1448 538 1525 quantitates,
560 1454 593 1508 nt
613 1450 732 1510 suntin
754 1453 858 1526 quarta
878 1450 976 1529 specie
998 1448 1156 1526 qualitatis,
1178 1448 1208 1506 in
1230 1448 1371 1523 secunda,
1395 1455 1427 1509 ut
1441 1455 1510 1508 suut

168 1538 199 1595 in
221 1535 373 1596 relatione.
417 1525 533 1596 Primae
560 1538 650 1614 partis
679 1535 780 1597 titulus
809 1546 887 1599 esset
909 1535 945 1598 de
966 1537 1080 1613 figuris,
1112 1535 1257 1598 secundae
1279 1533 1315 1596 do
1336 1536 1507 1597 rationibus

100 1693 105 1700 ⁴
170 1623 205 1685 Id
229 1623 382 1685 consilium
403 1622 490 1684 video
513 1629 542 1684 et
563 1622 587 1684 L
606 1623 638 1684 0.
653 1622 801 1702 Scaligero
824 1625 951 1704 probari.
982 1624 1065 1687 Haec
1086 1623 1152 1685 ideo
1175 1623 1252 1704 dico,
1273 1625 1343 1700 quia
1356 1625 1510 1685 manifesta

170 1719 216 1774 eet
231 1711 392 1771 differentia
412 1711 487 1771 inter
508 1709 615 1789 ligures
636 1713 715 1792 ipsas
738 1729 896 1790 earumque
917 1716 1044 1793 speciem
1065 1718 1095 1774 et
1115 1710 1370 1792 pulchritudinem,
1392 1718 1422 1773 ct
1436 1713 1510 1773 inter

170 1798 343 1862 collationes
362 1793 531 1880 figurarum,
553 1797 632 1876 quod
654 1808 699 1861 est
719 1798 864 1862 accidens.

272 1881 357 1947 Haec
378 1883 519 1967 droloycr
539 1887 649 1949 habeut
670 1885 708 1950 ad
729 1890 823 1968 ipsam
842 1905 939 1950 rerum
967 1893 1109 1950 naturam.
1158 1886 1274 1948 Etenim
1302 1885 1413 1963 figurae
1441 1891 1511 1946 suut

171 1976 256 2053 quasi
278 1974 471 2056 substantiae,
494 1975 580 2055 loyor,
603 1997 709 2055 σχεσεις
730 1982 849 2038 mutuae
870 1975 1038 2056 tiguramm,
1059 1981 1127 2036 suut
1149 1976 1234 2052 quasi
1255 1983 1362 2035 motus.
1400 1972 1511 2051 Quem·

171 2060 329 2124 admodum
358 2064 457 2140 itaque
485 2064 516 2122 in
544 2062 694 2125 intellectu
722 2066 801 2143 prins
821 2070 869 2136 est
896 2062 1005 2143 figura,
1034 2080 1122 2140 quam
1151 2080 1251 2123 earum
1276 2062 1395 2125 collatio
1422 2078 1512 2124 causa

170 2148 368 2230 mensurandi,
389 2151 432 2209 ita
453 2151 483 2208 iu
504 2147 591 2211 rebus
612 2152 692 2230 prius
715 2157 760 2214 est
782 2151 961 2232 substantia,
982 2169 1070 2228 quam
1091 2149 1226 2229 qualitas

279 2237 317 2297 Et
339 2236 582 2314 quemadmodum
601 2241 677 2319 loyor
698 2246 767 2299 sunt
787 2238 956 2319 relationes,
976 2240 1019 2299 ita
1040 2247 1137 2299 motus
1157 2236 1261 2298 relatio
1284 2242 1330 2298 cst
1350 2238 1512 2300 consistens

171 2323 245 2385 inter
276 2342 366 2403 agens
395 2332 425 2385 et
452 2327 581 2406 patiens,
610 2325 743 2387 utillud
770 2327 845 2387 inter
870 2343 1047 2404 exsuperans
1068 2333 1098 2387 et
1120 2331 1332 2405 exsuperatum.
1376 2324 1513 2405 Rursum,

171 2409 419 2490 quemadmodum
438 2409 468 2472 in
490 2412 641 2474 intellectu
665 2414 850 2476 manliastum
880 2411 1032 2475 discrimen
1059 2420 1104 2475 est
1128 2414 1203 2474 iuter
1224 2411 1332 2489 flgnras
1353 2412 1461 2494 planas
1483 2419 1514 2473 et

172 2500 299 2580 solidas,
326 2518 392 2560 oum
414 2498 508 2561 solida
529 2499 612 2561 linita
633 2498 736 2580 planas
759 2509 853 2563 certas
874 2520 911 2562 er
932 2500 1044 2563 indulto
1065 2518 1185 2563 numero
1208 2505 1401 2562 sustententr'
1418 2502 1461 2561 ita
1483 2502 1513 2560 in

170 2589 258 2650 rebus
281 2581 361 2648 alind
383 2596 428 2649 est
449 2587 613 2649 substantia
635 2585 714 2650 aliud
736 2590 800 2668 ejus
822 2589 959 2668 qualitas.

276 2673 332 2735 His
352 2674 547 2737 fundamentis
568 2677 671 2756 positis
693 2677 851 2759 concludo,
873 2673 1118 2755 quemadmodum
1139 2674 1249 2754 figurae
1270 2671 1382 2736 solidae
1403 2672 1514 2736 iaciunt

172 2761 210 2825 ad
231 2763 411 2825 substautias
431 2763 596 2827 materiales
617 2763 809 2848 cremandas,
837 2766 880 2827 ita
900 2764 1009 2844 figurae
1031 2764 1134 2845 planae
1156 2763 1193 2826 ad
1216 2761 1373 2841 qualitates
1393 2762 1512 2825 iaciunt

173 2851 300 2912 Collatia
323 2870 392 2913 vero
415 2851 583 2933 figurarum,
604 2870 644 2913 sc.
667 2856 753 2935 ratio,
776 2857 865 2935 loyor,
888 2852 927 2914 ad
940 2861 1037 2915 motus
1050 2854 1121 2914 iacit
1135 2850 1319 2915 ordinandos.
1355 2844 1391 2911 ln
1404 2852 1513 2912 mundo

173 2941 273 3017 itaque
295 2939 371 3002 coeli
392 2947 460 3000 suut
482 2943 621 3002 emuncti
642 2959 679 3003 cx
706 2941 807 3018 figuris
835 2940 939 3002 solidis
967 2948 1106 3019 tauquam
1134 2940 1306 3003 substantia.
1351 2937 1515 3015 Qualitates

173 3027 345 3105 coloresque
374 3022 556 3108 planetarum
584 3035 653 3090 suut
683 3028 844 3091 deducendi
872 3048 910 3091 ex
936 3027 1036 3106 figuris
1057 3028 1168 3108 planis:
1201 3029 1284 3105 cujus
1307 3026 1515 3105 speculationis

169 3115 233 3193 jam
259 3114 361 3192 aliqua
392 3122 460 3176 sunt
487 3133 576 3194 penes
606 3135 654 3178 mc
681 3118 823 3198 vestigia,
852 3118 905 3179 sed
927 3117 999 3177 nibil
1021 3117 1117 3178 adhuc
1138 3118 1218 3181 certi.
1261 3114 1398 3192 Denique
1418 3123 1516 3176 motus

173 3203 323 3264 coelorum
350 3201 392 3283 (et
414 3205 542 3264 omnium
565 3221 660 3264 rerum
680 3203 814 3282 adeoquo
836 3208 866 3266 ct
886 3199 1025 3288 lixarum)
1055 3210 1124 3266 snut
1152 3221 1189 3266 er
1220 3202 1376 3265 collatione
1399 3204 1517 3281 quanti·

172 3298 277 3371 tatum,
298 3308 341 3353 sc.
364 3307 400 3351 cx
421 3292 666 3372 proportionibus.

278 3374 320 3439 At
340 3374 417 3439 nude
439 3385 508 3440 sunt
529 3376 687 3459 capiendae
709 3380 928 3461 proportiones,
955 3397 992 3441 ex
1012 3378 1113 3457 figuris
1136 3376 1238 3440 solidis
1259 3396 1297 3439 an
1318 3374 1438 3456 planisi
1473 3376 1519 3439 Ex

175 3465 270 3545 planis
291 3468 403 3544 utique.
445 3466 521 3527 Nam
542 3484 631 3547 supra
653 3467 723 3548 diri,
745 3466 834 3546 plana
854 3485 919 3529 esse
942 3464 1084 3547 daolopor
1106 3465 1308 3546 qualitatibus,
1329 3460 1425 3524 solida
1446 3464 1518 3525 sub·
1585 3530 1591 3550 ,

174 3555 299 3615 nuntiis
346 3554 386 3614 At
407 3561 504 3615 motus
525 3572 584 3616 uon
607 3572 643 3617 ex
664 3554 834 3617 substantiis
864 3556 1010 3637 proxime,
1042 3551 1161 3616 seder
1190 3553 1381 3632 qualitatibus
1410 3553 1517 3612 existit

174 3643 281 3720 ltaque
302 3639 511 3703 demonstratio
535 3646 625 3723 loyor
639 3664 879 3721 uooaororqrramr
901 3643 1018 3704 omuino
1040 3642 1168 3721 peteuda
1189 3650 1234 3703 est
1247 3659 1283 3702 ex
1297 3639 1397 3717 figuris
1411 3636 1517 3718 planis.

174 3728 251 3789 llam
273 3727 347 3789 illud
369 3748 421 3808 per
440 3746 474 3790 se
496 3730 619 3807 intelligi
643 3729 727 3810 volo,
758 3732 788 3789 in
810 3728 992 3791 arithmetica
1012 3729 1084 3790 nihil
1112 3748 1166 3792 nos
1194 3728 1348 3809 prolicere,
1380 3724 1459 3803 quod
1480 3725 1520 3787 ad

173 3835 235 3876 rem
257 3818 308 3898 sit,
332 3834 396 3877 cum
418 3817 552 3894 aptitudo
574 3834 758 3879 numerorum
780 3819 874 3879 omnis
897 3835 933 3879 er
954 3817 1053 3894 liguris
1074 3817 1201 3896 pendeat
1222 3818 1317 3894 sitque
1339 3814 1521 3891 arithmetica

173 3903 248 3964 nihil
272 3902 354 3964 aliud
385 3907 488 3980 (causa
509 3907 627 3983 genuini
650 3913 680 3968 et
700 3906 809 3984 proprii
840 3902 994 3986 subjecti),
1026 3922 1113 3983 qnam
1143 3923 1211 3984 pars
1239 3903 1414 3982 geomctfiae
1437 3897 1518 3981 p‘qrp.

174 3989 246 4053 Jam
270 3994 347 4070 λογοι
367 3992 471 4051 infiniti
494 3999 577 4075 suut,
606 4000 641 4054 ut
660 4011 856 4070 numerorum,
877 4000 912 4054 ut
932 3993 1088 4071 figurarum
1109 3992 1296 4071 regularium.
1348 3968 1424 4052 llam
1445 3992 1520 4050 inter

175 4079 324 4157 quoslibet
346 4077 420 4140 duos
441 4098 576 4142 numeros
598 4082 671 4143 inter
692 4099 724 4143 se
745 4081 853 4162 primos
876 4087 921 4142 est
943 4084 1024 4161 loyce
1044 4081 1129 4141 alius.
1174 4080 1249 4140 Cum
1269 4086 1367 4141 autem
1391 4077 1520 4156 pulchri-

175 4165 249 4227 tudo
273 4165 345 4226 fluat
366 4184 403 4228 er
424 4168 602 4246 aequalitate
624 4176 655 4232 et
675 4168 815 4229 muudum
828 4169 911 4229 Deus
933 4170 1072 4230 creaverit
1087 4168 1228 4246 optimum
1242 4175 1272 4230 et
1286 4165 1520 4247 pulcherrimum,

175 4254 384 4331 aequalilatem
407 4254 438 4316 in
466 4257 601 4318 omnibus
630 4258 718 4318 rebus
746 4259 902 4335 quaesivit.
959 4255 1131 4333 Aequaliter
1153 4263 1251 4317 autem
1272 4257 1301 4314 in
1323 4255 1425 4333 paucis
1447 4268 1520 4312 cou-

175 4344 269 4424 sistit,
299 4343 493 4421 inaequalitas
522 4345 634 4406 indulta
663 4351 716 4407 est.
760 4345 864 4422 ltaque
894 4344 982 4405 ctiam
1011 4344 1041 4402 in
1067 4344 1195 4403 motibus
1219 4347 1296 4424 loyor
1317 4341 1403 4421 pauci
1426 4346 1520 4420 crunt,

175 4446 236 4491 non
258 4426 320 4491 mm
340 4434 405 4512 ipso
427 4431 544 4493 creandi
567 4449 664 4514 opere,
686 4449 774 4510 quam
795 4435 908 4494 interne
929 4448 1028 4492 eornm
1050 4430 1304 4493 demonstratione.
1349 4426 1520 4488 Habeamus

177 4518 278 4595 itaque
301 4520 392 4598 λογων
414 4518 567 4589 deiectum
621 4520 654 4580 Is
673 4538 732 4580 nou
754 4518 839 4582 aliter
859 4521 972 4581 institui
995 4522 1106 4599 potest,
1139 4520 1272 4596 quamsi
1294 4512 1434 4578 adeamus
1456 4515 1522 4593 ipsa

175 4604 281 4686 plana,
311 4624 386 4684 quac
414 4609 538 4685 gignunt
569 4611 677 4688 loy-oon
719 4608 879 4670 Planorum
906 4605 1081 4685 regularium
1112 4602 1242 4667 delectus
1271 4603 1319 4664 bic
1349 4608 1410 4682 est,
1440 4600 1521 4679 quod

176 4693 322 4773 quaedam
343 4699 519 4777 geometrica
540 4704 623 4778 sunt,
656 4695 798 4773 quaedam
821 4698 1023 4772 agcometrica.
1073 4693 1196 4755 Illorum
1216 4692 1309 4754 latera
1330 4689 1521 4751 demonstrari

175 4791 299 4863 possunt
334 4780 375 4866 (h.
406 4800 432 4846 e
467 4786 629 4862 comparari
664 4781 701 4844 ad
739 4782 931 4861 diametrum),
967 4782 1070 4843 horum
1104 4783 1238 4861 minime,
1273 4784 1307 4841 ut
1341 4778 1521 4858 septanguli,

176 4870 389 4953 undecanguli,
424 4866 642 4952 tredecanguli).
695 4871 778 4949 Quas
812 4871 1001 4935 demonstrari
1039 4875 1177 4950 possunt,
1209 4870 1283 4930 haec
1311 4873 1394 4928 sunt:
1432 4868 1461 4943 3,
1489 4866 1521 4947 4,

178 4960 208 5036 5,
242 4961 273 5042 d,
305 4962 334 5038 8,
372 4958 537 5040 lo-mgnla
566 4977 618 5042 per
650 4976 697 5038 se;
726 4966 796 5025 tnnc
830 4962 880 5042 12,
913 4977 950 5022 ex
979 4958 1235 5041 comparatiouai
1265 4963 1295 5021 at
1316 4956 1337 5017 t
1360 4953 1461 5034 anguli
1490 4954 1520 5016 in
