3567 5625
275 398 339 459 290
665 394 708 447 De
726 392 846 447 Motibus
863 390 1037 446 Planetarum
1059 391 1238 449 Harmonicis.

274 571 370 632 vallis.
414 569 539 631 Notabia
559 567 696 646 amplius,
719 570 914 647 planetariam
937 568 1057 630 Saturni
1079 579 1109 631 et
1130 569 1218 631 Jovis
1240 572 1379 648 majorem
1400 575 1539 636 excedere
1561 576 1632 636 bar·

273 655 429 732 brunicam,
452 659 565 718 scilicet
586 657 717 732 triplam,
750 661 916 734 quantitate
938 659 998 717 lere
1021 665 1117 732 tanta,
1148 667 1259 735 quanta
1281 669 1327 720 est
1349 662 1472 740 Veneris
1499 668 1631 739 propria,

274 755 304 807 et
326 746 497 806 tantundem
526 744 586 805 iere
609 745 711 804 deesse
734 748 881 806 communi
911 746 1013 821 majori
1038 746 1142 805 Martis
1166 756 1195 806 et
1217 747 1360 822 Telluris,
1390 755 1629 827 conrergentium

274 843 306 896 et
327 834 549 910 divergentinm.
594 831 718 891 Notabis
741 837 836 905 tertio,
860 834 920 892 sere
942 835 971 889 in
994 836 1194 910 superioribus
1217 853 1282 895 ease
1302 837 1469 897 harmonias
1485 838 1631 899 stabilitas

274 926 348 982 inter
370 929 598 998 convergentee,
621 928 653 978 at
683 923 713 978 in
743 922 928 980 inferioribus
956 924 1031 979 inter
1052 931 1149 980 motus
1179 922 1313 998 ejusdem
1339 925 1455 1000 plagae.
1501 926 1580 986 Nota
1602 937 1632 986 et

273 1018 388 1086 quarto,
411 1013 486 1068 inter
507 1007 626 1067 Saturni
649 1015 677 1066 et
701 1008 828 1067 Telluris
851 1009 985 1084 aphelios
1008 1026 1072 1069 esse
1087 1013 1218 1087 proxime
1234 1014 1364 1087 quinque
1380 1012 1540 1089 diapason3
1562 1033 1632 1074 nam

272 1115 341 1174 pars
371 1100 518 1157 tricesima
547 1094 679 1154 secunda
709 1095 745 1156 de
776 1099 828 1154 δῖ’
851 1098 894 1154 3“
927 1107 971 1155 est
1005 1099 1034 1155 1¹
1057 1097 1137 1170 w,
1170 1115 1237 1157 cum
1268 1099 1402 1177 apbelius
1424 1101 1544 1162 Saturni
1573 1101 1630 1162 ba·

274 1186 344 1245 boat
369 1187 494 1245 1¹-46¹‘.
1126 1181 1128 1190 '
1415 1241 1417 1246 .

359 1272 450 1331 Porro
473 1287 612 1346 mgnum
635 1267 788 1327 discrimen
813 1270 934 1330 interest
961 1272 1037 1329 inter
1058 1270 1220 1347 explicatas
1242 1274 1424 1348 singulorum
1447 1276 1631 1351 planetarum

272 1360 439 1419 harmonias
468 1368 499 1419 et
524 1360 600 1417 inter
625 1356 803 1432 junctorum.
849 1355 925 1415 Nam
955 1358 1024 1416 illae
1048 1358 1166 1433 quidem
1188 1360 1292 1419 ecdem
1320 1366 1458 1439 temporis
1481 1374 1631 1426 momente

272 1450 398 1508 existere
420 1465 478 1506 non
501 1453 640 1522 nunaunt,
669 1444 724 1503 bae
748 1461 817 1504 vero
841 1448 961 1504 omnino
983 1454 1124 1523 possunt,
1148 1450 1218 1523 quia
1248 1447 1325 1508 idern
1349 1451 1487 1529 planeta,
1512 1470 1632 1512 versans

271 1537 303 1592 in
325 1553 380 1594 suo
404 1533 538 1612 apbelio,
569 1549 627 1590 non
656 1531 744 1589 simul
772 1540 869 1610 potest
896 1550 962 1592 esse
989 1541 1019 1592 et
1046 1533 1076 1591 in
1100 1537 1236 1610 opposito
1265 1538 1421 1613 peribolis,
1453 1547 1485 1598 at
1506 1539 1631 1599 duorum

271 1623 456 1700 planetarum
484 1621 558 1680 alter
579 1622 608 1676 in
631 1636 685 1678 suo
708 1620 840 1696 aphelio,
868 1620 944 1680 alter
973 1622 1003 1678 iu
1027 1638 1080 1681 suo
1110 1622 1251 1698 peribelio
1274 1635 1401 1699 possunt
1428 1643 1493 1686 asae
1525 1627 1632 1702 eoderp

220 1737 225 1750 ·
271 1713 411 1787 temporis
434 1716 592 1770 momento.
636 1706 780 1783 Adeoque
803 1725 880 1783 quae
903 1710 1053 1784 proportio
1083 1718 1128 1768 est
1150 1718 1254 1769 cantus
1277 1712 1426 1796 simplicis,
1446 1730 1500 1774 sen
1523 1732 1631 1774 mono

273 1796 354 1872 diae,
385 1816 473 1875 quarn
505 1793 652 1860 eboralem
676 1798 820 1855 musicam
843 1794 967 1854 dicimus
1000 1804 1029 1856 et
1052 1813 1129 1871 quae
1151 1797 1218 1857 sola
1246 1801 1395 1859 veteribus
1423 1801 1480 1860 tuit
1502 1806 1632 1876 cognita,

272 1885 311 1945 ad
334 1893 450 1964 centurn
473 1884 600 1961 plurium
617 1897 731 1956 vocum,
754 1882 908 1960 figuratum
925 1884 1044 1955 dictum,
1068 1886 1219 1943 inventum
1238 1889 1437 1961 proximorum
1452 1890 1629 1962 seculorum,

272 1972 375 2032 eadem
397 1982 442 2033 ost
464 1972 612 2050 proportio
635 1970 868 2050 harmoniarum,
900 1989 975 2047 quas
998 1970 1105 2044 singuli
1128 1971 1285 2048 designant
1307 1974 1462 2049 planetae,
1497 1976 1536 2035 ad
1558 1977 1630 2036 bar-

270 2065 385 2120 monias
404 2062 582 2136 junctarum.
626 2057 731 2133 Itaque
751 2060 813 2134 jam
836 2075 922 2135 porro
946 2077 1010 2135 cap.
1029 2063 1057 2116 5.
1082 2068 1111 2117 et
1127 2059 1155 2120 6.
1183 2061 1292 2135 singuli
1314 2063 1452 2137 planatae
1474 2079 1632 2140 compara-

271 2148 378 2207 buntur
401 2166 467 2209 cum
488 2149 601 2205 musica
624 2146 734 2204 uberali
758 2155 888 2205 veterum
912 2147 1034 2223 eJusque
1057 2149 1250 2222 proprietates
1278 2151 1307 2206 in
1330 2149 1513 2224 planetarum
1537 2157 1631 2211 moti·

271 2235 326 2295 bns
356 2235 558 2309 ostendentur3
590 2241 621 2292 at
647 2233 794 2310 capitibus
825 2235 1017 2309 sequentibus
1034 2234 1130 2308 juncti
1153 2235 1289 2310 planetae
1326 2254 1393 2297 oum
1414 2238 1540 2314 figurata
1562 2257 1631 2298 mo-

271 2321 360 2383 derna
382 2326 495 2384 musica
516 2323 600 2398 paria
621 2322 717 2380 lacere
733 2320 1024 2382 demonstrabuntur.

846 2504 988 2626 curun
1017 2556 1053 2624 r.

270 2699 306 2755 In
324 2677 778 2771 proportionibusmotn‘um
797 2700 1073 2769 planetariorum
1090 2700 1335 2768 apparentium
1353 2703 1405 2768 (ex
1418 2701 1498 2756 Sole
1511 2704 1629 2758 veluti

270 2789 523 2859 spectantibus)
547 2803 713 2869 expressa
739 2803 813 2844 esse
838 2788 918 2842 luca
944 2787 1161 2857 systematis,
1190 2802 1248 2840 seu
1275 2787 1393 2843 eleves
1421 2789 1535 2844 scalae
1561 2807 1631 2845 rnu-

578 2878 684 2943 sicae,
703 2882 735 2931 et
753 2890 878 2946 genere
896 2880 1032 2945 cantus,
1051 2875 1124 2929 duri
1143 2883 1175 2929 et
1194 2874 1313 2929 mollis.

282 3034 287 3039 “
358 3021 445 3098 Quod
474 3022 562 3098 igitur
590 3023 667 3083 inter
696 3021 750 3081 bus
780 3021 937 3080 duodecim
967 3024 1106 3080 terminos
1138 3038 1189 3078 seu
1220 3026 1316 3079 motus
1347 3019 1534 3097 planetarum
1565 3040 1632 3096 sex,

258 3068 369 3168 *Solem
395 3112 688 3183 circumcurrentium,
712 3126 825 3167 sursum
849 3108 985 3168 deorsum
1008 3119 1037 3167 et
1060 3124 1297 3183 quaquaversum
1323 3117 1401 3169 stent
1423 3113 1633 3186 proportiones

274 3196 475 3267 harmonicae,
500 3205 553 3256 aut
575 3197 683 3255 talibus
707 3198 783 3254 intra
798 3197 965 3255 insensilem
981 3205 1094 3273 partem
1106 3197 1240 3254 concmni
1253 3198 1364 3253 minimi
1380 3199 1538 3271 proximae,
1563 3216 1639 3274 pro-

269 3285 372 3343 batum
395 3293 440 3344 est
460 3283 603 3343 hactenns
625 3302 677 3363 per
698 3300 835 3343 numeros
859 3285 927 3342 hinc
950 3302 986 3342 ex
1009 3285 1200 3355 astronomia,
1229 3281 1296 3343 inde
1320 3302 1356 3344 ex
1378 3283 1550 3344 harmonica
1571 3303 1635 3361 pe·

269 3373 350 3430 titos
397 3370 651 3447 Quemadmodum
674 3389 744 3431 varo
768 3371 843 3430 libro
866 3372 952 3431 tertio
976 3374 1100 3447 primum
1123 3371 1307 3431 harmonicas
1318 3374 1522 3447 proportiones
1544 3390 1636 3433 seor·

270 3461 326 3518 sim
348 3458 480 3536 singulas
504 3462 631 3519 eruimus
654 3462 751 3535 eapite
774 3462 884 3536 primo,
915 3470 984 3518 tuuc
1013 3460 1130 3519 demum
1158 3459 1256 3534 capite
1277 3458 1407 3518 secundo
1440 3476 1635 3532 aesomnes,

230 3564 234 3579 ·
270 3556 416 3623 quotquot
438 3555 529 3621 erant,
554 3550 583 3605 in
597 3564 696 3605 unum
720 3563 873 3607 commum
894 3553 1025 3622 systema
1046 3563 1099 3606 seu
1122 3546 1233 3607 scalam
1253 3548 1394 3605 musicam
1416 3550 1636 3625 compegimus,

270 3636 329 3694 imo
351 3637 451 3711 potius
475 3652 563 3694 unam
593 3652 693 3693 earnm
716 3634 876 3712 diapason,
907 3651 984 3709 quae
1014 3641 1125 3693 ceteras
1155 3640 1301 3709 potestate
1330 3633 1546 3711 complectitur,
1576 3653 1638 3712 per

269 3721 337 3780 illas
361 3730 471 3782 ceteras
495 3725 524 3779 in
546 3722 654 3799 gradus
677 3740 730 3782 seu
752 3723 819 3781 loca
833 3740 888 3781 sua
910 3721 1073 3793 divisimus,
1098 3737 1191 3796 eaque
1214 3739 1253 3793 re,
1281 3731 1315 3780 ut
1335 3720 1417 3781 scala
1438 3733 1531 3793 esset,
1556 3724 1637 3785 effe-

269 3810 377 3882 cimus,
411 3812 454 3868 slc
476 3826 554 3868 nunc
577 3826 714 3886 quoque,
746 3812 873 3869 inventis
897 3809 1072 3882 barmouiis,
1104 3825 1179 3884 quas
1202 3808 1284 3868 Deus
1306 3811 1369 3886 ipse
1392 3812 1421 3866 in
1444 3809 1553 3869 mundo
1580 3814 1637 3869 in-

236 3898 239 3905 '
269 3900 449 3975 corporavit,
473 3899 606 3972 sequitur
629 3905 662 3954 ut
684 3896 853 3971 videamus,
876 3914 947 3955 num
970 3898 1012 3956 ita
1033 3895 1167 3972 singulae
1190 3903 1268 3956 stem
1289 3898 1427 3970 seorsim,
1457 3907 1490 3959 ut
1513 3897 1635 3959 nnllam

270 4000 336 4044 cum
358 3985 478 4061 reliquis
494 3986 699 4059 cognationem
721 3983 859 4058 babeant,
883 4002 921 4043 au
938 4001 1008 4042 vero
1023 4001 1124 4044 omnes
1147 3986 1222 4044 inter
1236 4001 1269 4043 se
1283 3987 1476 4045 consentiant
1520 3983 1636 4059 Quan-

267 4088 355 4147 quam
369 4071 457 4132 facile
474 4080 520 4131 est
541 4070 589 4130 val
604 4073 667 4129 sine
682 4069 814 4129 ulteriori
828 4073 1019 4147 inquisitione
1031 4071 1216 4144 concludere,
1239 4071 1407 4133 barmoniae
1423 4075 1495 4131 istas
1507 4089 1633 4135 summo

274 4157 398 4219 coneilio
420 4159 464 4219 sic
478 4160 604 4218 invicem
626 4164 744 4233 aptatas
766 4175 840 4232 esse,
865 4166 897 4217 ut
919 4162 996 4217 intra
1018 4177 1106 4218 unam
1129 4157 1220 4217 veluti
1241 4176 1411 4235 compagem
1434 4176 1500 4220 sese
1522 4170 1637 4223 mutue

266 4245 374 4319 leram,
398 4263 454 4306 nec
475 4263 536 4305 nna
556 4246 645 4305 eliam
668 4245 776 4320 elidat3
807 4248 916 4324 quippe
937 4263 1002 4305 cum
1026 4246 1194 4319 videamus,
1226 4247 1257 4303 in
1281 4255 1341 4306 tam
1364 4247 1517 4323 multiplici
1542 4266 1637 4308 uom-

267 4337 419 4409 paratione
442 4334 599 4393 eorundem
622 4336 810 4395 terminorum
832 4335 968 4408 nuspiam
990 4352 1047 4392 uon
1071 4350 1220 4393 accurrere
1235 4334 1411 4397 harmonias.
1457 4334 1521 4395 Nisi
1545 4340 1637 4397 enim

268 4438 368 4481 omues
391 4423 529 4482 omnibus
552 4430 671 4499 aptatae
695 4429 793 4482 essent
814 4423 844 4479 in
867 4438 956 4481 unam
979 4421 1108 4490 scalam,
1132 4421 1217 4483 iauile
1240 4424 1303 4481 tieri
1325 4424 1469 4498 potuimet
1491 4417 1538 4503 (et
1560 4425 1638 4485 tae-

268 4515 330 4568 tum
359 4512 551 4586 estpaasim,
581 4511 755 4571 necessitate
782 4510 826 4568 sic
855 4504 1009 4590 urgente),
1040 4515 1074 4567 ut
1099 4507 1198 4586 plures
1221 4508 1421 4570 dissonantiae
1453 4513 1636 4573 enatarent.

268 4594 309 4657 Ut
329 4599 355 4655 si
377 4600 444 4673 quis
466 4599 542 4658 inter
565 4600 690 4676 primum
712 4603 742 4656 et
763 4595 924 4656 secuudum
946 4598 1100 4657 terminum
1124 4598 1316 4659 constitueret
1336 4605 1451 4657 sextam
1470 4598 1635 4673 maJ‘orem,

266 4687 340 4744 inter
362 4684 522 4744 secundnm
545 4692 576 4745 et
598 4688 716 4747 tertium
737 4685 853 4743 tertiam
874 4683 976 4743 itidem
999 4683 1150 4759 majorem,
1182 4689 1247 4744 sine
1269 4684 1403 4761 respectu
1425 4677 1548 4760 prioris,
1574 4688 1633 4749 bic

267 4772 342 4832 ‘nater
354 4773 478 4848 primum
493 4781 522 4833 at
537 4776 654 4832 tertium
670 4772 836 4833 admitteret
850 4771 1063 4831 dissonantiam
1076 4780 1106 4831 et
1120 4769 1306 4833 intervallum
1317 4773 1523 4833 inconcinnum
1541 4768 1635 4857 Ἃ,

354 4862 418 4936 Age
441 4878 511 4922 raro
533 4859 696 4936 rideamus,
719 4876 757 4921 au
780 4859 943 4936 quodiam
964 4859 1166 4921 ratiocinando
1189 4858 1370 4937 collegimus,
1393 4858 1426 4921 id
1445 4878 1476 4922 re
1491 4863 1560 4938 ipsa
1583 4866 1638 4927 sie
