3567 5625
683 404 831 472 hiberii.
852 416 941 486 caput
957 415 995 474 11.
1448 424 1513 487 225

158 601 203 655 est
228 594 319 671 inque
343 594 491 654 creatione
514 596 664 671 expressit,
693 601 835 673 utsupra
859 593 985 670 dictum,
1008 602 1075 669 aut,
1099 593 1177 673 quod
1201 596 1304 658 eodem
1326 598 1416 674 redit,
1440 599 1515 661 alle-

157 682 237 759 gabo
262 682 485 758 cognationem,
510 700 575 759 cap.
603 685 630 740 1.
652 688 777 756 tectum,
800 685 963 745 animarum
985 683 1104 757 harum,
1129 687 1218 744 etiam
1240 685 1424 760 inferiorum,
1448 705 1515 748 cum

156 767 275 841 circulo,
299 768 338 828 ad
362 786 449 844 quem
485 769 625 830 velutad
648 787 778 829 normam
802 770 957 847 legemque
990 775 1169 848 compositae
1192 784 1221 831 et
1239 772 1437 835 conformatae
1453 779 1513 836 siut

155 873 283 931 curaque
310 858 375 933 ipso
409 855 518 916 circulo
549 856 672 933 ejusque
705 857 988 918 demonstrabilitate
1025 859 1121 919 ideam
1161 861 1250 918 etiam
1287 865 1507 939 proportionum

155 944 395 1003 harmonicorum
418 942 497 1003 ,inde
527 944 751 1023 dependentium
779 947 935 1006 induerint.
986 944 1086 1006 Valde
1121 938 1198 1005 enim
1233 947 1406 1008 confirmant
1434 951 1512 1011 hanc

155 1031 377 1109 philosophiam
399 1048 532 1106 geneses,
556 1049 622 1092 cum
644 1031 811 1107 videamus,
835 1034 1033 1093 characterem
1056 1035 1250 1093 confluentiae
1271 1035 1421 1095 radiorum
1443 1054 1514 1098 coc·

156 1118 275 1179 lestium
304 1118 343 1177 ad
371 1116 449 1178 idem
478 1129 636 1198 punctum,
666 1120 748 1180 velut
774 1138 811 1180 cr
832 1122 942 1182 circulo
965 1124 1128 1196 communi,
1156 1123 1283 1200 imprimi
1312 1125 1342 1181 in
1365 1129 1514 1185 nascentis

156 1208 304 1281 animum3
329 1205 365 1266 dc
388 1222 447 1282 quo
470 1207 545 1267 iufra
567 1225 631 1285 cap.
657 1208 693 1265 i:
708 1208 802 1285 plura.

242 1293 337 1351 Porro
360 1292 474 1364 media,
506 1296 613 1370 quihus
636 1304 757 1354 utuntur
786 1297 861 1355 istae
882 1294 1039 1356 facultates
1062 1297 1178 1356 animae
1209 1296 1360 1357 inferiores
1383 1298 1421 1357 ad
1443 1317 1513 1379 per-

159 1380 313 1457 cipiendas
334 1380 503 1441 harmonias
525 1391 726 1457 summorum,
748 1391 818 1442 sunt
838 1382 959 1457 eadem,
983 1383 1091 1461 quibus
1114 1392 1144 1442 et
1166 1390 1286 1442 externa
1307 1386 1374 1461 ipsa
1396 1386 1513 1463 objecta

158 1471 316 1539 introrsum
340 1471 491 1548 rccipiunt
534 1469 568 1529 Si
591 1470 711 1529 sensilia
732 1478 809 1544 suut,
832 1472 968 1531 sensibus
990 1472 1079 1530 etiam
1093 1472 1301 1547 percipiuntur,
1324 1472 1512 1535 facultatibus
1558 1468 1560 1477 '

160 1572 200 1614 sc.
223 1559 342 1616 animae
365 1573 469 1617 seusus
491 1557 730 1639 informantibus,
761 1574 838 1634 quae
867 1562 985 1634 etipsa
1012 1573 1070 1616 nou
1093 1559 1189 1617 minus
1219 1575 1307 1633 quam
1329 1564 1460 1637 superior
1481 1565 1512 1621 iu

160 1646 379 1721 comparatione
402 1654 555 1703 versamur
577 1661 673 1704 rerum
696 1654 856 1718 certarum,
885 1644 939 1706 s'ed
961 1643 991 1703 id
1013 1646 1170 1719 instinctu,
1193 1661 1251 1704 non
1275 1646 1417 1707 discursu.
1463 1649 1512 1711 Sic

159 1731 224 1791 soni
247 1731 356 1792 auditu
375 1733 462 1808 eique
483 1732 633 1809 praefecta
659 1741 806 1811 potestate
829 1740 1025 1794 consonantes
1056 1732 1258 1792 discernuntur
1286 1751 1307 1793 a
1333 1732 1512 1795 dissonanti-

158 1818 221 1889 bus,
245 1821 291 1879 sic
311 1822 516 1896 proportiones
539 1819 784 1880 architectonicae
807 1818 902 1880 oculis
923 1821 1122 1898 percipiuntur
1144 1828 1175 1879 et
1188 1819 1327 1880 facultate
1349 1820 1411 1896 illa,
1435 1840 1512 1900 quae
1605 1890 1618 1907 ,

159 1908 234 1964 risui
267 1913 312 1965 cst
340 1907 501 1985 praefecta,
533 1894 672 1985 pulchrae
700 1915 730 1967 et
762 1923 910 1984 congruae
941 1907 978 1966 ab
1006 1909 1173 1983 incongruis
1201 1906 1412 1968 discernuntur.
1459 1911 1511 1972 Sin

158 2002 257 2053 autmu
280 2010 327 2053 res
348 1996 447 2071 ipsae,
470 1996 500 2051 in
523 1996 630 2070 quibus
653 2002 698 2055 cst
719 1994 890 2054 harmonica
912 1996 997 2063 ratio,
1027 1994 1151 2054 sensiles
1172 2009 1231 2053 non
1254 2003 1339 2069 sunt,
1362 1996 1416 2057 sed
1437 1998 1511 2060 forte

158 2079 218 2139 alia
240 2080 382 2141 facultate
405 2082 626 2160 perceptibiles,
659 2081 762 2142 cadem
784 2090 814 2143 et
835 2084 917 2158 ipsae
938 2083 1143 2158 proportiones
1172 2098 1268 2141 rerum
1290 2085 1319 2141 in
1342 2086 1442 2145 anima
1463 2104 1511 2146 re·

156 2165 271 2241 lucent,
303 2171 346 2229 uti
376 2176 577 2245 comparatum
605 2178 650 2229 est
679 2178 745 2229 uum
772 2169 1011 2247 proportionibus
1039 2168 1186 2228 radiorum
1215 2169 1398 2247 sideralium,
1434 2191 1512 2252 quae

157 2254 305 2331 quomodo
328 2255 367 2315 ab
388 2263 485 2316 anima
508 2257 658 2316 sublunari
681 2259 887 2335 percipiantur,
910 2257 985 2316 infra
1006 2259 1102 2334 capite
1119 2260 1148 2315 i.
1171 2255 1374 2332 disqmremus.

240 2342 297 2402 Est
317 2349 416 2402 nmen
439 2344 546 2404 obtusa
568 2350 598 2403 et
620 2345 745 2403 obscura
767 2345 840 2405 haec
862 2345 1077 2402 harmoniarum
1096 2346 1243 2421 perceptio
1266 2346 1296 2403 in
1317 2346 1506 2407 facultatibus

156 2431 272 2489 animae
294 2431 479 2491 inferioribus
502 2440 532 2490 et
554 2431 770 2507 quodammodo
793 2431 952 2491 materialis
974 2438 1004 2491 et
1025 2431 1179 2490 subnuba
1202 2433 1287 2507 quasi
1310 2434 1506 2510 ignorantiam

157 2533 210 2575 nec
234 2518 313 2577 enim
335 2520 432 2577 sciunt
454 2536 485 2578 se
507 2520 672 2596 percipere,
705 2527 738 2578 ut
759 2536 825 2579 cnm
854 2518 988 2578 videntes
1016 2517 1128 2603 aliquid
1159 2534 1218 2577 nou
1252 2527 1350 2579 amen
1372 2522 1509 2582 animad-

157 2607 315 2678 vertimus,
345 2622 400 2675 uos
423 2603 452 2664 id
475 2605 585 2667 videre.
630 2605 719 2665 Tales
746 2615 814 2665 snnt
842 2613 940 2665 motus
962 2604 1006 2662 illi
1034 2604 1064 2664 et
1085 2621 1226 2683 pavores,
1257 2622 1277 2663 a
1298 2605 1405 2665 Stoicis
1429 2608 1510 2669 cele·
1586 2678 1589 2683 Δ

156 2691 238 2763 breti,
263 2692 415 2752 naturales
437 2693 500 2753 sine
524 2693 646 2754 consilio
662 2702 834 2770 praeterque
851 2693 1043 2766 voluntatem,
1067 2693 1134 2751 talis
1148 2694 1238 2752 etiam
1252 2688 1371 2753 affectus
1388 2695 1447 2753 odil
1461 2696 1509 2757 vel

156 2780 262 2839 amoris
279 2780 430 2854 naturalis,
445 2782 518 2841 miro
534 2781 701 2858 cumprimis
714 2782 843 2858 ingenio,
865 2782 916 2857 qui
931 2780 1124 2840 membrorum
1140 2795 1307 2841 commensn
1323 2785 1465 2859 vocisque
1481 2791 1511 2844 et

157 2870 379 2945 temperamenti
401 2868 594 2944 qualitatibus
618 2871 780 2929 honitatem
802 2867 850 2928 vel
872 2867 1092 2928 similitudinem
1114 2870 1273 2927 aestimans
1295 2870 1410 2929 animae
1433 2870 1511 2932 alte·

157 2956 311 3018 riuscnm
334 2972 401 3029 sua,
430 2956 550 3016 mirifice
578 2960 608 3015 in
638 2956 719 3016 illam
749 2956 921 3018 exardescit.
967 2957 1057 3014 Amat
1078 2958 1166 3031 igitur
1195 2957 1316 3014 insanus
1339 2957 1510 3018 adolescens

157 3041 309 3123 puellam,
331 3060 385 3102 nec
406 3045 462 3102 seit
483 3059 546 3115 cur,
578 3051 629 3102 aut
652 3042 722 3119 quid
746 3047 774 3103 in
798 3061 835 3103 ea
855 3045 1043 3120 potissimum
1058 3049 1159 3115 ›amet,
1184 3042 1262 3118 quod
1286 3046 1312 3102 ei
1336 3060 1394 3103 nou
1415 3048 1511 3122 possit

156 3137 311 3206 praestare
335 3133 458 3207 quaevis
481 3131 572 3191 obvia
593 3133 744 3204 meretrix,
766 3133 792 3190 si
815 3130 987 3191 inhonestus
1008 3145 1108 3204 amor,
1131 3135 1184 3188 aut
1205 3145 1399 3206 quaecuuque
1421 3134 1511 3193 nubi·

158 3216 193 3274 lis
215 3218 337 3296 puella,
367 3219 392 3277 si
415 3218 574 3292 legitimus.
620 3218 660 3276 At
681 3217 943 3296 physiognomicus
965 3219 1173 3295 superveniens
1201 3219 1314 3277 invenit
1334 3220 1363 3276 in
1387 3227 1510 3296 ubsque

160 3321 290 3379 persona
311 3304 531 3364 similitudinem
553 3303 680 3380 aliquam
704 3322 833 3381 morum3
856 3307 907 3381 qui
923 3306 948 3361 si
964 3306 1073 3378 vitiosi,
1097 3302 1198 3378 litigiis
1212 3307 1362 3380 perpetuis
1384 3309 1413 3365 in
1436 3325 1511 3370 con·
1534 3354 1538 3360 .

156 3391 241 3468 jugio
272 3393 416 3469 praebent
444 3395 645 3469 occasionem,
676 3395 701 3452 si
730 3393 815 3467 boni,
844 3389 1050 3468 tranquillitati
1077 3393 1166 3449 vitae.
1210 3389 1354 3466 Adeoque
1382 3392 1440 3452 huc
1461 3412 1510 3454 rc·
1608 3433 1612 3443 „

159 3479 296 3538 ferendus
319 3486 365 3540 est
387 3482 540 3540 universus
563 3481 716 3539 instinctus
738 3480 1007 3558 physiognomicus,
1030 3479 1080 3553 qui
1103 3480 1238 3552 quamvis
1261 3486 1360 3538 mutus
1382 3489 1412 3540 et
1433 3497 1510 3556 quo·

160 3564 319 3626 dummodo
342 3567 444 3626 brutus
466 3569 599 3642 (minime
622 3584 692 3628 vero
717 3577 778 3627 arte
801 3572 1000 3644 comparatus,
1030 3565 1084 3624 etsi
1106 3581 1159 3638 per
1181 3581 1247 3624 eum
1270 3566 1364 3625 excoli
1387 3570 1509 3643 potest),

158 3669 254 3712 rerum
278 3661 378 3713 tamen
401 3654 592 3714 humanarum
616 3658 757 3731 interpres
786 3662 815 3713 et
837 3655 944 3713 arbiter
966 3660 1012 3711 est
1033 3652 1145 3711 unicus
1190 3650 1317 3710 Tantum
1341 3655 1417 3712 euim
1440 3657 1509 3730 qui·

156 3739 230 3800 libet
251 3743 455 3819 prosperitatis
478 3736 664 3824 (naturaliter
685 3736 850 3823 loquendo)
883 3742 1008 3810 obtinet,
1039 3747 1181 3815 quantum
1207 3740 1271 3813 ejus
1293 3739 1400 3818 facies,
1416 3729 1509 3800 'com-

157 3845 280 3887 mensus
312 3830 455 3906 corporis,
494 3832 625 3889 incessus
654 3837 811 3904 motusque
843 3827 1038 3887 membrorum
1070 3824 1179 3883 arridet
1206 3843 1302 3885 rerum
1329 3829 1509 3904 potientibus

155 3924 362 3992 quantumque
385 3918 421 3975 iis
443 3917 559 3993 irrepit,
591 3916 672 3976 nullo
695 3919 783 3976 etlam
810 3932 899 3992 snper
920 3931 956 3973 ea
977 3929 1008 3972 re
1037 3912 1159 3984 consilio
1181 3914 1259 3996 usis,
1288 3912 1381 3974 veluti
1403 3916 1508 3991 latens,

155 4010 192 4061 ut
215 4020 307 4080 saepe
330 4008 481 4078 testentur,
505 4021 536 4063 se
559 4021 657 4063 amare
681 4003 729 4064 vel
751 4002 848 4063 odisse
871 4002 1052 4078 quempiam,
1080 4001 1242 4060 nescientes
1265 4001 1303 4061 ob
1327 4018 1414 4078 quarn
1437 4019 1509 4062 cau·

152 4106 230 4148 sarm
276 4088 359 4149 Telis
381 4092 501 4167 inquam
532 4093 629 4150 estin
652 4095 767 4151 animae
789 4089 977 4174 facultatibus
999 4088 1182 4146 inferioribus
1209 4105 1313 4147 sensus
1341 4093 1509 4168 proportio-

154 4193 228 4236 num
250 4177 314 4237 sinc
337 4195 434 4237 seusu.
479 4178 564 4238 Adeo
587 4196 682 4255 neque
706 4177 889 4255 distinguunt
911 4178 1127 4252 proportionem
1157 4191 1177 4233 a
1204 4177 1333 4234 terminis
1360 4195 1414 4238 scu
1436 4175 1514 4237 sub-'

148 4263 234 4339 iacto
256 4281 312 4324 suo
335 4263 379 4345 (ut
402 4281 468 4324 cum
490 4265 593 4326 studita
611 4265 742 4342 jucunda
765 4264 912 4325 cantilena
932 4270 1049 4339 praeter
1070 4279 1158 4321 sonos
1183 4263 1265 4339 ipsos
1288 4261 1359 4321 nibil
1383 4264 1419 4322 dc
1435 4266 1508 4322 arti·
1596 4283 1605 4300 2

151 4350 223 4411 ficio
246 4353 311 4428 ipso
335 4350 510 4432 cogitamus)
537 4371 592 4413 nec
612 4353 700 4430 plane
722 4352 906 4427 distinguunt
926 4352 1001 4408 inter
1023 4366 1055 4409 se
1077 4349 1209 4408 diversas
1231 4348 1414 4425 harmoniasq
1439 4358 1508 4409 tan-

150 4445 220 4498 tum
242 4457 270 4498 n.
294 4439 375 4516 quod
390 4442 458 4513 siut,
482 4441 726 4514 animadvertunt,
750 4440 821 4516 quid
836 4438 884 4497 vel
900 4454 988 4513 quam
1004 4437 1104 4495 neriae
1119 4436 1186 4506 sint,
1210 4438 1352 4495 nesciunt.
1391 4435 1508 4515 Quippe
1570 4443 1577 4450 “

149 4528 241 4602 ipsae
262 4528 352 4586 etiarn
374 4525 459 4587 ideae
482 4527 711 4602 harmoniarum,
739 4544 814 4604 quas
837 4525 893 4585 hae
918 4523 1067 4582 inferiores
1089 4524 1205 4581 animae
1231 4523 1387 4584 facultates
1407 4541 1508 4584 seeum

149 4613 267 4672 habent
289 4616 384 4687 intus,
402 4631 461 4674 non
484 4614 571 4693 plane
592 4633 681 4694 purae
697 4616 769 4693 ipsis
784 4622 852 4674 suut
867 4612 1031 4683 instinctue,
1054 4610 1106 4668 sed
1128 4626 1193 4668 cum
1216 4608 1375 4670 involucris
1397 4613 1507 4689 speciei

151 4701 327 4777 subjectae,
362 4702 425 4778 ejus
447 4719 488 4762 sc.
519 4721 595 4779 quae
618 4703 760 4778 cujusque
783 4700 932 4761 facultatis
955 4700 992 4757 sit
1014 4696 1172 4772 objectum.
1216 4696 1360 4756 Nimirum
1382 4697 1508 4759 facultas

149 4788 274 4849 auditus
296 4787 343 4870 (ut
367 4789 501 4866 exemplo
530 4806 668 4851 sonorum
697 4788 937 4849 concordantium
966 4792 1082 4861 ummur
1111 4786 1176 4862 loeo
1206 4782 1360 4864 omnium),
1392 4788 1508 4865 corpori

207 4896 432 4951 uspiaropmv.
1312 4888 1352 4952 15
1389 4975 1398 4990 κ
