3567 5625
284 446 347 507 338
793 439 942 501 Ptolemaei
954 445 1107 501 Humanis.

283 614 419 683 lernaeae,
444 621 573 686 tanquam
592 616 636 686 id,
663 618 736 687 quod
763 620 800 676 sit
825 627 903 676 extra
929 618 1157 688 controversiam,
1188 635 1239 674 neo
1266 617 1318 674 hoc
1344 618 1405 672 loco
1429 614 1624 687 quaerendum.

284 694 396 763 Quaerit
413 696 510 765 igitur,
540 696 605 764 qnid
623 696 660 751 sit
676 696 832 754 harmonica
848 699 966 754 facultas
984 702 1067 754 rebus
1085 698 1159 766 airis,
1185 711 1202 751 a
1220 714 1249 753 se
1266 697 1371 752 ratione
1389 696 1536 767 distinctis,
1555 697 1626 751 sitne

284 773 403 842 ipsarum
425 773 552 844 materia,
579 790 614 829 an
635 775 754 844 ipsarum
778 776 900 833 efficiens
923 793 957 832 an
975 779 1059 833 finis?
1095 779 1184 846 Negat
1205 775 1278 831 illam
1298 790 1357 829 esse
1374 774 1456 831 rebus
1473 776 1627 834 mannam

283 853 355 908 ratio
373 853 432 922 eius
450 861 510 920 est,
537 853 637 909 habere
655 856 746 923 potius
764 857 868 924 agentis
896 865 1020 912 naturam
1048 873 1128 927 quarn
1155 855 1292 926 patieutis.
1329 854 1399 908 Dum
1418 855 1489 909 onim
1507 852 1627 924 appellat

284 930 358 986 illam
376 937 491 1002 ινιαμιι,
518 939 645 1004 respectu
662 933 776 1003 aiicujus
792 935 924 1004 ἑνιργειας
940 935 1014 991 illam
1034 938 1073 993 sic
1091 935 1223 1008 appellat.
1259 932 1388 989 Facultas
1407 934 1476 987 enim
1494 934 1529 987 ad
1548 931 1628 986 effee-

283 1019 341 1066 tum
359 1012 488 1083 refertur,
515 1014 637 1082 potentia
654 1012 689 1068 ad
707 1021 805 1069 actum.
841 1014 970 1071 Facultss
988 1016 1073 1085 igitar
1089 1015 1246 1071 harmonica
1263 1030 1318 1069 nou
1336 1014 1407 1067 inest
1425 1012 1494 1076 aeri,
1519 1029 1553 1067 ex
1573 1028 1627 1082 qno

284 1097 349 1144 sunt
366 1106 445 1146 voces
463 1098 651 1160 consonantes,
669 1108 724 1147 non
742 1094 769 1148 in
788 1103 864 1150 motu
882 1095 962 1165 aeris,
981 1096 1090 1152 hocest
1107 1096 1231 1165 insonis,
1248 1093 1296 1166 sed
1315 1093 1386 1148 inest
1403 1092 1430 1146 in
1449 1092 1538 1147 anima
1556 1108 1628 1147 com·

283 1175 398 1236 parante
416 1184 513 1224 sonos:
532 1171 698 1239 comparatio
716 1188 779 1227 vero
798 1181 841 1228 est
858 1176 938 1229 sotio.

370 1264 444 1319 Nota
461 1265 508 1321 lx.
543 1266 634 1333 Negat
652 1265 808 1325 multatam
827 1269 897 1325 hanc
916 1286 976 1326 esse
994 1270 1092 1338 finem,
1120 1267 1199 1338 cnjus
1217 1282 1301 1323 causa
1320 1267 1374 1322 sint
1391 1280 1435 1320 res
1452 1264 1531 1332 illae,
1558 1280 1630 1334 quac

186 1365 188 1374 ·
283 1343 454 1403 constituunt
480 1346 669 1414 proportiones
695 1345 880 1403 harmonicas:
895 1349 998 1418 ‚ipsam
1015 1348 1085 1403 enim
1103 1347 1215 1403 tendere
1242 1346 1334 1414 potius
1352 1344 1387 1400 ad
1406 1345 1488 1399 finem
1504 1345 1630 1412 adeoque

284 1419 400 1492 dirigere
419 1424 610 1491 sua-subjecta
635 1423 749 1479 ulterius
777 1425 911 1481 adfinem
929 1427 1019 1481 alium.
1056 1426 1131 1480 llaec
1155 1426 1269 1480 assertio
1288 1424 1483 1480 dubitationem
1501 1423 1585 1477 habet
1603 1424 1630 1477 in

284 1498 346 1571 hoc,
365 1501 438 1570 quod
456 1518 517 1557 cum
534 1502 569 1557 de
586 1501 716 1558 facultate
734 1503 863 1574 loquetur
880 1505 1015 1560 efficiendi
1034 1504 1137 1572 aliquid
1150 1502 1299 1558 secundum
1318 1502 1471 1557 harmonias
1489 1511 1560 1563 (nam
1580 1517 1630 1571 pro

286 1577 493 1635 ‹harmonia›
521 1581 662 1651 legendum
681 1589 723 1637 est
743 1584 977 1638 ‹harmonica›
1007 1582 1180 1651 subintellige
1210 1580 1437 1651 ‹facultate›),
1460 1581 1539 1636 Deus
1557 1589 1632 1635 certe

179 1723 183 1730 ⁴
285 1656 345 1713 fons
363 1667 407 1714 est
423 1659 496 1715 illius
513 1661 627 1731 ipsaque
645 1661 712 1715 adeo
730 1661 792 1730 ilia,
820 1670 849 1716 et
867 1663 941 1717 Deus
960 1662 1050 1718 omnia
1065 1661 1205 1742 exornavit
1221 1663 1382 1731 propterte
1400 1660 1489 1730 ipsum
1506 1669 1631 1729 propter·

284 1751 337 1807 que
355 1753 432 1793 auam
450 1739 681 1809 complacentiam.

371 1816 444 1885 Ergo
472 1823 583 1873 ornatus
607 1831 698 1871 rerum
730 1825 773 1872 est
799 1825 913 1887 propter
939 1818 1016 1873 ilium
1041 1816 1295 1887 superbenedictum
1324 1816 1493 1886 harmosten,
1517 1816 1633 1887 ipseque

283 1895 366 1950 rebus
383 1896 464 1950 otiam
482 1895 544 1950 finis
561 1899 611 1963 est,
629 1894 707 1963 cujus
724 1894 788 1950 illae
806 1912 889 1952 causa
907 1906 972 1952 sunt
988 1895 1091 1962 iactae3
1110 1895 1190 1950 nimis
1203 1895 1286 1967 igitur
1303 1896 1437 1966 generalis
1455 1904 1501 1958 est
1515 1897 1633 1952 assertio

283 1972 440 2043 Ptolemaei,
459 1981 490 2029 nt
508 1988 578 2043 quae
596 1974 649 2029 hoc
667 1989 768 2043 negare
785 1974 902 2030 videtur.

368 2069 440 2124 Nota
457 2069 492 2124 X.
527 2069 599 2124 Dum
616 2086 678 2124 nero
696 2070 748 2124 ait:
781 2070 843 2125 Vim
858 2071 1045 2126 insomniorum
1073 2071 1190 2142 dingen
1206 2071 1356 2140 ιιιᾰιιιιιιιι
1381 2088 1461 2127 raam
1477 2072 1517 2128 ad
1540 2074 1633 2142 tinette

282 2144 310 2200 id
328 2161 378 2214 pro
396 2145 497 2216 duplici
514 2146 541 2200 si
555 2147 721 2217 hmmomca
740 2156 771 2203 ut
788 2148 922 2217 explicavi
940 2165 999 2218 cap.
1012 2149 1036 2204 2.
1057 2148 1119 2204 libri
1137 2150 1189 2204 mei
1201 2149 1249 2217 Ν,
1267 2149 1402 2219 duplicem
1421 2150 1502 2205 etiam
1522 2165 1634 2205 sensum

283 2223 375 2279 habet.
410 2226 480 2281 Nam
506 2224 623 2280 facultas
650 2225 758 2296 quidem
777 2226 934 2282 harmonica
960 2228 1081 2296 practica
1110 2228 1202 2298 dirigit
1220 2238 1328 2284 cautum
1347 2230 1381 2285 ad
1401 2228 1552 2286 decentiam
1572 2239 1634 2298 eta,

285 2319 355 2372 quae
373 2311 415 2360 est
432 2304 499 2359 nihil
516 2304 598 2375 aliud,
617 2320 698 2375 quam
715 2306 774 2375 ipse
792 2306 859 2361 ordo
877 2322 913 2360 ex
926 2308 1064 2363 concinnis
1082 2314 1110 2363 et
1122 2310 1261 2363 consonis:
1281 2319 1309 2363 at
1328 2308 1445 2364 facultas
1464 2309 1635 2379 speculativa

284 2389 313 2436 et
330 2382 460 2451 agnitius,
478 2384 531 2439 etsi
549 2383 700 2452 subjectum
719 2402 774 2440 non
792 2385 897 2456 dirigit,
917 2384 966 2440 sed
984 2383 1117 2442 directum
1134 2381 1249 2458 probat,
1268 2396 1357 2443 umen
1375 2388 1428 2444 hoc
1446 2396 1583 2457 praestat,
1603 2394 1634 2441 nt

284 2461 373 2516 anima
389 2462 536 2518 harmoniis
554 2464 651 2532 agnitis
668 2473 696 2520 et
714 2464 868 2533 dijudicatis
895 2463 1057 2519 delectetur:
1086 2466 1132 2522 uhi
1150 2466 1189 2521 sic
1213 2483 1243 2523 se
1271 2466 1354 2522 habet
1371 2465 1514 2523 delectatio
1532 2467 1568 2521 ad
1587 2465 1633 2520 de·

285 2539 409 2613 centiam,
427 2541 498 2598 sicat
514 2541 664 2614 speculatio
683 2544 721 2599 rei
739 2543 830 2599 sactae
848 2542 882 2598 sd
901 2543 940 2597 rei
958 2542 1101 2599 facturam.

370 2637 444 2695 Nota
461 2640 508 2694 XI.
543 2639 712 2698 Facultatem
730 2641 913 2696 harmonicam
931 2649 1055 2696 recenset
1072 2643 1143 2698 inter
1161 2658 1258 2698 causas
1276 2656 1374 2710 rerum,
1393 2640 1521 2710 intellige,
1541 2649 1573 2696 ut
1590 2655 1630 2695 se·

285 2723 391 2787 quetur,
410 2736 465 2774 non
483 2735 578 2775 causas
597 2721 744 2788 essentiae,
763 2719 811 2775 sed
830 2735 927 2775 causas
945 2720 1084 2789 qualitatis
1103 2722 1218 2790 alicujus
1236 2720 1431 2790 relationisque
1449 2719 1629 2789 qualitativas.

285 2797 355 2852 Nam
374 2796 530 2853 harmoniae
547 2798 617 2854 fiunt
633 2797 714 2854 rebus
733 2798 872 2868 subjectis,
890 2807 922 2855 ut
940 2800 1024 2869 sonis,
1040 2799 1127 2856 forma
1144 2799 1278 2871 quaedam
1296 2797 1486 2855 accidentalis:
1506 2797 1632 2855 dicuutur

208 2902 211 2919 ·
285 2874 429 2948 animata
446 2877 528 2931 etiam
545 2876 580 2931 ab
597 2877 744 2932 Aristotele
769 2877 832 2948 illa,
851 2894 922 2948 quae
940 2878 1070 2947 subjectis
1089 2879 1199 2949 insunt,
1217 2885 1250 2932 ut
1266 2877 1369 2946 figurae
1387 2878 1568 2949 geometricae
1585 2878 1631 2931 tri·

285 2969 382 3022 gonus,
399 2961 566 3024 tetragonus.
591 2956 622 3010 id
639 2955 725 3011 multo
744 2957 830 3026 magis
848 2972 949 3025 semin,
967 2957 1084 3025 quando'
1095 2959 1158 3013 talis
1177 2957 1281 3027 species
1299 2965 1342 3011 est
1360 2956 1509 3012 secundum
1526 2955 1566 3009 rei
1585 2970 1631 3008 na·

286 3036 388 3101 huam,
407 3039 437 3087 ut
454 3034 479 3087 si
496 3032 569 3107 illam
587 3034 706 3102 speciem
724 3033 831 3103 induat,
859 3034 908 3089 fiat
925 3034 952 3088 in
972 3050 1021 3089 suo
1039 3051 1138 3105 genere
1156 3037 1251 3091 melior
1270 3044 1297 3090 et
1314 3037 1473 3105 perfectior,
1491 3035 1580 3090 atita
1596 3035 1632 3089 sit

255 3108 258 3123 '
287 3108 355 3164 haec
372 3111 477 3180 species
495 3111 559 3167 huic
576 3112 699 3181 annecto
717 3113 887 3169 conveniens.

377 3210 537 3289 Supremas
560 3232 630 3274 vcro
652 3232 704 3275 san
726 3217 836 3292 primae
859 3231 968 3276 musae
989 3214 1097 3293 triplici
1120 3213 1284 3274 dbcmmine
1307 3224 1482 3275 cernuntur:
1512 3214 1573 3274 alia
1595 3232 1631 3275 ex
1724 3208 1729 3217 ’

287 3305 370 3378 parto
391 3310 513 3361 naturae
536 3310 565 3362 et
586 3304 678 3379 ipsius
700 3320 759 3363 esre
784 3301 871 3376 nudi,
906 3301 967 3362 alia
999 3321 1035 3362 ex
1065 3310 1148 3379 parte
1170 3305 1290 3361 rationis
1313 3311 1341 3362 et
1364 3305 1456 3380 ipsius
1478 3303 1551 3361 beroe
1571 3320 1631 3362 raac

285 3384 371 3461 nudi,
408 3387 467 3447 alia
504 3389 629 3465 denique
664 3407 700 3449 ex
737 3399 819 3468 parta
854 3388 1017 3450 divinitatis
1046 3397 1076 3449 et
1108 3392 1198 3465 ipsius
1236 3390 1308 3448 bene
1336 3407 1452 3465 scrupea
1481 3408 1539 3448 asc
1565 3386 1631 3468 ΧΠ).

169 3506 174 3513 ·
289 3473 386 3533 Causa
408 3477 496 3553 igitur
517 3479 582 3547 ista,
611 3494 686 3553 quae
713 3477 874 3536 secundum
896 3477 1076 3537 harmoniam
1106 3486 1165 3551 est,
1199 3493 1294 3553 neque
1315 3486 1435 3536 naturae
1459 3488 1503 3537 est
1524 3494 1632 3537 accen·

288 3558 394 3637 sanda,
424 3579 484 3623 nou
512 3566 587 3623 enim
617 3563 752 3624 conciliat
780 3567 875 3642 ipsum
905 3581 963 3623 csse
987 3565 1075 3625 rebus
1096 3565 1151 3623 sibi
1174 3556 1328 3639 subJectis',
1356 3581 1451 3640 neque
1474 3563 1631 3638 divinitati,

288 3664 346 3707 non
370 3651 446 3710 enim
469 3660 513 3710 est
535 3654 627 3730 prima
649 3668 739 3711 causa
761 3669 875 3730 semper
898 3651 1012 3710 essendi
1033 3669 1087 3711 seu
1109 3652 1297 3725 aeternitatis,
1321 3650 1373 3710 sed
1395 3653 1499 3710 rationi
1522 3652 1632 3728 ubique

289 3735 486 3812 adjudicanda
507 3746 552 3797 est
573 3738 742 3799 harmonica
765 3738 923 3799 causalitas
945 3736 1027 3818 Μῦς
1062 3748 1192 3814 atquae
1215 3737 1294 3797 cadit
1315 3739 1389 3798 inter
1410 3738 1503 3797 dictas
1525 3755 1633 3798 causas

288 3821 354 3883 loco
386 3826 471 3900 quasi
499 3824 595 3885 medio
630 3833 659 3885 et
687 3842 753 3885 cum
794 3825 931 3885 utralibet
962 3828 1106 3885 concurrit
1131 3824 1170 3885 ad
1200 3824 1433 3885 constituendum
1461 3826 1534 3884 beta
1562 3843 1632 3900 orae,

289 3908 356 3969 Diis
377 3911 494 3988 quidem
526 3914 669 3989 perpetim
690 3915 848 3985 assistens,
878 3914 988 3990 quippe
1011 3915 1061 3989 qui
1094 3930 1208 3989 sempor
1237 3913 1313 3972 idern
1336 3921 1421 3984 sunt,
1451 3912 1634 3972 namralibns

292 4012 361 4056 asro
383 4016 438 4058 neo
459 3999 595 4059 omnibus
617 4017 671 4059 nec
693 3999 867 4073 omnimoda,
890 4006 1009 4077 propter
1031 4002 1205 4060 contrariam
1228 4017 1328 4058 eorum
1351 3997 1556 4059 conditionem.

376 4107 449 4163 Nota
460 4107 521 4162 XII.
551 4108 628 4164 Haec
638 4108 759 4163 trisectio
770 4108 896 4164 desumta
908 4116 950 4163 est
961 4123 996 4162 ex
1013 4106 1187 4177 philosophia
1199 4106 1346 4174 Platonica,
1365 4121 1454 4162 rerum
1469 4109 1589 4162 omnium
1606 4109 1635 4163 in

290 4185 433 4254 naturalia,
446 4184 536 4240 divim
544 4192 573 4241 'et
582 4187 740 4243 intermedia
751 4188 953 4256 mathematica3
967 4187 1110 4256 dequibus
1122 4187 1184 4243 side
1195 4187 1321 4241 Proclum
1335 4188 1434 4242 Gomm.
1448 4186 1476 4241 in
1488 4185 1635 4242 Euclida·

219 4318 222 4323 .
291 4265 340 4321 lib.
350 4264 372 4318 I.
389 4262 550 4321 Amstoteles
562 4266 695 4321 naturalia
707 4267 735 4321 in
747 4274 820 4321 motu
834 4274 861 4320 et
873 4266 1021 4321 mutatione
1039 4266 1078 4320 ait
1089 4265 1198 4319 versam
1216 4265 1314 4322 Divina
1325 4282 1388 4322 vero
1402 4265 1549 4321 immobilia
1558 4265 1635 4336 heir,

291 4341 365 4414 quod
382 4340 426 4396 hic
443 4348 486 4396 est
507 4341 663 4398 Ptolemaeo
681 4362 784 4415 scatper
805 4362 867 4402 ease.
905 4346 1067 4400 (iurantem
1085 4344 1191 4399 bonitas
1209 4345 1307 4402 uiduis
1325 4345 1500 4409 adscribatur,
1518 4362 1573 4401 non
1592 4346 1636 4401 iti·

293 4422 353 4476 dem
372 4427 400 4474 et
425 4420 610 4489 naturalibus,
638 4428 666 4475 ot
691 4438 762 4491 quae
787 4423 831 4478 hic
848 4423 974 4493 cognatio
1002 4422 1099 4476 rationi
1117 4422 1214 4477 mentis
1241 4424 1375 4479 hnmanae
1392 4439 1453 4477 curn
1470 4422 1545 4494 Diis,
1572 4424 1637 4479 ride

294 4497 366 4567 apud
384 4498 557 4554 Aristotelem
575 4498 620 4553 lib.
638 4498 699 4554 ΧΠ.
717 4501 973 4571 Metaphysicorum.
1011 4502 1074 4555 Non
1092 4502 1162 4555 cuim
1180 4501 1287 4557 bouitas
1305 4502 1429 4559 absolute
1447 4510 1564 4572 negatur
1581 4503 1636 4572 ipsi

292 4591 348 4631 csse
370 4576 502 4647 naturali,
526 4577 574 4633 sed
592 4578 641 4647 iis,
672 4596 741 4649 quae
764 4582 828 4637 bate
852 4579 1063 4636 medicantur:
1091 4588 1121 4637 ut
1137 4580 1210 4650 ligno
1229 4596 1279 4637 sua
1297 4583 1415 4638 essentia
1433 4590 1476 4637 est
1492 4582 1636 4650 mturdis,

294 4669 403 4710 mensae
419 4672 483 4712 vero
500 4666 557 4712 tam
574 4659 718 4727 naturalis,
745 4657 824 4728 ligni,
852 4672 933 4728 qnam
950 4657 1113 4729 artificialis,
1140 4659 1243 4729 figurae
1267 4660 1404 4729 utensilia,
1430 4659 1470 4714 ita
1487 4666 1545 4714 tam
1568 4662 1636 4716 bene

294 4749 349 4789 essa
372 4750 452 4803 quam
473 4753 577 4807 reaper
598 4754 655 4794 carc
679 4738 877 4808 praesupponit
902 4736 1011 4807 aliquod
1027 4755 1093 4796 -essc
1120 4738 1243 4795 naturale
1269 4756 1318 4809 pro
1342 4737 1526 4793 fundamento.
1562 4737 1634 4807 Quin

294 4812 374 4865 etiarn
397 4813 424 4866 in
447 4814 507 4882 ipso
525 4831 628 4886 semper
645 4831 701 4872 esse
717 4816 789 4871 mest
814 4821 842 4871 et
868 4817 934 4872 heae
954 4831 1024 4887 aase3
1054 4816 1102 4873 sed
1126 4816 1154 4872 id
1173 4816 1285 4872 aloerins
1303 4816 1408 4888 generis
1426 4830 1507 4886 quam
1524 4817 1554 4872 in
1569 4817 1633 4872 har

295 4889 414 4946 manicis
448 4891 510 4947 Non
527 4902 600 4953 assu
616 4896 688 4952 enim
705 4896 814 4966 optimc,
830 4894 883 4951 uisi
900 4902 929 4952 at
945 4910 1053 4966 semper
1070 4902 1149 4953 esset
1175 4894 1248 4952 illud
1264 4910 1328 4951 uero
1347 4897 1412 4952 beor
1429 4912 1500 4964 csse,
1528 4895 1563 4951 da
1580 4910 1632 4966 quo
