3567 5625
286 405 350 466 354
802 392 951 452 Ptolemaei
968 393 1122 453 limmoth.

285 582 431 645 torumque
449 573 570 643 species,
593 587 661 640 quas
679 572 822 639 moratus,
845 583 915 642 quas
930 573 1024 642 lingna
1046 583 1100 627 non
1118 572 1241 642 pndpit
1277 571 1392 628 Puer-ills
1410 572 1493 640 igitur
1514 581 1558 628 est
1576 590 1638 628 con·

285 655 398 718 tractim
415 651 529 722 puerilis
546 651 760 706 accommodatio
777 652 881 707 numeri
895 669 1022 708 sensuum
1035 652 1069 706 ad
1083 665 1223 708 nnmerum
1236 652 1387 720 specierum
1405 652 1492 722 ipsius
1503 651 1639 721 diapente.

370 732 443 787 Nota
459 731 494 788 X.
530 731 592 785 Noa
614 728 749 784 absimilia
775 730 828 785 dici
852 741 966 801 possent
991 732 1025 786 de
1052 740 1157 800 septem
1180 731 1278 786 muniis
1302 731 1457 786 intellectus
1481 731 1517 786 sd
1534 739 1639 801 septem

285 812 391 881 species
409 811 542 880 diapason
561 809 779 866 accommodatis.
814 810 936 865 Primum
947 812 1026 878 enim,
1045 810 1254 879 imaginativast
1270 811 1384 880 eripitur
1396 810 1540 865 sensitivae
1552 817 1639 863 trans·

287 888 425 959 ferturque
443 890 478 945 ad
495 888 722 958 intellectualem,
749 905 847 945 sensus
865 906 921 944 non
939 897 1019 944 crum
1035 889 1154 957 minse,
1173 888 1223 943 sed
1239 905 1330 944 merae
1347 890 1490 957 passiones
1508 888 1638 956 corporis.

286 969 398 1038 Deinde,
415 976 446 1023 ut
463 970 584 1023 omittam
602 966 668 1036 alia,
686 966 757 1022 duae
777 968 916 1024 discursus
935 968 1041 1037 species
1059 973 1135 1035 snut,
1155 966 1276 1035 opinatio
1295 977 1323 1022 et
1340 968 1525 1030 ratiocinatio,
1544 977 1572 1020 et
1590 982 1640 1020 eae

284 1048 394 1117 quidem
412 1048 619 1115 subordinatas,
644 1062 699 1100 non
723 1049 860 1116 expressis
884 1049 1027 1117 limitibus,
1052 1046 1153 1102 nedum
1176 1047 1385 1114 quantitatibus,
1412 1055 1443 1102 ιι
1466 1047 1640 1101 harmonicae

283 1128 474 1197 proportiones
491 1127 649 1193 distinctae;
668 1125 738 1180 adeo
757 1133 784 1181 et
805 1128 927 1196 opinatio
945 1128 973 1181 in
991 1127 1056 1182 nitio
1075 1132 1125 1194 est,
1144 1125 1213 1179 adeo
1232 1135 1260 1180 et
1272 1127 1403 1195 perfectio
1415 1123 1638 1194 ratiocinationis,

284 1215 316 1262 ut
332 1205 467 1277 opinionis
486 1204 606 1261 scientia
642 1202 779 1259 Differuut
797 1205 850 1261 ista
869 1208 1018 1264 secundum
1036 1205 1121 1273 magis
1140 1212 1168 1259 ιι
1179 1205 1277 1272 minus,
1296 1205 1390 1274 logicis
1402 1204 1493 1273 potius
1512 1212 1541 1259 et
1552 1219 1639 1272 gram·

284 1288 390 1342 madum
409 1284 602 1342 vocabulorum
619 1282 869 1358 significationibus,
888 1300 970 1353 quam
987 1301 1078 1340 rerum
1095 1279 1216 1354 ipsarum
1233 1284 1332 1339 finibus
1346 1284 1500 1353 conspicuis
1512 1291 1540 1337 ιι
1552 1282 1638 1337 facul·

284 1366 386 1422 tatibus
405 1366 573 1422 naturafibns
592 1367 728 1423 distincta
764 1365 820 1420 Cur
840 1381 895 1420 uun
919 1365 990 1419 inter
1007 1363 1153 1421 facultates
1177 1371 1301 1419 recenset
1324 1364 1405 1418 etiam
1431 1362 1589 1422 stultitiam.
1613 1355 1636 1417 si

285 1453 325 1501 m
341 1445 444 1580 'alliga
461 1524 509 1580 XI.
546 1524 618 1579 Dum
641 1540 705 1579 vero
728 1522 826 1578 ιιιιιίι
849 1522 884 1576 ad
903 1522 1070 1578 Platonicam
1097 1523 1203 1577 ammae
1225 1519 1460 1586 distributionem,
1488 1537 1559 1589 quae
1582 1520 1640 1575 fere

251 1595 258 1614 ’
284 1604 372 1674 possit
394 1603 489 1659 haberi
512 1619 562 1673 pro
585 1601 770 1658 subdivisione
793 1600 904 1656 moralis
928 1600 1066 1656 facultatis
1089 1617 1137 1657 seu
1162 1599 1323 1669 voluntatis,
1351 1614 1385 1659 ex
1407 1599 1512 1654 intento
1531 1598 1639 1667 quidem

284 1680 420 1752 Platonis,
447 1682 500 1737 etsi
518 1680 691 1737 Ptolemaeus
709 1680 805 1734 miscet
828 1694 902 1735 mere
919 1678 1128 1750 intellectualia,
1155 1682 1271 1751 primum
1295 1694 1329 1733 ne
1348 1695 1381 1733 ea
1403 1680 1512 1748 qnidam
1531 1679 1640 1748 aliegat,

284 1775 354 1828 quae
372 1776 423 1815 nos
448 1775 532 1829 supra
554 1775 588 1814 ex
611 1759 740 1829 Platone,
763 1759 862 1815 deiude
885 1761 1004 1828 explicat
1026 1761 1054 1815 in
1071 1768 1163 1829 parte,
1191 1759 1265 1829 quod
1291 1766 1334 1812 est
1354 1758 1479 1813 omnibns
1498 1771 1640 1812 comune

285 1838 522 1895 distributionibus
541 1837 635 1903 animi,
663 1837 736 1905 quod
755 1838 869 1893 virtutes
886 1838 1071 1907 respondeant
1094 1839 1247 1908 concinnis,
1275 1838 1341 1892 vitia
1358 1838 1541 1905 mconcinnis3
1569 1852 1640 1905 quae

285 1918 488 1988 gonmalissima
504 1917 637 1982 nmmum,
654 1916 719 1971 boni
736 1932 774 1974 sc.
794 1924 822 1971 ιι
843 1916 907 1970 ιιιίἰ
925 1918 1104 1984 comparatio,
1124 1925 1166 1971 est
1183 1932 1218 1972 ex
1237 1926 1353 1985 utroque
1371 1933 1478 1987 gauere.

329 1999 338 2012 ⁸
371 1998 444 2053 Nota
460 1996 522 2051 xll.
557 1993 633 2062 Quas
656 2010 720 2048 vero
746 1994 925 2051 facultatibus
950 1994 1079 2049 irascibili
1103 2003 1131 2051 et
1153 1995 1357 2066 concupiscibili
1380 1998 1501 2066 assignat
1526 1999 1641 2072 species,

284 2093 346 2144 eae,
364 2076 541 2143 inquantum
559 2072 595 2126 ad
611 2073 687 2141 ipsas
704 2073 850 2163 ιιιιιὶιιιι,
868 2081 959 2128 motus
977 2081 1055 2142 sunt,
1074 2076 1223 2131 secuudum
1242 2093 1310 2144 quns
1329 2077 1485 2145 agnoscitur
1502 2074 1642 2146 quaelubet

284 2155 414 2225 facultas,
436 2161 468 2209 ut
484 2168 548 2207 vero
567 2151 611 2206 hic
629 2151 834 2220 deambuntur,
859 2160 925 2208 sunt
947 2153 1038 2222 potius
1065 2156 1179 2210 virtutes
1202 2157 1309 2211 mimae
1334 2156 1475 2212 rationalis
1497 2157 1570 2211 drea
1593 2156 1641 2211 dn·

283 2235 396 2292 mmdos
414 2241 443 2288 ιι
460 2231 594 2301 regendos
611 2230 662 2286 bos
680 2238 784 2297 motus,
809 2248 870 2286 cum
887 2240 980 2287 tamen
1002 2233 1030 2287 in
1053 2233 1106 2289 boc
1124 2236 1213 2304 capite
1230 2235 1402 2290 Ptolemaeus
1420 2233 1509 2290 adhuc
1532 2241 1639 2289 tautum

284 2314 403 2383 deipsis
421 2310 598 2366 facultatibus
616 2317 688 2379 agat.
724 2310 785 2364 Etsi
808 2310 879 2364 euim
897 2310 983 2366 utitur
1000 2311 1102 2367 voculis
1121 2311 1214 2383 ἅρπη,
1243 2334 1333 2381 wau,
1357 2312 1524 2382 intelligendi
1549 2321 1640 2368 tamen

284 2402 349 2450 sunt
366 2407 421 2448 non
438 2391 549 2446 babitus
566 2387 761 2444 exercitatione
779 2388 937 2457 comparati
956 2388 1004 2443 sed
1022 2389 1157 2460 principia
1173 2393 1267 2462 potins
1285 2393 1320 2448 ad
1338 2392 1414 2461 illos,
1432 2391 1570 2448 naturales
1589 2393 1640 2446 sci·

285 2473 350 2529 licet
374 2471 514 2543 potentiae
536 2477 564 2523 et
585 2465 769 2537 impotentiae.
806 2466 882 2520 Haec
908 2467 947 2521 ris
974 2476 1018 2523 est
1041 2469 1199 2528 Graecismi.
1236 2472 1291 2527 Sed
1314 2479 1404 2527 tanim
1427 2473 1532 2527 videtin
1550 2468 1640 2524 Ptole·

283 2565 377 2605 maeus
395 2550 447 2606 bac
464 2545 687 2616 aequivocatione
706 2560 735 2600 sa
753 2544 844 2612 ipsum
862 2546 1038 2603 confundere.
1075 2549 1299 2618 Concupiscibilis
1316 2560 1390 2607 certe
1403 2567 1456 2606 non
1469 2557 1568 2620 potest,
1586 2563 1641 2616 qua

283 2629 355 2699 talis,
373 2645 429 2684 non
446 2633 538 2697 potest
555 2623 607 2678 nisi
625 2623 702 2692 sequi
720 2623 892 2696 voluptates,
910 2628 985 2696 quod
1004 2628 1027 2682 si
1044 2628 1153 2684 desinat
1171 2629 1275 2690 facere.
1297 2629 1536 2701 concupiscibilem
1554 2626 1640 2694 facul·

198 2747 202 2758 .
281 2717 366 2764 tatem
384 2707 483 2763 desinit
501 2718 637 2770 sumcere,
656 2716 706 2756 nec
724 2702 807 2757 habet
821 2703 963 2773 judicium,
982 2723 1037 2775 qua
1056 2706 1134 2776 talis,
1153 2707 1218 2775 quid
1236 2716 1317 2778 turpe
1334 2711 1383 2778 sit,
1401 2710 1466 2779 quid
1484 2709 1640 2780 honestum,

284 2786 332 2843 sed
350 2786 440 2842 solum
458 2784 522 2855 quid
541 2798 633 2851 suave,
651 2780 717 2849 quid
734 2782 920 2852 injucundum.
957 2785 995 2841 Et
1012 2786 1107 2855 virtus,
1126 2802 1197 2856 qnae
1215 2789 1379 2845 verecundia
1397 2789 1438 2843 vel
1456 2804 1525 2858 quae
1537 2797 1640 2855 tempe·

282 2866 372 2922 ιιιιίι
388 2865 496 2934 dicitnr,
514 2863 641 2920 definitur
658 2876 687 2915 re
705 2870 819 2929 utraque
842 2871 870 2919 ut
886 2865 1022 2933 positione
1039 2865 1196 2934 cupiditatis
1222 2868 1328 2936 eteius
1346 2868 1530 2923 dominatione
1553 2874 1582 2919 et
1599 2880 1640 2919 re

282 2945 381 3014 gimiue
405 2942 554 2999 secuudum
576 2949 678 2996 rectam
697 2938 836 2997 rationem.
873 2945 994 2999 Laborat
1017 2954 1046 2999 et
1070 2946 1205 3000 ternarius
1224 2947 1303 3008 vitio,
1323 2947 1396 3018 quod
1423 2947 1581 3016 plerumque
1600 2944 1639 3001 fit

284 3027 308 3082 si
333 3024 555 3081 constitutionem
582 3037 672 3077 rerum
691 3021 914 3088 comparabilium
936 3022 997 3092 ipsa
1019 3023 1195 3092 comparandi
1215 3025 1349 3094 cupiditas
1366 3032 1526 3080 antevertat
1561 3023 1641 3077 unse

283 3103 392 3177 quidem
414 3110 477 3159 sunt
500 3102 602 3156 classes
626 3097 818 3168 cupiditatum,
842 3116 927 3156 venus
953 3110 982 3156 et
1004 3101 1075 3171 gula.
1098 3110 1127 3156 ιι
1144 3103 1306 3158 uerecundia
1329 3104 1434 3172 seueri,
1460 3101 1640 3172 temperantis

282 3182 365 3253 gulae
386 3190 461 3237 recte
482 3180 650 3251 praeficitur,
674 3175 722 3231 sed
746 3176 771 3231 ci
792 3194 849 3233 nou
871 3179 991 3251 legitime
1016 3179 1175 3249 adjungitur
1197 3182 1329 3250 patientia
1352 3181 1395 3235 vel
1418 3181 1587 3237 continentia
1612 3181 1639 3234 in

283 3261 460 3321 uastitatibns
482 3276 531 3315 seu
555 3260 626 3316 fame
649 3266 678 3313 et
699 3254 753 3309 siti.
788 3256 859 3311 Nam
883 3274 917 3313 ex
940 3276 996 3314 una
1018 3259 1089 3315 duae
1113 3259 1183 3314 fiunt
1205 3261 1355 3317 secundum
1381 3262 1467 3329 magis
1490 3269 1518 3315 et
1540 3262 1639 3325 minus,

282 3346 438 3409 temperans
456 3354 493 3394 sc.
511 3338 609 3394 fruitur
625 3341 745 3411 modice,
769 3339 892 3394 estimans
911 3355 975 3395 vero
998 3348 1026 3395 et
1044 3341 1140 3396 sitiens
1158 3357 1212 3394 non
1230 3341 1343 3409 fruitur,
1367 3348 1486 3395 autnon
1505 3346 1639 3407 quantum

283 3433 352 3489 opus
370 3417 462 3474 babet
497 3420 534 3473 lit
551 3426 616 3474 tunc
639 3435 669 3474 se
693 3420 848 3489 despectam
870 3417 944 3474 dicet
961 3419 1056 3475 Venus
1072 3418 1290 3488 indignabunda,
1315 3419 1359 3476 cui
1382 3426 1490 3489 praeter
1508 3433 1639 3472 verecun-

284 3496 354 3553 diam
373 3497 545 3566 eodem¹jure
564 3497 658 3554 debuit
674 3498 786 3568 adjtmgi
804 3498 955 3568 virginitas,
973 3498 1092 3567 ιιιιίιιι,
1111 3498 1277 3554 ιοιιίιιιιίι
1294 3497 1423 3552 maritabs
1441 3503 1493 3551 etc.
1529 3496 1574 3550 Ita
1592 3495 1639 3567 liet

281 3577 470 3647 quaternarius
488 3593 537 3645 pro
556 3579 683 3633 ternario.
720 3578 756 3634 Ut
774 3594 829 3633 non
847 3577 945 3646 dicam,
963 3578 1037 3653 quod
1054 3593 1141 3646 genus
1167 3574 1390 3639 transsceuditur‚
1409 3575 1472 3631 dum
1489 3574 1524 3629 de
1543 3575 1640 3643 uolup-

280 3656 382 3711 tatibus
401 3655 566 3725 specialibus
581 3657 694 3727 agimus,
713 3665 742 3713 et
757 3657 865 3713 intamm
879 3657 915 3712 ad
928 3656 1049 3713 dolorem
1062 3658 1224 3729 generalem,
1243 3657 1290 3726 qui
1301 3656 1511 3713 destructionem
1522 3662 1639 3710 naturae

282 3733 412 3805 continet,
437 3735 593 3790 transimus.
630 3736 755 3804 Denique
781 3751 837 3792 nnn
861 3737 916 3791 tris
933 3735 1103 3793 diatessaron
1127 3736 1271 3793 intervalla
1292 3737 1397 3792 faciunt
1419 3751 1520 3804 genera
1537 3734 1634 3804 volup

283 3814 348 3867 tatis
366 3822 393 3869 et
411 3815 528 3884 doloris,
553 3815 602 3870 sed
624 3815 687 3884 ipsa
704 3824 806 3871 natura
824 3815 957 3886 corporis.
993 3816 1063 3871 Nam
1086 3817 1121 3872 sd
1143 3816 1351 3874 sustentandum
1384 3815 1412 3870 id
1435 3814 1497 3883 gula
1519 3820 1576 3880 est,
1601 3813 1636 3867 ad

281 3895 399 3964 speciem
417 3893 476 3962 ejus
493 3890 809 3963 propagandamvsnus.
846 3897 909 3951 Duo
932 3896 986 3952 ista
1012 3913 1172 3953 conservare
1190 3913 1290 3967 corpus
1313 3904 1342 3952 ιι
1359 3895 1477 3965 speciem
1495 3893 1555 3961 eius
1575 3908 1636 3961 pru·

280 3990 383 4046 pagara
400 3990 456 4028 unu
473 3973 604 4029 desumsit
621 3981 727 4029 creator
745 3991 778 4030 ex
797 3976 955 4046 harmoniis,
973 3986 1066 4032 essent
1082 3977 1153 4033 enim
1170 3977 1250 4046 plura
1268 3990 1393 4043 numero,
1413 3980 1443 4028 ut
1460 3979 1525 4028 sunt
1542 3969 1637 4042 plnres

281 4053 446 4121 monae,
460 4050 509 4106 sed
522 4067 556 4106 ex
568 4052 629 4120 ipsa
638 4067 728 4107 rerum
742 4054 898 4109 conditione
907 4054 1133 4124 mortalitatisque
1145 4055 1345 4110 consociatione
1354 4067 1415 4108 cnm
1423 4050 1635 4107 immortalitate.

367 4133 442 4188 Nota
459 4132 534 4187 xlii
569 4132 602 4187 lu
618 4140 736 4201 quatuor
752 4132 895 4189 irmcibilis
913 4133 1059 4188 virtutibus
1071 4150 1121 4189 seu
1133 4133 1282 4189 secundum
1294 4148 1337 4186 me
1349 4130 1535 4199 facultatibus,
1556 4145 1636 4200 prae·

281 4220 405 4282 terquam
428 4211 502 4281 quod
520 4210 615 4266 ιιᾶιιι
632 4211 686 4268 dici
703 4219 821 4281 possunt
838 4211 872 4266 de
890 4210 943 4279 ira,
962 4219 1045 4278 metu,
1062 4212 1172 4281 timore,
1194 4211 1303 4277 dolore,
1328 4209 1398 4266 adde
1423 4216 1451 4264 et
1472 4208 1636 4264 vmecnndia

281 4309 332 4353 seu
347 4290 452 4362 pudore
469 4306 617 4360 eorumque
634 4291 748 4346 rectrice
766 4290 879 4357 radone,
898 4287 965 4343 illud
983 4305 1091 4344 rursum
1109 4293 1243 4352 occurrit,
1263 4290 1350 4361 quod,
1369 4305 1440 4358 quae
1457 4296 1523 4345 srmt
1540 4304 1634 4356 unum,

281 4369 368 4426 divisa
385 4369 430 4425 hic
447 4380 595 4439 apparent.
629 4368 811 4423 Tolerantiam
829 4366 901 4422 enim
920 4365 1043 4420 laborum
1066 4367 1112 4424 hic
1128 4370 1211 4427 infert
1233 4379 1261 4425 ct
1279 4386 1361 4440 snpra
1378 4370 1537 4439 patientiam
1561 4369 1635 4424 dolo

280 4467 354 4519 rum,
376 4466 438 4506 cnm
454 4448 532 4503 labor
549 4463 604 4503 nou
621 4447 702 4503 aliam
721 4448 756 4505 ob
774 4464 832 4503 rem
850 4444 1009 4501 tolerandus
1027 4445 1145 4517 dicatur,
1167 4466 1247 4519 qnam
1271 4450 1336 4518 quia
1358 4447 1440 4503 dolet
1476 4447 1514 4502 Et
1532 4465 1590 4519 qna
1607 4464 1634 4504 re

283 4529 374 4585 differt
390 4528 523 4584 fortitudo
541 4528 576 4583 ab
593 4528 773 4596 animositate,
791 4528 845 4584 nisi
862 4541 904 4593 eo,
923 4523 995 4593 qnod
1014 4523 1114 4579 malum
1133 4527 1274 4584 imminens
1291 4527 1337 4583 hic
1353 4527 1485 4582 incertum
1504 4536 1562 4595 est,
1580 4527 1634 4582 illic

282 4615 398 4677 certum3
417 4607 530 4663 adderet
548 4606 646 4676 aliquis
664 4606 709 4662 hic
727 4606 848 4662 futurum
865 4602 922 4658 illic
938 4616 1076 4672 praesens,
1095 4605 1140 4661 hic
1157 4607 1272 4663 militare
1290 4607 1346 4663 illic
1358 4604 1443 4676 civda,
1461 4621 1533 4674 qnae
1544 4607 1634 4661 omnia

281 4685 519 4742 distinctiunculse
538 4694 614 4745 sunt.
636 4685 755 4754 speciem
772 4687 859 4754 ipsam
877 4697 928 4737 suu
944 4681 1104 4738 facultatem
1125 4702 1181 4740 non
1203 4687 1364 4756 alterantes,
1386 4694 1488 4742 utnon
1508 4685 1633 4742 inventas

281 4764 428 4820 facultates
446 4772 586 4834 comparet
601 4772 712 4832 auctor,
735 4762 783 4818 sed
802 4768 916 4832 quaerat
932 4762 1025 4830 potius
1043 4762 1159 4821 sollicite
1171 4776 1200 4822 et
1216 4767 1297 4836 plana
1309 4766 1539 4831 comminiscatur,
1560 4761 1632 4834 qnod

281 4857 438 4914 comparare
454 4843 550 4914 possit
586 4844 624 4900 Et
641 4842 774 4899 bactenm
792 4841 935 4897 facultates
953 4841 1024 4912 illae,
1042 4859 1113 4912 quae
1130 4855 1272 4903 versantur
1289 4848 1362 4902 circa
1378 4844 1495 4901 morales
1507 4845 1631 4901 virtutes.
