3567 5625
269 471 311 535 ὁὶ
645 418 916 544 Epistolaslteplcfi
934 473 1101 544 aliorumque
1118 479 1231 530 numae

268 646 359 697 'i'erraa
376 659 462 698 rursus
480 649 642 716 obsistentes,
665 647 710 699 aad
727 659 772 713 par
788 641 914 700 iriscitiam
934 651 1074 715 complures
1092 649 1237 715 opinionem
1255 650 1287 700 da
1303 650 1384 711 genis
1402 648 1623 713 profundissimam

270 722 339 767 tuam
357 719 465 768 evellere
483 720 646 770 connitertaa
683 718 915 787 Quomodoeunqne
932 735 971 772 rea
989 735 1043 771 seaa
1061 722 1189 786 habuerit,
1207 726 1236 770 tu
1253 721 1302 771 tibi
1320 720 1430 769 nominis
1447 720 1623 772 immortalita-

269 793 347 838 tatam
365 790 547 852 comparuerit
564 794 590 838 at
607 803 652 851 ego
670 794 728 839 tuus
747 795 887 854 opportune
905 793 1048 855 explorator
1070 805 1126 857 ero,
1150 792 1255 854 relator,
1275 796 1413 856 protector,
1436 804 1534 856 semper
1551 804 1623 840 rarus

268 859 363 909 amicus
389 865 414 908 et
437 873 529 909 servus.
562 859 703 909 Animalem
724 861 868 910 facultatem
886 862 914 911 in
938 862 1067 912 elementis
1091 874 1196 924 ponere,
1221 861 1367 926 praesertim
1385 861 1411 908 in
1430 860 1519 918 Terra,
1544 853 1572 908 ut
1595 865 1633 936 tq

268 928 339 991 tacis,
358 930 449 979 scimus
468 930 585 995 antiquos
597 930 732 979 nonnullos
745 932 902 982 contendisse
914 932 1087 997 philosophos.
1118 930 1163 980 Sin
1181 943 1238 981 aero
1256 931 1337 996 nobis,
1355 932 1476 994 quoniam
1488 929 1622 979 Christiani

268 1011 362 1062 sumus,
381 999 441 1047 haec
459 1004 485 1048 et
502 999 595 1048 similla
612 1001 735 1063 speculari
753 1001 925 1066 interdicitur.
944 1013 1076 1066 pessuma
1094 1002 1126 1050 ab
1144 1002 1256 1051 acuendo
1273 1001 1374 1061 ingenio
1391 999 1510 1049 desinere
1533 1005 1559 1049 et
1581 1002 1622 1048 lu—

267 1070 339 1117 mina
355 1070 447 1119 mentia
462 1071 635 1135 exstinguere,
657 1071 798 1134 penetralia
822 1072 956 1122 abbonera
977 1077 1081 1122 naturae
1104 1076 1130 1120 at
1155 1074 1272 1122 sulutem
1296 1072 1476 1135 unitatemque
1499 1076 1623 1134 tanquam

267 1145 390 1188 mortuam
407 1140 550 1190 recondere.
585 1141 666 1201 lqitur
682 1141 744 1206 quid
763 1141 790 1192 in
807 1140 856 1190 hoo
872 1144 1003 1207 proposito
1022 1148 1159 1208 exspectas,
1176 1149 1206 1192 ut
1222 1143 1271 1191 tibi
1289 1155 1334 1202 ago
1347 1141 1529 1203 respondeam?
1547 1140 1622 1201 Quod

267 1210 430 1270 cogitationes
448 1211 576 1259 mirabiles
594 1224 644 1259 non
657 1224 755 1259 enarres
773 1205 849 1264 tues!
880 1211 964 1278 Quod,
982 1214 1044 1277 qula
1057 1211 1207 1261 documenta
1225 1226 1276 1276 non
1294 1212 1369 1260 facile
1382 1211 1481 1274 capient
1493 1216 1535 1258 tua
1548 1212 1622 1259 rudes

267 1283 292 1327 at
310 1278 413 1341 indocti,
431 1284 459 1328 tu
476 1285 609 1344 propterea
626 1281 751 1343 sapientes
768 1293 819 1329 non
837 1285 918 1343 megla
937 1283 1058 1332 edoceas?
1082 1283 1231 1336 Aristoteles
1243 1282 1405 1342 Physlcorum
1424 1282 1503 1329 libros
1521 1293 1571 1329 non
1590 1280 1621 1328 ad

266 1349 388 1398 stolidum
405 1347 524 1399 Graeciae
542 1350 659 1415 vulgrsm,
682 1349 727 1399 sed
749 1350 779 1398 ad
798 1353 948 1416 praecipuos
966 1353 1120 1401 Athenarum
1140 1352 1303 1415 philosophos
1321 1351 1434 1413 scripulu
1457 1351 1494 1400 sic
1518 1355 1547 1398 tu
1570 1363 1621 1399 non

266 1421 413 1481 wiuaribus
432 1420 562 1469 homiuihu
604 1421 740 1486 quodiam
758 1420 831 1469 rideo
850 1427 875 1470 te
892 1425 976 1486 ipsum
993 1423 1112 1472 anuohae
1128 1423 1158 1471 in
1174 1428 1221 1472 tua
1231 1421 1404 1471 admonitione
1422 1420 1455 1468 ad
1465 1421 1620 1482 bibliopolas

266 1494 298 1551 (v.
317 1504 337 1540 a.
356 1504 382 1553 p.
402 1490 417 1538 Β
438 1495 462 1540 et
474 1487 532 1556 60).
550 1436 626 1553 pfll'ena
643 1491 814 1556 eloquentiae,
832 1491 910 1554 plena
925 1494 1058 1554 provintia
1076 1496 1101 1541 et
1119 1493 1256 1557 religionis.
1292 1490 1376 1540 hictus
1394 1490 1484 1540 Terrae
1502 1492 1524 1539 si
1543 1505 1621 1554 parvo

265 1561 366 1620 negotio
383 1565 427 1609 aut
445 1573 476 1609 ex
494 1560 603 1610 siderum
622 1562 715 1625 positu,
733 1565 777 1608 aut
794 1574 826 1609 ex
838 1563 913 1611 maris
925 1564 1003 1625 fluxu,
1021 1567 1065 1610 aut
1082 1575 1112 1610 ex
1130 1563 1215 1611 insitis
1228 1561 1317 1627 canda,
1336 1567 1381 1608 ant
1393 1574 1423 1609 ex
1436 1561 1621 1610 mathematicis

265 1629 407 1679 rationibus
426 1631 571 1692 conjicitur,
597 1631 754 1680 facilioribus
772 1635 798 1679 et
814 1631 980 1695 amplioribus
998 1634 1150 1694 argumentis
1169 1632 1275 1681 tacultas
1293 1631 1410 1679 animalis
1427 1633 1575 1694 probabitur
1593 1632 1620 1679 ln

264 1699 330 1762 ipsa.
367 1699 447 1765 Atqui
465 1701 540 1749 etiam
558 1702 580 1749 ai
599 1700 673 1749 Tarra
691 1715 741 1749 uon
759 1707 910 1767 moveretur,
934 1704 1043 1752 ratiorm
1066 1715 1118 1750 non
1136 1702 1269 1751 deficerem
1291 1714 1337 1763 pro
1355 1701 1457 1749 animali
1475 1714 1521 1749 sna
1538 1702 1619 1750 tacul-

264 1774 325 1818 tate.
360 1770 400 1818 Ex
419 1770 512 1835 quihus
529 1770 635 1820 allorum
652 1772 791 1820 nonnullae
808 1773 984 1822 citationibus
1001 1773 1052 1821 tuis
1069 1773 1244 1835 insererentur,
1262 1770 1354 1821 radioli
1372 1777 1456 1820 ment
1472 1772 1621 1820 subobscuri

264 1853 322 1889 oum
340 1840 485 1889 cladsaimls
509 1841 560 1889 tula
583 1840 722 1890 luminibus
746 1842 871 1903 permixti.
908 1841 1050 1907 „Cedamus
1067 1842 1169 1892 Phoebo
1187 1847 1212 1891 et
1230 1841 1319 1890 moniti
1337 1840 1441 1889 meliora
1458 1837 1619 1914 aequamur“.

263 1909 363 1959 mitam
381 1923 436 1959 cras
453 1910 599 1959 acceraltum
617 1910 781 1973 bibliopolam
799 1916 825 1959 et
841 1912 915 1961 illum
934 1913 1079 1962 conveniam
1097 1911 1128 1961 de
1139 1909 1331 1975 Ephemeridum
1344 1910 1502 1975 aliorumque
1520 1917 1620 1959 tuorum

262 1979 383 2029 librorum
401 1993 510 2030 numero.
546 1981 674 2045 inquiram
700 1994 863 2046 quaecunque
881 1982 986 2032 mandas
1008 1989 1034 2031 et
1052 1982 1082 2030 da
1100 1984 1217 2032 omnibns
1234 1987 1259 2030 ta
1276 1983 1364 2043 postea
1381 1993 1456 2045 quam
1475 1980 1618 2041 diligentis·

263 2051 325 2098 sime
342 2050 431 2099 mum
449 2052 587 2103 amtorem.
625 2051 704 2114 Libri,
722 2064 786 2116 quoa
802 2051 834 2099 ad
851 2065 891 2101 me
908 2053 1002 2120 mittis,
1020 2052 1103 2102 wine
1118 2054 1146 2102 in
1163 2055 1253 2102 itinere
1270 2056 1342 2110 sunt3
1368 2063 1429 2099 auro
1447 2052 1542 2100 ornabo
1560 2051 1619 2099 illos

262 2125 290 2169 et
305 2120 345 2169 illl
362 2122 473 2170 animum
490 2120 641 2170 inaurabuut
657 2133 741 2170 meum
754 2158 762 2175 .
781 2155 789 2170 .
807 2158 814 2171 .
833 2158 840 2172 .
1072 2121 1076 2134 “
1509 2155 1512 2166 ,

350 2189 449 2240 iiarcua
467 2191 593 2246 Antonius
610 2189 641 2239 da
659 2190 775 2242 Dominio
793 2191 863 2253 risit,
881 2197 908 2242 et
925 2193 996 2258 vivit,
1011 2196 1040 2241 ut
1057 2196 1083 2241 et
1100 2205 1159 2244 auos
1177 2195 1282 2241 conatus
1300 2195 1325 2240 et
1343 2195 1414 2239 tuum
1432 2193 1619 2254 prognosticum

263 2257 375 2323 impleat.
412 2261 469 2310 Vox
488 2274 588 2325 quoque
606 2261 648 2310 hio
666 2264 731 2323 erat,
749 2261 821 2310 illum
840 2263 946 2330 obiisse,
970 2261 1014 2311 aed
1032 2276 1064 2310 aa
1081 2259 1177 2310 nitlmis
1194 2261 1274 2310 literis
1293 2260 1399 2309 oratoris
1417 2261 1496 2310 nostrl
1516 2262 1540 2310 in
1560 2261 1618 2309 Bri·

262 2333 349 2380 tanula
366 2331 431 2382 nihii
448 2335 494 2380 est.
533 2330 725 2391 Prognosticnm
743 2335 815 2380 tuum
832 2331 864 2380 de
881 2333 968 2397 aliquo
985 2332 1156 2381 haeresiarcha
1169 2332 1222 2393 jam
1240 2333 1295 2380 vice
1313 2331 1407 2379 oraculi
1419 2343 1500 2393 pono,
1519 2333 1618 2380 amausi

262 2401 375 2451 nondum
393 2401 510 2468 legerim,
536 2400 602 2448 nihii
626 2401 693 2449 enim
706 2401 739 2449 tu
756 2402 820 2450 mihi
838 2401 931 2450 rideris
954 2404 1009 2452 sine
1034 2402 1132 2451 tortiori
1155 2402 1242 2468 aliqua
1265 2403 1362 2450 ntlone
1385 2400 1464 2465 loqui.
1501 2401 1575 2460 Quod
1593 2403 1618 2450 ai

262 2484 348 2522 omnes
365 2473 401 2520 ita
419 2471 540 2535 tacerent,
564 2483 615 2519 non
631 2475 671 2519 tot
688 2476 833 2521 amanum
853 2472 986 2522 tutiiitabas
1009 2478 1035 2523 at
1052 2472 1173 2524 tailarlaa.
1192 2498 1226 2508 -
1244 2473 1307 2522 Vale
1325 2471 1371 2519 Vir
1388 2472 1573 2534 sepientiaaime
1591 2477 1618 2521 et

262 2540 316 2591 dias
334 2555 409 2603 super
427 2541 482 2589 dias
500 2541 569 2590 Deua
586 2540 616 2592 0.
635 2539 669 2589 li
688 2540 799 2602 adiiciat.
836 2541 949 2591 Venetiia
966 2543 1032 2605 prid.
1051 2542 1089 2592 id.
1107 2540 1182 2600 Mart,
1202 2539 1279 2595 1619.

348 2621 394 2670 ilia
407 2617 564 2682 Keplerua
581 2619 710 2683 respondit
727 2621 817 2682 paucis
835 2621 919 2670 verbis
935 2620 1041 2682 poatrid
1058 2620 1098 2673 ld.
1109 2621 1205 2683 Aprilis
1224 2616 1304 2673 1619:
1327 2611 1375 2702 111.
1400 2611 1514 2672 Comes.
1565 2610 1620 2670 Li-

259 2707 336 2762 teras
358 2707 425 2760 tuas
447 2701 548 2777 accepi
570 2716 596 2761 c.
618 2698 706 2760 finem
720 2699 828 2775 Martii,
852 2701 1021 2762 ineuntibus
1043 2699 1179 2760 nundinis
1196 2702 1314 2781 nostris,
1337 2715 1413 2776 qnae
1433 2698 1529 2760 solent
1552 2717 1618 2760 esse

259 2797 401 2867 perquam
432 2785 639 2849 tumultuosae.
691 2785 774 2866 Quae
796 2789 884 2867 igitur
905 2786 954 2853 111.
982 2788 1071 2866 Dign.
1094 2787 1160 2849 'ina
1186 2788 1272 2868 petiit
1294 2792 1432 2863 (cuculum
1441 2793 1617 2856 analogicum

260 2883 294 2932 ao
311 2872 414 2944 caicato
432 2879 538 2932 elenchi
555 2884 741 2952 pennensem),
764 2879 863 2938 statim
885 2884 919 2937 ut
940 2878 1024 2956 potui
1037 2876 1140 2939 effecta
1154 2875 1233 2956 dadi,
1255 2893 1331 2954 quae
1354 2877 1479 2953 accipiet
1500 2873 1619 2950 adjecta

260 2962 370 3024 charta.
411 2958 502 3023 Plura
524 2979 601 3023 nunc
623 2963 653 3022 in
677 2964 769 3024 turbis
783 2965 978 3025 nundinarum
993 2980 1118 3042 nequeo.
1164 2963 1250 3023 Addo
1272 2963 1404 3025 residuas
1418 2964 1542 3042 paginas
1564 2979 1617 3022 us·

260 3067 317 3127 qne
339 3048 378 3111 ad
400 3047 487 3110 fluam
509 3048 577 3110 libri
591 3048 647 3124 V.,
670 3047 744 3112 liber
759 3051 784 3112 1.
808 3060 837 3113 et
853 3051 892 3111 il.
918 3051 1164 3133 propediemsnb
1186 3051 1299 3130 prelum
1321 3038 1460 3112 mittetur.
1498 3048 1545 3110 De
1560 3067 1617 3129 ap·

258 3136 382 3216 pandiae
404 3154 475 3198 vero
497 3136 568 3198 mihi
590 3139 772 3199 renunciavit
794 3139 1005 3220 typographus
1042 3138 1147 3217 Itaque
1169 3141 1267 3217 cogito
1288 3139 1370 3201 iliam
1392 3138 1507 3198 mittere
1523 3137 1618 3197 Fran·

258 3225 411 3289 ooiurtunu
457 3225 533 3287 Vale
555 3225 655 3288 Decus
669 3224 850 3289 Nobilitatis.
1163 3296 1165 3301 ,

1169 3312 1278 3374 Illustr.
1302 3313 1340 3374 D.
1363 3311 1399 3372 Τ.
1423 3312 1572 3374 officiosus

1271 3399 1305 3462 J.
1329 3398 1488 3477 Keplcrue.

348 3527 524 3581 lilanchna
550 3532 578 3581 ln
602 3531 682 3580 literis
701 3529 725 3579 d.
745 3527 768 3582 1.
785 3529 843 3580 lau.
867 3526 939 3581 teto
968 3530 1049 3579 amice
1071 3529 1207 3592 exprobrat
1231 3528 1340 3590 liepiero
1365 3528 1494 3578 silentium
1517 3529 1618 3579 dintur-

258 3612 327 3665 uum,
347 3599 444 3651 addens
461 3602 554 3651 librum
573 3600 673 3666 (Parere
696 3602 794 3650 interno
816 3601 864 3649 uili
887 3602 1009 3650 emactari
1032 3602 1078 3649 che
1099 3613 1164 3648 sono
1185 3612 1258 3660 sopra
1282 3600 1381 3649 manico
1404 3600 1446 3649 del
1463 3598 1565 3649 mitella
1583 3600 1616 3649 da

258 3669 283 3719 8.
301 3670 386 3720 Pietrc
405 3668 467 3737 etc.)
493 3685 585 3737 „quem
607 3678 693 3721 uoatra
717 3672 808 3721 excudi
827 3670 981 3721 desiderarit
997 3667 1166 3734 respublicas
1204 3670 1327 3730 lieplerua
1345 3670 1384 3719 his
1402 3668 1501 3732 culpam
1519 3667 1616 3719 silentii

257 3748 347 3797 diluit:
365 3741 566 3811 illustrissime
581 3742 695 3805 Comes.
735 3742 782 3802 ab
804 3743 842 3800 iis
862 3740 966 3817 literis,
990 3758 1064 3819 quas
1087 3740 1160 3820 prid.
1177 3738 1221 3799 id.
1237 3739 1336 3800 Martii
1360 3760 1387 3800 a
1415 3743 1496 3801 1619
1519 3743 1615 3820 scrip-

258 3830 330 3902 sisti,
354 3831 461 3907 prlmas
483 3847 561 3891 nnnc
582 3831 694 3910 accipio
717 3828 779 3889 Cal.
803 3827 873 3890 Jan.
902 3829 985 3889 1620
1009 3831 1150 3905 signatas.
1196 3827 1269 3887 Cum
1292 3830 1369 3888 enim
1398 3835 1542 3889 mercator
1562 3828 1615 3888 ille

257 3914 408 3996 Venetus,
429 3915 560 3995 Schoper
582 3916 696 3995 dictus,
726 3915 858 3993 ejusdem
880 3919 1050 3979 mercatoris
1072 3915 1234 3976 Wolscnsis
1257 3919 1377 3992 nogotia
1400 3915 1534 3977 Venetiie
1556 3933 1614 3994 ge·

255 4011 316 4075 rat,
345 4003 429 4080 cujus
457 4007 576 4082 negotia
599 4003 692 4067 Lincii
722 4006 797 4080 gerit
819 3996 1061 4083 Pergheimetus,
1088 4003 1192 4080 planus
1223 4020 1278 4080 ago
1301 4002 1502 4065 admirationis
1523 4021 1614 4084 super

257 4097 309 4150 tuo
330 4090 448 4152 silentio
471 4091 603 4168 quotidie
625 4093 685 4152 tere
707 4094 819 4151 accessi
841 4099 995 4171 rogatum,
1025 4107 1096 4150 num
1118 4089 1189 4168 quid
1210 4090 1344 4152 Venetiis
1373 4094 1519 4172 acceperit
1540 4091 1613 4153 lite·

255 4195 367 4259 rurum,
397 4179 518 4255 jamque
541 4182 679 4240 convenit
709 4180 876 4259 internos,
904 4180 1094 4239 scriberemus
1123 4177 1162 4237 ad
1185 4177 1381 4258 Schoperum,
1414 4187 1551 4257 rogantes
1573 4179 1611 4240 de

254 4267 342 4327 rebus
364 4263 411 4325 iil.
434 4264 511 4329 Clar.
535 4266 635 4346 Tuae,
658 4283 786 4344 quonam
809 4273 907 4327 essent
928 4265 996 4326 illae
1019 4265 1095 4327 loco.
1140 4264 1225 4326 Nunc
1246 4266 1417 4327 fasciculum
1440 4268 1528 4327 istum
1551 4284 1611 4328 non

256 4352 497 4434 Pergheimerus,
526 4352 579 4415 sed
601 4353 772 4415 tabellarius
793 4353 1025 4430 Salisburgensis
1048 4351 1193 4414 Welsium
1217 4354 1317 4414 attulit
1350 4353 1489 4431 deditque
1512 4355 1611 4416 tabel-

256 4440 330 4501 lario
352 4439 403 4501 siii
426 4440 560 4502 Lincium
583 4443 707 4502 currenti
738 4450 768 4501 et
789 4440 950 4503 mercedem
974 4442 1139 4501 cursoribus
1161 4440 1288 4520 publicis
1319 4440 1493 4504 solvendam
1521 4460 1609 4504 ame

255 4532 362 4606 exegit
405 4528 470 4588 Nisi
492 4529 597 4588 tallnnt
618 4546 665 4590 me
687 4532 761 4590 istae
777 4531 1022 4608 circumstantiae,
1043 4527 1178 4607 repudiat
1195 4529 1514 4591 mercatorWeisensis
1535 4532 1610 4591 haec

254 4616 435 4677 internuncia
442 4661 452 4696 ,
479 4617 553 4677 iorte
576 4618 646 4695 quia
666 4634 718 4694 per
740 4615 941 4695 Sciropperum
964 4619 1020 4695 ipsi
1042 4620 1193 4694 negotium
1216 4616 1332 4697 dedisti,
1358 4617 1531 4679 numerandi
1553 4636 1609 4696 pe·

254 4707 356 4764 eunias
376 4720 430 4781 pro
453 4703 551 4787 libris,
573 4723 640 4765 nam
662 4706 809 4784 acceperis
830 4704 922 4765 libros
936 4721 1037 4778 necne,
1061 4704 1232 4766 adhucdum
1242 4708 1369 4764 incertus
1389 4722 1464 4780 sum,
1487 4703 1609 4767 literae-

254 4807 330 4866 que,
356 4790 464 4867 quibus
487 4790 517 4851 id
540 4792 640 4870 procul
661 4792 754 4853 dubio
775 4791 966 4871 significasti,
993 4791 1095 4853 iraude
1117 4792 1220 4853 talium
1242 4794 1423 4854 nimam
1448 4793 1609 4855 intercide·

253 4886 328 4937 rnna
373 4877 478 4954 Itaque
501 4887 581 4938 ratus
604 4882 758 4940 occasione
778 4878 929 4955 utendum,
952 4878 1053 4940 eadem
1076 4881 1126 4939 via
1148 4882 1310 4957 evestigio
1333 4882 1491 4942 rescribere
1512 4883 1608 4960 volni,

255 4973 287 5025 ut
308 4967 406 5043 scies,
430 4964 501 5042 quid
522 4974 665 5045 ageretur.
710 4965 824 5045 Quodsi
846 4968 1038 5047 rescripseris,
1061 4970 1246 5029 occasionem
1268 4967 1400 5047 ostende,
1423 4984 1483 5048 qua
1506 4975 1607 5035 trans·
