3567 5625
604 430 647 485 De
666 424 788 483 Motibus
804 420 981 477 Planataruur
997 415 1178 473 Harmonicis.

898 596 979 669 simi,
1009 597 1039 654 iu
1069 596 1206 673 opposita
1232 595 1364 671 proxime
1389 590 1488 653 Solem
1516 607 1570 649 ve·

898 686 991 743 uiant
1035 682 1069 740 lu
1084 681 1200 758 adjecto
1215 681 1363 744 schemate
1378 697 1431 758 pro
1446 676 1571 754 siugulis

899 770 1026 849 planetis
1048 771 1119 829 lacti
1141 781 1210 829 sunt
1224 769 1324 829 circuli
1338 772 1423 840 tarni,
1448 782 1571 843 quorum

900 858 999 918 nullus
1021 857 1131 917 indicat
1153 859 1232 917 viam
1248 860 1342 934 ipsam
1363 856 1500 934 planetae
1522 869 1573 922 eo·
1650 931 1652 936 .

901 947 1072 1020 cantricem,
1103 944 1155 1005 sod
1183 944 1298 1006 medius
1323 942 1456 1021 quidem,
1488 941 1573 999 utin

901 1033 998 1093 Morte
1019 1033 1084 1106 ΒΕ,
1111 1040 1156 1092 est
1178 1032 1313 1109 aequalis
1336 1033 1449 1092 orbitae
1469 1044 1574 1089 socen

902 1123 1009 1194 tricae
1020 1120 1119 1197 quoad
1133 1119 1294 1197 longiorem
1310 1120 1375 1196 ojus
1385 1120 1574 1189 diametrum

903 1208 999 1269 orbita
1031 1225 1100 1268 vero
1128 1210 1207 1286 ipsa,
1238 1216 1271 1267 ut
1293 1208 1384 1288 AD,¹
1398 1207 1494 1282 tangit
1521 1202 1574 1262 AF

903 1297 1083 1374 superiorem
1106 1313 1142 1354 ex
1164 1298 1257 1356 tribus
1284 1296 1322 1356 ab
1345 1311 1405 1354 una
1426 1292 1516 1371 plaga
1539 1291 1576 1363 A,

904 1384 1068 1443 interiorem
1091 1382 1144 1442 ci)
1169 1395 1207 1444 ex
1228 1384 1367 1460 opposita
1389 1381 1428 1441 D.
1473 1380 1577 1439 cucu-

903 1471 951 1530 lus
965 1469 1032 1544 GH,
1054 1472 1170 1548 punctis
1187 1472 1378 1532 abumbratus
1399 1477 1428 1529 et
1441 1483 1494 1546 per
1507 1483 1578 1526 cau·

904 1565 981 1617 trum
995 1558 1073 1618 Solis
1090 1557 1262 1635 descriptus,
1282 1559 1392 1617 iudicat
1407 1559 1486 1616 viam
1501 1554 1580 1614 Solis

906 1644 986 1723 apud
1016 1645 1187 1723 'lpcbonem
1211 1647 1324 1722 Brabe3
1359 1647 1410 1721 qui
1443 1646 1469 1703 si
1500 1642 1577 1701 banc

907 1736 986 1794 viam
1017 1741 1167 1808 movetur,
1196 1737 1297 1794 omnia
1324 1735 1442 1793 omnino
1470 1737 1581 1807 puncta

906 1823 997 1881 totius
1020 1824 1189 1898 systematis
1212 1822 1376 1900 planetarii,
1398 1820 1447 1878 hic
1461 1817 1581 1896 depicti,

906 1910 987 1968 riam
1009 1907 1148 1978 incedunt
1167 1910 1332 1987 aequalem,
1356 1907 1481 1986 quilibet
1496 1922 1581 1964 suam

906 1997 1063 2074 propriam.
1107 1997 1146 2056 Et
1167 2014 1226 2057 uno
1249 1999 1313 2073 ejus
1328 2003 1447 2074 puncto,
1470 1990 1583 2053 scilicet

907 2093 1007 2143 centro
1029 2082 1123 2157 Solis,
1154 2086 1184 2142 in
1214 2102 1273 2144 nna
1300 2088 1347 2144 sui
1370 2081 1469 2142 circuli
1497 2088 1582 2159 parte

906 2178 1019 2246 stante,
1043 2178 1076 2230 ut
1098 2171 1147 2232 bic
1168 2174 1198 2231 in
1221 2172 1329 2247 intima,
1353 2171 1452 2230 omnia
1464 2170 1583 2228 omniuo

908 2266 1018 2336 puncta
1039 2262 1209 2336 systematis
1230 2261 1351 2319 stabunt
1373 2260 1403 2316 iu
1426 2259 1492 2316 imis
1514 2273 1584 2332 par·

908 2347 987 2405 tibus
1008 2362 1130 2406 suorum
1145 2346 1284 2424 quodque
1302 2345 1483 2406 circulorum.
1520 2343 1583 2402 Ve-

908 2435 986 2494 neris
1010 2436 1100 2494 etiam
1128 2441 1188 2494 tres
1217 2435 1317 2506 circuli
1345 2440 1461 2512 proptor
1488 2447 1585 2507 angu-

909 2522 997 2580 stiam
1024 2523 1114 2598 spatii
1136 2526 1269 2583 coierunt
1297 2525 1440 2581 inunum
1466 2527 1586 2597 praeter

909 2606 1102 2668 voluntatem.

996 2694 1238 2776 Tertioropetat
1263 2695 1356 2757 lactor
1383 2713 1419 2756 ex
1442 2694 1585 2771 Mysterio

910 2799 975 2844 meo
1004 2782 1269 2862 Cosmograpbico‚
1300 2783 1380 2861 quod
1409 2783 1488 2843 edidi
1516 2788 1586 2843 ants

911 2874 951 2929 22
984 2888 1095 2931 annos:
1132 2890 1285 2934 numerum
1316 2872 1501 2949 planetarum
1532 2885 1586 2929 seu

910 2959 1120 3019 curriculorum
1136 2963 1214 3021 circa
1224 2960 1324 3021 Solem
1339 2960 1506 3020 desumturn
1521 2973 1587 3016 ease

909 3063 929 3104 a
955 3048 1174 3122 sapientissimo
1201 3047 1359 3109 Conditoro
1390 3064 1428 3107 ex
1456 3049 1586 3122 quinque

908 3131 1011 3210 liguris
1040 3134 1224 3212 regularibus
1254 3135 1374 3209 solidis,
1410 3134 1447 3195 de
1480 3133 1588 3210 quibus

816 3270 821 3277 .
909 3219 1048 3281 Euclides
1079 3222 1142 3298 jam
1176 3231 1244 3284 anta
1278 3233 1323 3283 tot
1350 3221 1450 3283 secula
1480 3221 1589 3281 librum

909 3309 1041 3384 scripsit,
1074 3312 1125 3385 qui
1148 3310 1366 3371 Elementorum
1397 3309 1518 3383 dicitur,
1552 3324 1588 3367 eo

909 3395 990 3470 quod
1018 3414 1055 3457 ex
1086 3401 1319 3476 propositionum
1348 3400 1423 3458 serie
1450 3398 1490 3455 sit
1516 3410 1590 3456 cen·

890 3490 1045 3543 structus.
1097 3484 1185 3561 Quod
1217 3494 1315 3545 antem
1348 3485 1434 3563 plura
1463 3499 1586 3561 corpora

562 3623 567 3640 .
700 3637 713 3662 ,N
908 3569 1057 3645 regularia
1078 3582 1228 3650 nequeant
1250 3590 1325 3649 asse,
1349 3573 1406 3633 boc
1428 3580 1482 3646 est,
1505 3569 1587 3647 quod

607 3736 615 3744 N
787 3674 790 3678 ·
908 3655 1019 3733 figurae
1041 3658 1149 3736 planae
1172 3660 1323 3738 regulares
1346 3667 1495 3737 nequeant
1516 3675 1586 3717 soe·

556 3762 559 3780 ·
620 3747 625 3756 “
907 3746 974 3819 pius
1004 3764 1095 3824 quam
1118 3750 1276 3826 quinquies
1306 3747 1488 3807 insolidum
1514 3762 1588 3805 con·

907 3848 1028 3908 gruere,
1062 3835 1093 3893 id
1116 3836 1192 3897 libro
1215 3837 1346 3896 secundo
1375 3835 1465 3912 hujus
1487 3833 1589 3913 operis

906 3921 1013 3998 patuit.

996 4007 1120 4084 Quarto,
1145 4010 1225 4088 quod
1250 4014 1356 4071 attinet
1371 4011 1591 4088 proportionem

907 4095 1069 4155 orbitarum
1102 4098 1351 4175 planetariorum,
1386 4097 1439 4156 illa
1470 4095 1593 4174 quidem

908 4183 984 4242 iuter
1013 4183 1098 4244 binas
1130 4187 1242 4247 orbitas
1265 4190 1379 4247 vicinas
1410 4202 1524 4263 semper
1545 4188 1593 4243 est

904 4275 998 4344 tanta,
1022 4280 1056 4332 ut
1069 4272 1158 4334 facile
1173 4284 1325 4353 appareat,
1348 4287 1590 4350 unamquamque

906 4357 1023 4416 illarum
1039 4364 1279 4439 appropinquare
1292 4363 1472 4442 proportioni
1483 4361 1591 4418 unicae

907 4445 1022 4505 orbium
1045 4450 1133 4509 nnius
1157 4468 1195 4512 ax
1210 4455 1341 4529 quinque
1356 4448 1459 4509 solidis
1477 4447 1589 4524 liguris,
1717 4475 1719 4479 ν

910 4531 1024 4607 scilicet
1046 4538 1126 4597 orbis
1142 4540 1353 4615 circumscripti
1374 4535 1413 4596 ad
1428 4537 1528 4596 orbem
1543 4535 1592 4592 in·

911 4622 1050 4699 scriptum
1080 4624 1210 4704 figuram
1239 4636 1271 4686 at
1295 4643 1353 4686 non
1377 4634 1475 4684 tamenn
1506 4622 1595 4701 plana

903 4709 1045 4786 ,aequalis
1068 4721 1123 4786 est,
1147 4722 1182 4774 ut
1205 4714 1274 4774 olim
1301 4730 1391 4774 ausus
1411 4712 1452 4771 iui
1475 4710 1595 4786 deper-

231 4781 445 4867 ieotadcnlque
467 4794 646 4854 astronomia
661 4795 800 4875 polliceri.
832 4794 908 4855 Nam
932 4805 999 4873 post
1020 4798 1189 4861 absolutam
1206 4802 1483 4862 demonstrationem
1505 4800 1598 4857 iuter·

230 4871 373 4937 vallorum
401 4896 437 4939 ox
478 4880 733 4945 observationibus
763 4880 869 4944 Brahai
907 4883 1085 4962 deprehendi
1120 4888 1191 4953 boc:
1230 4891 1300 4951 cubi
1330 4887 1450 4967 quidem
1480 4884 1598 4965 anguis
