3567 5625
245 472 306 530 110
680 465 722 518 De
738 463 897 532 Figuratum
916 459 1137 517 Harmonicarum

241 641 310 711 agit,
329 642 481 710 quicunqne
497 638 542 694 hic
559 638 697 704 annititur,
716 645 744 692 et
762 638 916 707 oppositum
933 638 961 690 ιι
980 637 1088 704 uberto
1106 636 1214 702 statuit,
1235 635 1372 691 confusus.
1408 635 1452 690 Ea
1470 648 1586 689 commu·

241 721 320 774 uibus
346 719 416 772 enim
438 718 505 771 nihil
529 719 625 787 cuique
648 718 786 787 proprium
809 714 995 770 concludetur.
1032 715 1078 769 Sin
1103 722 1192 769 autem
1216 715 1250 768 de
1274 713 1431 769 differentiis
1454 712 1587 783 specificis
1620 727 1627 737 ¹

241 797 384 866 linearum,
404 813 473 867 quae
492 798 641 853 dividendis
660 799 775 852 arcubus
795 794 1003 861 subtenduntur,
1023 803 1173 847 sermonem
1191 793 1369 861 instituimus,
1391 792 1448 860 jam
1467 798 1586 845 mutatur

241 884 328 931 status
354 877 519 946 quaestionis
547 884 574 931 et
598 893 648 946 pro
661 874 795 930 sectione
821 888 900 927 arcus
922 872 1063 930 omnifaria
1084 872 1259 927 substituitur
1283 872 1367 927 sectio
1390 869 1476 924 totius
1494 867 1587 925 ιιιιιΙι

243 958 292 1008 der
308 955 420 1024 liguram
439 954 606 1032 regularem,
625 971 695 1026 quae
713 954 867 1024 propositae
885 952 1031 1006 suhtcnsae
1048 965 1124 1003 suam
1143 950 1295 1018 specificam
1315 951 1507 1020 proprietatem
1525 965 1586 1005 con-

241 1034 327 1102 ciliat,
352 1034 386 1087 de
404 1023 501 1123 quibus
519 1034 613 1100 liguris
631 1032 800 1100 regularibus
818 1047 868 1085 nos
882 1029 940 1097 jam
958 1046 1041 1100 supra
1059 1031 1161 1098 egimus
1186 1029 1240 1084 et
1232 1046 1258 1083 ιι
1277 1030 1452 1099 sequentibus
1471 1029 1586 1098 amplius

240 1129 363 1181 agemus:
383 1112 483 1181 quippe
502 1113 548 1179 qui
565 1112 644 1166 hac
636 1127 696 1180 ipsa
714 1111 741 1164 in
759 1110 919 1178 quaestione
937 1109 1052 1163 medium
1072 1109 1275 1178 quaerebamus,
1295 1124 1348 1179 quo
1366 1106 1512 1176 figurarum
1529 1107 1587 1163 illa·

239 1209 299 1247 rum
317 1193 420 1261 aliquas
439 1191 592 1246 describere
609 1205 759 1259 possemus.
795 1191 860 1243 Cum
879 1188 970 1258 itaque
987 1187 1042 1242 tale
1060 1187 1177 1242 medium
1201 1194 1299 1242 ustura
1316 1188 1413 1242 debeat
1434 1202 1494 1246 esse
1512 1189 1586 1257 priua

239 1288 269 1327 re
287 1273 354 1341 ipsa,
372 1287 422 1340 per
438 1271 492 1325 hoc
508 1271 625 1325 medium
644 1269 794 1337 efficienda,
812 1266 973 1337 principium
992 1267 1085 1335 utique
1104 1273 1265 1336 peteremus,
1284 1266 1308 1320 ιι
1325 1265 1412 1319 medio
1430 1271 1523 1320 nostro
1540 1282 1586 1321 ιι-

239 1349 374 1422 pediendo
390 1349 555 1417 praesidium
573 1368 588 1405 a
608 1351 701 1417 ιιιιιι
719 1348 886 1416 regularibus
904 1353 1068 1415 peteremus

326 1430 427 1485 Verum
450 1431 494 1484 hic
511 1430 681 1485 adversarius
697 1430 794 1497 aliquis
808 1425 950 1496 objecerit
972 1425 1053 1492 mihi,
1081 1423 1154 1495 quod
1174 1425 1284 1493 Pappus
1302 1422 1499 1479 Alexandrinus
1517 1423 1586 1504 libro

240 1515 336 1580 quarto
354 1509 607 1563 Mathematicarum
626 1509 832 1575 Collectionum,
859 1507 989 1576 proposit.
1009 1507 1050 1562 31.
1072 1505 1234 1574 tripartitam
1257 1503 1348 1572 samnii
1369 1502 1516 1559 aecuonem
1533 1512 1587 1560 tra·

239 1588 286 1643 dat
303 1605 352 1657 pcr
369 1588 560 1657 hyperbolum,
588 1596 617 1642 et
643 1588 768 1655 proposit
794 1587 844 1641 35
869 1587 934 1640 data
956 1599 1116 1654 quacunque
1139 1582 1243 1636 ratione
1270 1579 1399 1649 angulum
1422 1596 1513 1637 secane
1539 1600 1588 1654 per

243 1667 442 1735 quadratriccm
461 1677 488 1720 et
506 1667 623 1726 helicem
643 1675 671 1721 et
690 1667 797 1721 Clanius
816 1665 985 1720 Geometriae
1003 1662 1141 1716 Praeticae
1158 1660 1202 1713 lrh.
1220 1659 1296 1715 XHL
1314 1676 1391 1728 prop.
1408 1661 1450 1716 25.
1468 1673 1590 1731 praestat

238 1747 309 1799 idem
326 1761 376 1815 per
393 1745 560 1799 conchoidea
577 1729 739 1800 Nicomedia.
773 1746 874 1798 Verum
899 1744 1006 1796 illorum
1029 1746 1169 1793 auctorum
1189 1738 1299 1791 inventa
1317 1736 1419 1792 nullam
1445 1740 1586 1799 stabiliunt

238 1824 444 1889 possibilitatem
463 1824 620 1878 omnifariae
646 1823 773 1878 sectionis
792 1823 969 1890 geometricae
987 1817 1158 1874 scientificae
1187 1816 1224 1870 Ut
1242 1815 1294 1869 hoc
1312 1827 1449 1889 appareat,
1469 1823 1586 1890 primum

238 1903 325 1972 Pappi
343 1903 556 1958 machinationes
579 1904 651 1957 circs
675 1902 857 1957 trinoctionem
880 1900 1036 1970 explicabo,
1065 1896 1162 1951 deiude
1187 1893 1396 1950 differentiam·
1388 1908 1458 1953 mter
1479 1901 1540 1957 illas
1559 1910 1587 1958 et

238 1981 434 2049 descriptiones
453 1980 638 2036 scientificus·
630 1997 658 2048 ιιι
675 1980 736 2035 luce
754 1980 858 2034 locabo

324 2059 473 2112 Primum
465 2074 524 2127 rpse
542 2058 682 2128 Pappus
674 2075 702 2113 ιι
725 2057 900 2126 praeambulo
923 2065 986 2111 ante
1004 2055 1217 2125 propositionem
1235 2054 1276 2108 31.
1304 2051 1399 2109 dividit
1418 2056 1586 2124 problemata

237 2140 318 2208 (quae
334 2137 494 2206 generaliori
511 2137 664 2208 significatu
683 2136 807 2191 vocabuli
826 2137 988 2205 geometrica
1005 2132 1132 2204 appellat,
1153 2149 1214 2188 cum
1229 2130 1307 2186 nobis
1318 2133 1509 2198 geometricum
1521 2153 1584 2207 spe.

237 2218 331 2272 cialem
350 2225 458 2272 sensum
476 2216 584 2286 habeat)
602 2217 628 2271 ιι
648 2217 737 2285 plana,
756 2216 843 2270 solida
861 2224 888 2270 et
905 2215 1026 2282 linearia,
1044 2213 1209 2281 fateturque,
1227 2210 1410 2266 trisectiouem
1428 2218 1519 2285 anguli
1537 2235 1587 2288 par

237 2296 319 2366 plana
342 2298 422 2365 (quae
446 2295 511 2348 mihi
534 2303 598 2349 suut
616 2294 727 2363 speciali
750 2310 832 2349 sensu
856 2295 1027 2362 geometrica,
1055 2293 1204 2347 scientifica
1228 2288 1360 2358 ςιιιιιιιι
1382 2293 1586 2362 explicatorum)

237 2376 358 2467 expediri
376 2390 430 2427 nou
449 2389 530 2442 posse
557 2389 642 2441 eaque
667 2372 700 2426 dc
727 2389 810 2427 causa
833 2374 957 2441 coarguit
980 2375 1106 2443 antiquos
1125 2377 1277 2441 geometras
1302 2368 1447 2426 ιιιοιιιιι·
1465 2385 1584 2452 conatus

239 2455 285 2525 qui
303 2455 348 2508 hic
366 2452 469 2506 frustra
488 2450 689 2506 desudaverint.
725 2453 788 2520 lpse
807 2454 889 2521 igitur
906 2453 1089 2507 trisectionem
1104 2467 1181 2506 suam
1202 2448 1313 2519 expedit
1329 2463 1379 2516 per
1390 2449 1484 2522 solida,
1502 2458 1585 2510 omni·

237 2535 333 2590 ιιιιιιι
350 2545 414 2585 vero
434 2531 581 2584 sectionem
599 2546 649 2599 per
665 2531 750 2586 lineas
769 2532 910 2602 figuratas

232 2627 235 2630 ·
324 2610 498 2667 Triaectionis
521 2610 616 2664 modus
641 2617 683 2663 est
706 2611 777 2665 talis.
813 2612 958 2680 Proposito
982 2611 1082 2680 angulo
1100 2609 1268 2677 trisecando,
1292 2611 1410 2669 demissa
1431 2619 1584 2684 expuncto

239 2695 324 2750 cruris
348 2691 429 2745 unius
446 2688 665 2757 perpendiculari
687 2689 714 2742 in
734 2704 795 2742 crus
819 2688 949 2756 alterum,
978 2704 1048 2757 quae
1066 2687 1260 2758 longitudinem
1284 2705 1392 2745 crurum
1416 2691 1585 2762 intelligatur

238 2770 429 2838 determinare,
448 2769 519 2822 etei
537 2768 610 2823 cruri
627 2768 712 2836 alteri,
732 2767 849 2822 breviori
867 2767 941 2823 iacto
959 2769 1206 2840 perpendiculoqua
1224 2767 1313 2823 ductis
1325 2770 1472 2841 parallelis,
1493 2772 1532 2827 illi
1550 2784 1598 2827 ea'

237 2858 339 2921 puncto
357 2849 457 2919 primo,
477 2847 540 2901 huic
559 2863 592 2899 ex
611 2847 751 2915 proposito
770 2848 878 2916 angulo,
898 2849 936 2902 sic
955 2857 988 2903 ut
1003 2856 1193 2904 concurrentes
1212 2856 1315 2907 rectum
1339 2858 1368 2904 et
1385 2846 1461 2919 ipsae
1482 2853 1585 2908 iaciant

164 2924 169 2937 '
238 2931 379 2999 angurium:
403 2928 460 2995 jam
479 2942 528 2995 per
545 2928 688 2995 punctum,
716 2926 744 2979 in
767 2928 839 2995 quod
858 2928 975 2981 demissa
996 2929 1242 2997 perpendicularis,
1265 2928 1331 2982 iacit
1356 2931 1472 2986 ιιιιιιιι
1490 2948 1583 3002 super-

238 3011 325 3066 ficiem
344 3006 418 3074 coni,
437 3005 540 3074 figurae
558 3004 675 3073 solidae,
702 3004 799 3059 deiude
817 3007 857 3059 sic
874 3008 1038 3076 applicatum
1056 3026 1153 3063 conum
1171 3009 1282 3063 inclinat
1303 3023 1351 3063 seu
1370 3027 1489 3066 annuere
1506 3013 1583 3083 iacit,

146 3085 156 3103 *
237 3089 416 3159 quoadusque
433 3086 456 3139 is
474 3100 535 3138 cnm
554 3085 648 3138 eadcm
666 3100 716 3139 sua
733 3085 875 3155 superficie
894 3088 1048 3154 sectionem,
1067 3087 1234 3156 hyperbolen
1253 3090 1359 3161 dictam,
1386 3094 1414 3147 ia
1433 3092 1514 3162 plano
1538 3091 1584 3145 de·

237 3170 334 3236 signet,
354 3165 496 3218 duraturum
514 3164 713 3235 parallelorum,
732 3172 763 3218 ut
775 3171 957 3233 asymptoton,
975 3168 1124 3235 propriam:
1144 3175 1208 3224 tunc
1227 3185 1259 3223 cx
1272 3181 1374 3239 puncto
1392 3173 1448 3241 illo,
1467 3173 1494 3226 in
1512 3170 1584 3241 quot

237 3253 279 3300 est
297 3244 414 3300 demissa
431 3241 669 3311 perpendicularis,
688 3242 836 3309 intervallo,
855 3244 928 3313 quod
941 3247 976 3299 sit
988 3246 1100 3315 duplum
1116 3248 1201 3303 cruris
1214 3250 1301 3319 primi,
1321 3251 1450 3307 describit
1462 3251 1490 3309 in
1501 3250 1583 3318 plano

236 3340 337 3391 arcum,
355 3332 490 3377 secantem
508 3322 636 3376 sectionis
655 3322 764 3376 comicae
782 3322 887 3389 husam,
907 3331 935 3377 ct
953 3339 1077 3377 connexo
1096 3332 1189 3381 centro
1208 3342 1286 3383 arcus
1306 3346 1367 3385 cnm
1384 3331 1435 3384 hae
1450 3328 1584 3383 communi

236 3403 363 3470 sectione,
381 3411 483 3458 rectam
502 3401 527 3455 ei
545 3400 701 3471 parallelum
720 3417 753 3453 cx
772 3400 872 3467 angulo
891 3404 1031 3472 proposito
1051 3404 1133 3475 ducit,
1153 3421 1239 3476 eoque
1258 3407 1331 3463 iacto
1345 3398 1520 3476 demonstrat,
1538 3405 1584 3461 ab·

157 3526 162 3537 ,
237 3489 338 3541 sectam
356 3497 416 3536 esse
435 3484 468 3538 ab
487 3480 585 3549 angulo
604 3492 709 3551 partem
727 3482 842 3535 tertiam.

324 3560 446 3616 Solidum
473 3561 580 3631 quidem
608 3560 660 3614 hoc
682 3567 762 3629 pacto
785 3558 926 3627 problema
951 3560 1017 3615 facit
1034 3561 1145 3631 Pappus
1171 3579 1222 3617 ιιι
1249 3566 1323 3635 ιοιι,
1352 3567 1454 3635 figline
1472 3563 1583 3619 solidae.

236 3644 273 3696 At
291 3648 424 3711 quatenus
442 3642 514 3695 inter
531 3640 609 3694 datas
627 3645 793 3709 asymptotos
813 3637 918 3707 (ductas
936 3641 1198 3712 perpendiculares),
1217 3644 1344 3714 angulum
1362 3655 1465 3701 rectum
1483 3645 1583 3700 lacien-

236 3730 293 3788 tes,
318 3739 368 3792 per
385 3729 516 3792 punctum
533 3722 604 3775 inter
621 3720 681 3775 illas
700 3721 806 3788 datum,
830 3721 1039 3791 sectioconica,
1059 3723 1133 3777 dicta
1150 3723 1419 3797 hyperboraeam
1437 3727 1495 3780 sine
1513 3733 1582 3781 nono

236 3801 367 3856 delineari
391 3802 418 3855 in
443 3800 524 3869 plano
549 3805 651 3869 potest:
679 3798 817 3866 problema
842 3797 914 3853 idem
939 3801 1045 3854 videtur
1071 3802 1151 3854 etiam
1178 3801 1377 3858 interlinearis
1403 3803 1582 3865 referendum,

235 3882 360 3948 Gignitnr
377 3881 447 3933 enim
465 3877 527 3932 talis
546 3879 617 3932 lines
635 3886 709 3931 motu
727 3877 890 3945 geometrico
917 3885 945 3932 et
963 3879 1112 3935 mutatione
1136 3881 1264 3935 continua
1287 3881 1503 3951 intervallorum,
1530 3882 1582 3935 hoc

235 3967 277 4013 est
294 3964 514 4027 repraesentatur
532 3973 582 4025 per
597 3964 699 4023 puncta
717 3954 833 4023 quotvis,
851 3952 1058 4009 indeterminato
1079 3974 1199 4028 numero,
1218 3958 1299 4028 idque
1317 3975 1372 4014 non
1384 3956 1481 4029 minus,
1500 3975 1581 4030 qnam

235 4038 392 4108 quadratrix
410 4045 438 4091 et
455 4036 537 4102 helix,
556 4034 655 4104 quibus
672 4034 750 4088 lineis
767 4035 897 4102 proposit.
917 4036 959 4091 ab.
980 4042 1007 4088 et
1025 4037 1170 4090 ternariam
1195 4044 1224 4091 et
1248 4037 1416 4093 omnifariam
1433 4039 1581 4095 sectionem

235 4117 357 4189 perlicit·
384 4117 429 4172 Sic
446 4116 530 4169 habet
548 4114 635 4183 Pappi
654 4113 824 4167 machinatio.

322 4196 392 4266 Quid
418 4197 501 4264 igitur
518 4195 658 4249 dicemus?
676 4192 789 4248 ‘Nonus
813 4194 884 4247 inter
906 4191 983 4247 datas
1002 4199 1170 4262 asymptotos
1194 4209 1244 4263 per
1261 4202 1391 4264 punctum
1409 4195 1500 4251 datum
1525 4208 1581 4249 una

235 4279 294 4334 sola
311 4276 437 4339 scribitur
454 4274 615 4345 hyperbole,
640 4275 697 4328 sive
719 4273 746 4327 id
764 4273 812 4326 fiat
830 4280 934 4326 annutu
951 4271 1026 4339 coni,
1052 4272 1107 4327 sive
1125 4282 1287 4342 punctorum
1304 4275 1469 4331 infinitorum
1496 4276 1580 4330 conti

235 4359 382 4414 nuatione?
417 4357 514 4411 Nonne
531 4371 586 4410 uua
603 4355 662 4409 sola
679 4354 764 4408 sectio
782 4352 873 4407 circuli
891 4358 952 4405 cu'm
969 4352 1119 4420 hyperbola
1142 4370 1175 4408 ex
1195 4370 1249 4410 una
1274 4355 1375 4425 plaga?
1410 4357 1508 4409 Nonne
1526 4368 1580 4407 ιιι

235 4438 293 4492 sola
311 4446 338 4493 et
356 4443 430 4491 certa
447 4434 584 4489 inclinatio
603 4440 645 4487 est
661 4432 758 4501 lineae,
776 4440 878 4501 puncta
896 4430 1059 4501 hyperbolae
1077 4435 1272 4503 consectantis,
1297 4435 1333 4489 ad
1348 4434 1452 4504 figurae
1476 4433 1578 4487 diame-

233 4518 324 4572 trum?
360 4513 495 4584 Equidem
512 4513 607 4583 fateor,
625 4512 693 4566 hace
712 4512 801 4566 omnia
812 4510 966 4565 neccssaria
984 4518 1011 4565 et
1024 4519 1098 4565 certa
1116 4528 1184 4582 esse,
1204 4514 1336 4582 siquidem
1359 4509 1508 4581 hyperbole
1521 4511 1579 4578 jam

233 4596 269 4650 sit
281 4594 425 4663 descripta.
461 4593 528 4647 Erat
541 4593 611 4657 enim
621 4591 702 4646 etiam
719 4590 803 4659 prius,
821 4589 849 4643 in
866 4589 1003 4659 analytica
1014 4592 1106 4661 Byrgii
1123 4593 1287 4660 trisectione,
1303 4593 1399 4649 tertiae
1414 4590 1579 4648 constitutae

235 4676 320 4745 partis
339 4674 484 4729 subtensac
502 4681 577 4727 certa
594 4680 622 4726 et
639 4670 793 4725 necessaria
811 4669 950 4736 longitudo
969 4686 1019 4723 seu
1034 4672 1175 4739 proportio
1199 4672 1234 4726 ad
1252 4675 1407 4730 subteusam
1425 4670 1476 4724 toti
1494 4669 1577 4724 ιιιιι.

236 4759 272 4810 At
289 4754 352 4822 quia
369 4767 423 4807 non
443 4752 475 4806 de
493 4752 545 4806 hoc
563 4751 729 4821 quaerimus,
748 4747 811 4817 qnid
827 4749 865 4801 ιιι
883 4748 984 4816 tejam
1002 4748 1089 4817 facta,
1107 4751 1158 4804 sed
1175 4752 1322 4821 quomodo,
1348 4759 1380 4807 ut
1397 4751 1434 4806 sit
1451 4749 1578 4821 quidque,

221 4849 279 4888 res
297 4835 415 4890 noudum
437 4833 510 4887 iacta
527 4833 563 4887 sit
579 4831 704 4885 facienda
727 4828 851 4882 demum:
878 4827 940 4883 ideo
966 4828 1051 4883 nihilo
1075 4822 1137 4898 plus
1154 4830 1287 4887 habemus
1310 4847 1343 4886 ex
1366 4828 1578 4900 problematibus

236 4913 329 4972 solidis
347 4920 374 4968 at
391 4912 536 4965 linearibus
552 4918 685 4980 veterum,
701 4907 775 4979 quod
792 4907 827 4962 acl
845 4909 994 4978 quaesitam
1005 4909 1136 4965 linearum
1149 4912 1288 4967 ιιιιιιιιιι
1303 4910 1391 4980 iaciat,
1409 4927 1491 4981 quam
1502 4910 1578 4981 priua
