3567 5625
675 411 758 468 hiber
774 413 823 469 111.
842 413 932 485 Caput
949 415 1007 470 XV.
1443 421 1508 481 4θῦ

161 598 221 637 cum
239 581 357 652 sphaera
375 583 462 640 solida
480 584 523 639 rel
540 585 618 655 quasi
635 585 710 642 nnlla
728 588 777 658 slt,
804 588 879 644 nullu
904 589 987 658 igitur
1002 606 1067 661 pars
1086 590 1252 648 circuitionis
1269 595 1324 659 est,
1352 607 1432 660 quam
1450 590 1507 661 pla-
1526 641 1532 648 ,

162 668 225 715 neta
242 661 370 717 conficiat
387 665 481 719 eadem
499 665 638 720 celeritate
656 681 717 720 cum
734 666 795 736 alia,
814 676 1005 737 praeterquam
1022 670 1050 726 in
1068 671 1138 726 binis
1156 670 1309 741 aequaliter
1325 673 1360 727 ab
1378 686 1501 741 apogaco

160 737 280 792 remotis

247 815 432 888 Quaecunque
457 827 547 878 tamen
571 823 607 878 sit
633 826 775 894 proportio
800 834 921 882 motuum
939 827 1087 883 mediorum
1106 830 1133 884 in
1160 830 1255 899 primis
1274 830 1398 899 sphaeris
1415 828 1506 884 Ptole·

160 896 244 965 maci,
272 910 306 949 ea
324 913 378 952 non
396 898 475 953 aliter
501 901 695 968 exprimitura
713 906 832 960 numeris
850 906 955 962 dierum
979 909 1141 978 periodlois,
1169 909 1221 964 nisi
1239 915 1375 980 quatenus
1393 915 1508 977 apparet

160 983 250 1029 motus
270 971 321 1027 sub
337 974 456 1030 zodiaco.
491 978 552 1032 Nou
573 988 616 1033 est
633 982 716 1050 igitur
734 984 762 1037 in
780 983 823 1038 his
845 987 964 1041 numeris
986 987 1127 1056 proportio
1143 1003 1223 1043 serae
1240 987 1390 1043 velocitatis
1409 986 1507 1057 sphae-

159 1068 251 1106 rarum
268 1052 395 1121 ipsarum,
416 1056 465 1112 sed
483 1057 578 1113 saltem
596 1063 756 1130 apparentia
773 1063 824 1118 sub
842 1065 921 1133 llxie3
940 1073 968 1120 et
985 1073 1075 1123 tamen
1092 1067 1160 1123 haec
1177 1068 1238 1137 ipsa
1255 1066 1414 1136 apparentia
1431 1065 1507 1122 nulla

160 1139 217 1198 est,
245 1148 306 1186 cum
325 1134 458 1203 sphaerae
476 1136 539 1191 illae
558 1138 754 1208 Ptolemeicae‚
782 1151 813 1199 ut
830 1160 909 1199 veras
928 1151 956 1198 et
981 1146 1069 1201 reales
1087 1160 1237 1215 ponamus,
1263 1148 1425 1217 perspicuae
1443 1144 1506 1211 sint,

159 1211 268 1266 minime
287 1228 350 1269 rero
368 1217 541 1286 apparentes.
567 1219 664 1274 Restat
681 1230 712 1276 nt
729 1220 859 1289 dicamus,
878 1225 1068 1293 proportiones
1086 1225 1153 1280 istas
1172 1225 1273 1280 nullius
1293 1240 1354 1280 esse
1371 1225 1411 1279 rei
1428 1238 1506 1294 prae-

159 1297 285 1359 terquam
303 1295 444 1362 temporis,
463 1306 491 1352 et
508 1299 547 1353 sic
565 1300 741 1355 terminorum
759 1318 832 1357 mere
849 1303 1017 1359 mentalium.
1054 1303 1146 1372 Atque
1165 1319 1216 1374 ego
1234 1301 1416 1358 demonstravi
1433 1300 1505 1357 libro

159 1383 220 1421 meo
239 1368 270 1420 V.
289 1386 347 1440 cap.
368 1375 392 1438 6,
410 1374 438 1428 in
456 1375 498 1430 his
517 1380 737 1446 proportionibus
755 1382 844 1440 nullas
862 1399 1004 1438 occurrere
1023 1387 1143 1453 perfecte
1161 1383 1340 1438 harmonicas.

245 1463 319 1520 Nota
335 1466 395 1521 Vll.
431 1470 509 1536 Quod
523 1479 578 1528 tres
593 1473 735 1532 distinctae
750 1478 882 1548 sphaerae
896 1480 970 1548 apud
982 1480 1165 1536 Ptolemaeum
1185 1496 1266 1534 sinam
1283 1486 1312 1533 et
1329 1476 1443 1533 eandem
1459 1493 1507 1546 pe·

160 1539 266 1596 riodum
284 1544 386 1601 habent
403 1553 606 1623 temporariam,
634 1555 687 1611 hcc
712 1573 795 1611 unum
814 1566 857 1613 est
879 1573 913 1611 ex
931 1558 1055 1614 maximis
1083 1559 1295 1615 absurditatibus
1325 1557 1507 1614 astronomiae

160 1621 268 1686 veteris,
286 1624 331 1678 sel
348 1626 408 1696 ipso
426 1631 574 1688 Aristotele
592 1642 674 1705 teste,
702 1638 748 1707 qui
770 1637 921 1706 analogiam
944 1638 1118 1694 desiderabat
1139 1638 1211 1693 inter
1232 1648 1355 1707 tempora
1373 1644 1401 1691 et
1420 1635 1505 1690 orbes.

160 1698 290 1768 Ignoscat
307 1705 398 1775 itaque
416 1709 480 1762 mihi
499 1710 596 1782 lector,
625 1714 648 1768 si
666 1715 759 1769 videor
776 1716 829 1786 ipsi
847 1716 928 1770 etiam
946 1715 1102 1773 Ptolemaeo
1121 1718 1172 1771 rim
1190 1716 1302 1783 iecisse,
1326 1715 1507 1784 comprobans

160 1779 237 1835 velut
252 1796 288 1835 ex
307 1783 366 1851 ejns
384 1797 474 1844 mente
501 1791 581 1846 etad
598 1794 773 1864 archetypum
792 1798 924 1851 musicum
943 1796 1159 1866 accommodans,
1177 1795 1205 1849 id
1223 1795 1296 1865 quod
1315 1794 1432 1849 sonasse
1443 1792 1507 1847 Pto·

161 1858 283 1915 lemaeus
301 1862 360 1930 ipsc
377 1864 548 1925 incusaverat
567 1883 596 1925 ut
614 1890 668 1928 non
686 1884 760 1931 recte
778 1876 883 1932 habeus
909 1887 937 1931 et
956 1893 973 1931 a
990 1883 1088 1931 natura
1105 1875 1239 1944 alienum,
1267 1881 1349 1943 atque
1365 1871 1419 1926 hoc
1436 1871 1508 1926 inter

162 1954 261 1994 causas
277 1941 348 1995 forte
366 1945 543 2019 retulit,‚cur
560 1951 611 2006 boc
629 1962 711 2023 caput
728 1955 916 2023 imperfectum
934 1956 1106 2026 relinqueret
1141 1955 1237 2024 Neque
1254 1962 1346 2010 tamen
1363 1951 1433 2007 bene
1451 1957 1506 2006 tec·

160 2025 206 2072 tus
224 2026 268 2073 est
287 2036 388 2078 naevus
405 2024 459 2079 ists
476 2031 657 2086 astronomiae
676 2034 774 2089 veteris
792 2050 809 2088 a
826 2050 885 2088 mea
903 2034 1124 2103 incrustratione,
1142 2044 1172 2090 ut
1190 2051 1260 2103 quae
1278 2032 1388 2088 decolor
1406 2039 1434 2088 et
1450 2039 1506 2085 tur·

160 2098 203 2167 pis
221 2106 267 2152 est
285 2116 315 2155 se
332 2101 399 2172 ipsa.
434 2105 504 2160 Nam
531 2109 596 2176 qaid
623 2111 764 2167 diversitas
790 2114 943 2167 tensionem
969 2114 1003 2168 ed
1031 2123 1150 2184 systema
1173 2113 1304 2168 musicum
1330 2110 1507 2182 perfectum?

160 2179 259 2234 Nonne
276 2177 318 2234 vel
337 2183 417 2238 unica
434 2186 523 2252 potnit
541 2201 602 2242 esse
615 2192 732 2246 omniurn
745 2193 906 2250 chordarum
925 2194 1021 2264 tensio,
1040 2194 1159 2248 omniurn
1172 2193 1276 2247 scilicet
1293 2192 1415 2260 ejusdem
1433 2207 1506 2247 cras·

161 2257 247 2325 sitiei,
274 2260 317 2313 rel
335 2261 499 2332 singularum
518 2282 605 2335 aeque
622 2268 762 2337 longarum
782 2274 919 2328 tensiones
938 2272 1082 2341 singulae?
1116 2271 1190 2325 Bene
1209 2270 1291 2338 igitur
1307 2269 1404 2339 habet,
1432 2269 1506 2340 quod

160 2354 195 2391 ex
211 2341 296 2396 rebus
314 2344 476 2410 comparatis
494 2345 580 2400 altera
598 2347 716 2418 quidem,
742 2367 776 2404 er
793 2352 910 2421 musica,
929 2368 1002 2406 mere
1021 2359 1063 2406 est
1080 2349 1232 2418 arbitraria,
1250 2349 1350 2416 altera,
1369 2364 1404 2404 ex
1421 2356 1506 2404 astro·

159 2420 259 2488 nomia,
277 2419 358 2489 plane
375 2422 453 2479 falsa.

246 2515 321 2571 Nota
338 2518 411 2572 VllI.
447 2520 499 2576 Hic
516 2520 701 2592 Ptolemaeus,
721 2523 792 2592 quod
811 2531 876 2581 nota
898 2529 921 2582 l.
940 2527 975 2581 ad
999 2534 1082 2595 caput
1101 2523 1141 2583 lu
1160 2526 1230 2595 dixi,
1253 2525 1383 2582 lectorem
1410 2525 1445 2580 ad
1474 2523 1505 2578 li·
1532 2584 1542 2598 ,

160 2595 233 2648 mina
250 2597 430 2665 penetralium
448 2607 559 2655 naturae
578 2601 705 2672 adduxit,
731 2604 790 2672 ipse
808 2621 862 2658 non
879 2605 1019 2678 ingressus
1038 2612 1089 2661 est.
1125 2607 1217 2661 Motus
1236 2613 1283 2661 aut
1300 2602 1507 2680 consideranter

161 2681 191 2727 ut
208 2674 366 2744 aequabiles
386 2686 413 2730 et
431 2677 470 2732 sic
487 2687 645 2748 competunt
662 2682 690 2735 in
708 2684 839 2752 sphaeras
857 2685 1008 2740 secundum
1024 2684 1222 2753 Ptolemaeum,
1241 2691 1302 2750 aut,
1320 2691 1354 2738 ut
1370 2690 1447 2750 sunt,
1466 2683 1505 2736 ia·

160 2752 317 2823 aequabiles
335 2760 363 2808 et
380 2755 419 2809 sic
437 2764 595 2826 competunt
611 2760 639 2815 in
657 2762 751 2820 stellas
768 2765 843 2834 ipsas
860 2772 960 2821 motas.
996 2762 1099 2833 Quodsi
1117 2761 1212 2819 stellae
1231 2760 1451 2831 considerantur,
1476 2765 1507 2816 ut

161 2847 209 2886 eae
227 2832 354 2889 ridentur
370 2836 550 2905 inaequaliter
566 2842 675 2909 mereri,
694 2852 766 2897 certe
778 2843 806 2897 id
825 2860 878 2898 nou
898 2851 1002 2899 tantam
1020 2843 1126 2901 ratione
1139 2841 1282 2899 eccentrici
1299 2842 1339 2905 lit,
1358 2842 1407 2897 sed
1425 2840 1505 2896 etiam

161 2920 188 2967 et
205 2912 292 2967 multo
320 2915 435 2969 maxime
462 2917 567 2973 ratione
593 2921 783 2990 epicyclorum.
819 2924 861 2978 lta
883 2924 911 2978 in
934 2923 1100 2980 astronomia
1117 2920 1265 2977 Ptolemaei
1283 2919 1506 2990 inaequalitatum

161 2991 304 3045 eccentrici
322 3002 448 3062 separata
471 3000 637 3066 comparatio
656 3000 730 3056 nulla
751 3010 844 3072 potest
860 3003 966 3058 institui
984 3018 1044 3059 cum
1064 3001 1228 3069 harmoniis,
1257 2999 1321 3070 quia
1338 2998 1427 3055 latent
1443 2999 1506 3053 illae

159 3069 279 3125 minores
304 3082 466 3142 apparentes
490 3077 696 3147 inaequalitates
720 3081 748 3134 in
771 3081 814 3137 his
832 3081 990 3151 majoribus.
1026 3081 1077 3136 llic
1094 3080 1176 3148 igitur
1192 3095 1305 3135 necesse
1322 3078 1374 3135 tuit
1390 3077 1507 3133 deficere

160 3155 277 3204 conatus
296 3151 417 3219 egregios
435 3153 591 3222 Ptolemaei,
610 3159 765 3226 quaerentis
783 3161 872 3231 ipsum
890 3161 1037 3228 genuinum
1054 3159 1231 3229 archetypum
1249 3157 1432 3214 exornationis
1450 3173 1506 3211 mo·

160 3236 251 3297 tuum3
269 3246 354 3298 quare
371 3232 521 3309 perscripto
540 3236 716 3307 problemate,
744 3239 893 3309 desperans
912 3241 1029 3309 exitum,
1048 3256 1102 3309 qua
1119 3239 1162 3293 ria
1178 3238 1326 3307 inceperat,
1344 3252 1454 3291 manum
1472 3236 1506 3291 de

161 3306 257 3361 tabula
274 3310 418 3367 sustulisse
436 3320 464 3367 et
481 3315 606 3370 lacunam
624 3316 767 3387 reliquisse
784 3318 900 3374 videtur.

249 3385 480 3453 Quemadmodum
499 3409 562 3446 vero
579 3393 647 3450 elias
664 3396 691 3450 iu
710 3398 875 3452 asuonomia
900 3395 1016 3466 eclipses
1035 3395 1106 3451 Solis
1124 3401 1152 3449 et
1170 3377 1264 3449 [unae
1282 3409 1335 3449 uon
1355 3400 1420 3448 sunt
1435 3393 1507 3448 iuter
1598 3382 1602 3395 ’

160 3465 232 3521 nala
250 3469 430 3536 reputandae,
448 3471 512 3540 quia
529 3470 618 3526 himen
637 3473 699 3529 illae
716 3474 875 3543 praeierunt
892 3473 927 3528 ad
946 3473 1101 3529 discendam
1120 3473 1271 3529 doctrinam
1289 3480 1409 3528 motuum
1427 3487 1505 3541 prae·
1531 3478 1536 3489 '

161 3544 356 3601 murmurem
380 3548 449 3618 (vide
475 3565 550 3605 meae
568 3550 629 3619 Opt.
648 3554 721 3608 Astr.
740 3552 862 3621 Partem,
881 3553 946 3607 folio
964 3553 981 3606 3
1000 3560 1028 3607 et
1045 3554 1060 3605 4
1083 3551 1129 3623 [ΙΙ.
1151 3552 1243 3624 1281),
1271 3551 1310 3605 sic
1328 3550 1409 3605 etiam
1427 3556 1504 3618 puto,

161 3621 253 3677 divina
269 3627 438 3693 providentia
456 3630 566 3698 lactum,
586 3639 616 3685 ut
633 3631 678 3687 hic
695 3632 754 3701 ipse
772 3632 895 3687 deiectus
913 3639 1005 3687 textus
1023 3630 1180 3685 Ptolemaici
1198 3629 1281 3684 luerit
1298 3627 1385 3695 utilis,
1404 3635 1435 3681 ut
1451 3626 1505 3681 lec·

121 3702 125 3711 '
160 3710 211 3769 tor,
231 3701 278 3757 ubi
296 3721 313 3757 a
331 3706 462 3774 scriptore
474 3708 629 3763 Ptolemaeo
647 3710 794 3778 perductus
812 3711 896 3765 luent
913 3709 1051 3765 stlocum
1070 3710 1154 3766 totius
1165 3710 1299 3764 hnmanae
1316 3704 1506 3777 philosophiae

160 3782 357 3839 nobilissimum
374 3792 402 3839 et
419 3787 568 3855 majestatis
587 3788 692 3845 dirime
711 3805 824 3845 corusco
837 3790 942 3858 fulgore
954 3788 1137 3843 venerandum
1151 3789 1263 3858 Jamque
1280 3786 1387 3841 inhians
1406 3794 1503 3855 myste-

161 3863 207 3916 riis
227 3863 333 3917 eminus
350 3865 555 3937 animadversis,
583 3869 690 3924 educe
714 3870 766 3925 hoc
789 3886 839 3925 suo
864 3874 1023 3924 contextum
1046 3868 1221 3937 abrumpente
1246 3866 1381 3934 etiamque
1399 3864 1427 3918 in
1445 3880 1505 3919 meo

161 3941 212 3995 hoc
230 3942 419 4011 supplemento
439 3947 531 4025 ¹locum
557 3948 702 4016 genuinum
720 3950 799 4004 unico
817 3949 887 4005 saltu
907 3948 1121 4016 transmittente,
1145 3947 1227 4002 luerit
1245 3946 1403 4001 destitutus:
1427 3950 1504 4000 tanto

161 4020 336 4088 postmodum
353 4023 471 4093 andins,
500 4026 571 4094 quod
591 4044 670 4096 spero
690 4027 825 4092 futurum,
852 4028 925 4084 sitim
943 4043 1019 4081 suam
1036 4028 1063 4081 in
1082 4027 1151 4081 reris
1170 4026 1252 4095 hujus
1268 4023 1426 4080 harmoniae
1444 4039 1505 4077 coe·

158 4098 238 4154 lestis
258 4101 422 4170 rationibus,
450 4121 526 4159 ame
544 4104 613 4161 libro
631 4108 663 4161 V.
689 4105 807 4176 traditis,
834 4105 958 4174 expleat3
986 4104 1146 4175 vidensque,
1174 4111 1291 4163 veterem
1314 4102 1504 4158 astronomiam

161 4179 276 4234 haerere
292 4181 457 4252 perplexam,
476 4186 523 4240 ubi
535 4172 577 4239 se'l
595 4187 710 4242 manime
727 4186 882 4255 loquentem
898 4184 1010 4254 optabat
1027 4184 1130 4252 audire,
1148 4190 1224 4238 tanto
1236 4190 1265 4238 et
1276 4180 1398 4251 aequiori
1416 4181 1504 4236 animo

162 4259 313 4328 perlectam
331 4261 472 4331 Copernici
495 4265 658 4327 doctrinam,
684 4265 805 4335 quamuis
832 4273 923 4320 motus
941 4263 1057 4320 Telluris
1082 4263 1251 4320 absurditate
1277 4261 1412 4316 horridam
1430 4262 1503 4316 iner-

162 4339 256 4408 pertis,
274 4339 302 4393 iu
321 4341 476 4398 cathedram
495 4346 641 4400 ascendere
658 4348 779 4416 patiatur
796 4354 829 4412 et¹
841 4344 1031 4401 attentioribus
1055 4343 1166 4398 sumbus
1184 4342 1219 4398 de
1236 4340 1381 4396 creationis
1399 4338 1504 4393 arcanis

162 4417 346 4486 disputantem
364 4422 464 4478 audiat.
1465 4496 1471 4508 ·

248 4497 335 4565 Igitur
351 4499 495 4556 eliminatis
521 4502 564 4557 his
582 4502 683 4557 fictitiis
709 4502 836 4574 epicyeiis
854 4519 916 4557 cum
940 4502 1063 4558 omnibus
1081 4501 1227 4557 stationum
1246 4506 1275 4554 et
1292 4495 1501 4566 retrogradatio·

163 4591 226 4630 num
247 4577 454 4651 phantasmatis,
474 4581 561 4638 risum
578 4581 783 4650 decipientibus,
807 4588 835 4636 et
852 4581 985 4636 restitutis
1002 4597 1068 4636 suae
1091 4579 1258 4649 simplicitati
1275 4577 1392 4632 motibus
1410 4574 1503 4645 plane-

162 4661 251 4709 tarum
268 4657 394 4726 propriis,
411 4667 442 4714 nt
460 4659 478 4713 ii
496 4668 685 4730 spectarentur
702 4677 736 4716 er
749 4661 824 4717 Sole:
843 4662 867 4716 si
884 4661 924 4716 sic
941 4659 1124 4715 exscribamus
1135 4665 1224 4713 motus
1241 4651 1503 4746 planetarumudiur·

162 4749 212 4789 uos
236 4734 287 4791 suh
309 4736 435 4805 zodiaco,
457 4740 640 4796 velocissimos
662 4739 691 4793 in
716 4739 868 4808 periheliis‚
892 4737 1059 4795 tardissimos
1084 4739 1112 4795 in
1130 4737 1245 4809 apheliis
1262 4737 1332 4801 suis,
1359 4740 1448 4789 statim
1468 4748 1502 4786 ex

162 4815 196 4871 iis
212 4823 328 4887 apparet
344 4833 431 4873 novus
448 4820 483 4875 ab
500 4820 606 4889 integro
624 4820 708 4875 totius
725 4819 894 4876 harmonicas
912 4818 978 4875 ordo
995 4823 1023 4872 et
1039 4817 1240 4885 imitamentum,
1259 4830 1292 4870 ac
1309 4815 1332 4869 si
1349 4814 1429 4868 homo
1447 4828 1503 4868 non

164 4911 197 4954 er
214 4911 245 4953 se
260 4897 323 4971 ipso
342 4913 431 4970 exque
448 4898 577 4959 instinctu
594 4898 710 4957 uaturdi
728 4898 867 4957 didicisset
884 4899 1021 4970 musicam,
1039 4896 1088 4955 sed
1104 4896 1185 4972 plane
1196 4896 1284 4957 Deum
1301 4893 1391 4969 ipsum
1410 4899 1439 4951 et
1455 4908 1502 4953 su·
