3567 5625
637 380 719 448 hiber
735 392 782 448 ΠΙ.
801 380 940 464 Digressio
958 378 1067 464 pelitiee
1133 358 1136 371 ἡ
1431 407 1438 481 }
1468 348 1529 465 1¹93

267 567 409 647 Reliquas
430 572 507 630 artls'
524 574 746 647 compositoriae
769 571 884 651 regulas
907 572 1068 633 artificibus
1085 572 1156 652 ipsis
1177 572 1311 651 relinquo
1335 577 1529 655 comproban-

184 654 236 716 das
266 665 318 715 aut
349 659 491 717 rationem
522 654 620 717 eurum
649 659 834 720 reddendam.
878 659 953 719 Mihi
986 663 1060 719 enirn
1092 678 1167 747 quae
1198 661 1349 738 hucusque
1380 662 1529 741 disputavi

181 743 296 802 munde
319 744 476 818 sullicinut,
500 762 565 806 cum
589 745 628 806 ad
649 758 783 807 naturam
806 756 907 807 cantus
931 747 1149 823 illustrandam,
1172 750 1273 825 primis
1295 750 1399 824 saltem
1422 759 1452 815 ct
1472 771 1528 829 gc·

181 831 330 891 neralibus
353 832 416 909 ejas
439 833 636 895 fundamentis
659 836 687 893 in
710 845 815 899 natura
836 838 1020 905 monebatis,
1051 844 1113 896 tuni
1137 839 1262 896 maxime
1291 837 1329 896 ad
1351 838 1549 919 speculatio·¹

183 936 234 978 nes
255 919 323 979 libri
346 919 384 978 V.
405 924 565 997 sequentis,
589 922 759 998 cujuslibri
782 925 905 982 materia
928 922 999 981 mihi
1021 925 1124 983 uniens
1151 925 1180 980 in
1203 932 1266 983 toto
1290 942 1375 1003 opere
1398 926 1463 986 finis
1487 936 1532 988 est

181 1011 359 1083 propositus.
406 1010 600 1071 Astronomus
627 1012 707 1069 enim
734 1026 790 1085 ego
817 1013 893 1069 sieut
922 1010 958 1069 de
980 1010 1080 1087 figuris
1109 1011 1292 1087 regularibus
1323 1013 1440 1091 disputo
1472 1033 1530 1075 non

182 1103 241 1154 tam
263 1098 438 1171 geometrice
462 1091 534 1178 (nisi
567 1097 616 1155 ubi
644 1096 696 1157 illa
724 1098 821 1157 adhuc
847 1097 1024 1174 incompleta
1056 1101 1120 1157 visa
1142 1094 1203 1180 est)
1226 1116 1312 1175 quarn
1335 1106 1530 1163 astronomica

181 1189 210 1242 et
230 1182 446 1260 metaphysica,
477 1187 519 1243 sic
541 1186 630 1243 etiam
658 1183 694 1245 de
722 1197 825 1245 enricus
853 1187 1091 1261 proportionibus
1116 1188 1210 1246 scribo
1240 1204 1299 1247 non
1331 1196 1390 1247 tam
1419 1194 1529 1251 musice

181 1286 268 1344 quam
290 1273 477 1346 geometrico,
499 1270 630 1348 physice,
654 1272 781 1348 deniqne
802 1282 835 1331 ut
849 1276 939 1349 prius,
962 1275 1154 1333 scamoniae
1173 1285 1203 1333 et
1224 1276 1437 1354 metaphysica:
1461 1281 1532 1353 quia

181 1359 256 1417 sicut
279 1360 449 1434 corporibus
480 1361 608 1435 quinque
631 1359 813 1436 regularibus
841 1378 876 1419 ex
898 1363 1075 1436 geometria,
1106 1363 1148 1419 sic
1176 1364 1263 1420 etiarn
1292 1366 1529 1440 proportionibus

182 1454 301 1521 totoque
332 1454 478 1523 apparatu
509 1447 679 1506 harmonico
708 1465 743 1507 ex
773 1451 886 1506 musica
919 1465 992 1524 opus
1021 1447 1116 1507 habeo
1147 1447 1185 1507 ad
1209 1449 1396 1526 explicandas
1426 1469 1531 1513 causas

181 1534 376 1609 proportionis
406 1534 519 1597 orblum
552 1534 720 1594 coelestium
749 1536 1053 1612 eceentricitatumque
1084 1545 1114 1595 et
1146 1545 1277 1595 motuum
1307 1540 1335 1594 in
1367 1538 1529 1615 opsidibus.

179 1621 282 1680 &tem
304 1637 374 1679 vero
397 1621 591 1699 componendi
614 1631 725 1696 cantus,
749 1639 826 1697 quae
848 1624 947 1698 praxis
970 1631 1014 1682 est
1029 1626 1150 1696 musica,
1173 1640 1358 1700 nequequam
1381 1628 1528 1702 profiteor,
1549 1623 1551 1626 ’

179 1725 266 1784 quem
289 1724 326 1766 ax
349 1710 460 1767 Annsii
482 1726 569 1787 supra
592 1708 660 1768 dieti
685 1727 778 1785 exque
800 1708 882 1768 Sethl
906 1709 1042 1786 Calvisii,
1065 1713 1152 1770 amici
1174 1710 1320 1787 quondam
1343 1716 1410 1789 nrei,
1434 1715 1525 1790 libris,

179 1794 213 1854 de
237 1802 300 1855 arte
324 1798 531 1873 compositorio
554 1806 656 1856 cantus
679 1797 773 1870 editis,
798 1799 904 1856 rectius
928 1799 977 1873 qui
1001 1797 1081 1857 volet
1102 1807 1199 1875 petet;
1223 1817 1297 1875 quos
1320 1800 1399 1877 ipsos
1422 1810 1529 1878 tamen,

179 1900 237 1942 non
260 1880 342 1960 quad
364 1885 491 1960 optimos
514 1893 630 1961 putem,
652 1885 704 1943 sed
726 1887 796 1960 quin
818 1884 895 1945 alios
917 1902 974 1945 non
999 1885 1074 1959 vidi,
1097 1888 1226 1945 nomino.
1619 1882 1624 1893 '

430 2100 480 2169 lle
509 2101 619 2171 tribus
648 2100 894 2173 medietatibus
923 2098 1092 2186 digressio
1123 2064 1273 2189 politica.

263 2242 660 2316 rocacardensem?
683 2247 728 2302 liii.
747 2248 790 2314 29)
812 2246 1001 2315 paragraphus
1025 2260 1142 2314 sequens
1165 2245 1226 2301 loco
1250 2261 1301 2303 suo
1323 2245 1451 2303 exclusus
1478 2256 1529 2315 est,

178 2320 252 2388 qnod
269 2336 368 2391 operae
394 2322 462 2378 lolia
484 2324 646 2394 exemplaris
669 2326 777 2381 incaute
800 2324 1002 2380 distribuissent
1036 2364 1043 2376 .
1078 2362 1085 2375 .
1121 2324 1231 2394 (quippe
1257 2325 1311 2394 'ini
1347 2364 1529 2383 .....

263 2414 368 2491 Neque
390 2426 488 2476 tamen
517 2419 555 2476 ob
579 2417 608 2475 id
632 2416 862 2496 reprehendendi
886 2426 955 2476 sunt
969 2427 1113 2489 auctores,
1131 2419 1186 2493 qui
1206 2420 1409 2494 proportiones
1425 2419 1529 2495 hujus·
1610 2442 1616 2467 ⁴

178 2501 257 2562 modi
280 2502 367 2562 titulo
390 2503 621 2565 harmonicorum
644 2512 671 2561 in
696 2522 785 2583 remp.
808 2508 960 2584 recipiunt.
979 2511 1054 2574 (Vide
1072 2512 1154 2561 lecum
1171 2512 1365 2574 pulcherrimum
1387 2515 1413 2561 ln
1432 2515 1529 2565 Bodino

179 2586 342 2659 ieaepnbil
365 2589 441 2650 Nam
464 2596 517 2652 etsi
538 2610 650 2669 paucae
678 2609 714 2651 ex
737 2594 779 2651 sie
808 2593 939 2652 r'ormeris
960 2608 1054 2650 meras
1082 2592 1248 2650 harmonias
1271 2591 1426 2667 deliniunt,
1459 2596 1529 2654 reli·

179 2695 254 2754 quae
276 2694 378 2738 omues
405 2679 444 2747 ab
466 2681 623 2740 harmoniis
647 2680 760 2740 alienae
782 2690 865 2752 suut,
898 2697 998 2739 omnes
1031 2686 1128 2738 tamen
1158 2677 1246 2753 hujus
1275 2677 1451 2741 delinitionis
1472 2682 1529 2742 boe

178 2765 303 2841 babent,
335 2765 414 2842 quod
438 2775 670 2845 contemperatae
699 2776 767 2826 snut
798 2784 833 2827 ex
855 2768 999 2828 ambabus
1022 2766 1272 2843 proportionibus,
1296 2767 1479 2830 arithmetica
1500 2780 1530 2831 et

177 2856 372 2929 geometriam
396 2873 432 2914 ex
454 2873 513 2932 qua
536 2859 802 2934 contemperatione
816 2857 901 2916 -inest
924 2854 982 2914 illis
1006 2855 1078 2913 liaeo
1100 2856 1129 2912 in
1145 2853 1218 2930 Rep.
1242 2854 1385 2930 aptitudo.
1430 2855 1529 2916 Vicis-

179 2944 232 3001 sim
256 2959 327 3001 rero
351 2943 380 2998 in
394 2941 468 3020 Bap.
491 2946 516 3002 si
540 2946 657 3019 quavis
679 2955 723 3002 est
745 2943 990 3014 harmonicorum,
1019 2949 1051 3000 ut
1072 2942 1272 3011 harmonicae,
1296 2958 1390 3018 neque
1413 2953 1530 3005 nocuae

178 3028 350 3089 medietates
373 3028 557 3090 harmonicae
579 3033 677 3108 sperni
692 3038 837 3107 poterunt,
861 3048 935 3107 quus
951 3031 1054 3089 laxiori
1070 3028 1236 3089 definitione
1257 3032 1299 3088 sic
1315 3029 1412 3090 trado:
1442 3031 1531 3109 Quod

177 3111 212 3176 rit
234 3134 326 3178 omne
347 3116 392 3191 td,
415 3118 497 3195 qued
515 3117 671 3178 intercedit
693 3122 772 3177 inter
785 3116 863 3178 dces
878 3134 963 3178 verca
972 3124 1184 3188 amoenae,
1199 3130 1368 3182 commune
1387 3126 1416 3178 et
1428 3123 1529 3196 iprsum

178 3223 245 3263 cum
267 3205 391 3264 illerum
412 3214 552 3283 utreque.
597 3205 632 3264 In
654 3206 832 3265 sectionibus
854 3207 942 3281 igitur
964 3213 1019 3264 ete.
1108 3271 1113 3276 ,

268 3291 422 3352 Hactenus
452 3283 568 3353 omissa
615 3294 688 3354 Cum
719 3300 816 3354 autem
840 3293 946 3352 Bodini
974 3292 1170 3352 meminissent
1197 3291 1319 3366 jamque
1347 3292 1430 3352 finite
1453 3292 1529 3352 libro

178 3380 263 3438 tertio
287 3387 317 3438 et
339 3379 440 3439 addito
463 3384 604 3458 superiori
632 3381 827 3458 paragrapho,
856 3383 928 3439 satis
952 3388 1105 3455 operatum
1130 3395 1194 3438 esse
1222 3373 1436 3438 mathematicis
1457 3398 1528 3459 spe-

179 3467 376 3527 culationibus
399 3471 589 3541 censuissem,
622 3469 704 3528 linita
735 3468 790 3530 hac
812 3469 933 3543 spinosa
961 3467 1097 3528 materia.
1128 3465 1238 3542 placuit
1268 3482 1304 3525 ex
1326 3467 1390 3541 ipso
1413 3466 1528 3527 Bodino

176 3557 337 3632 praecipua
360 3543 565 3633 disputationis
589 3556 675 3632 hujus
698 3556 836 3632 politicae
860 3558 957 3630 capita
979 3554 1193 3624 uanneibere,
1216 3553 1313 3616 verbis
1329 3560 1359 3612 st
1373 3552 1473 3614 ordine
1496 3562 1529 3614 ut

176 3642 336 3718 plurimum
363 3660 399 3702 ex
421 3661 487 3703 meo
515 3643 572 3702 loci
594 3643 672 3702 illius
696 3654 784 3720 captu
816 3644 1018 3712 contormatis,
1048 3647 1080 3697 ut
1109 3651 1138 3698 et
1159 3639 1233 3698 lucis
1255 3639 1367 3714 aliquid
1395 3639 1529 3701 afferrent

175 3729 243 3790 loeo
267 3748 321 3807 per
342 3747 374 3790 se
397 3733 531 3806 obscuro,
554 3732 663 3809 quippe
684 3730 818 3790 Bodinus
840 3747 874 3788 er
900 3728 1113 3787 mathematicis
1136 3725 1296 3802 disciplinis
1319 3728 1465 3786 nonsatis
1487 3728 1526 3788 ad

176 3817 255 3879 hanc
277 3816 508 3894 speculationem
530 3818 669 3896 praesidii
692 3816 807 3895 attulit,
836 3827 865 3876 et
888 3824 920 3875 ut
944 3815 1073 3874 taedium
1101 3830 1281 3873 mereseium
1304 3812 1530 3875 demonstratio·

174 3923 247 3964 uurn
278 3905 567 3978 mathematicarum,
606 3905 713 3982 quibus
745 3913 824 3964 tetus
854 3903 929 3962 liber
958 3909 1089 3975 consui,
1127 3902 1351 3977 interpositione
1379 3901 1532 3979 popularia

171 3992 327 4067 jucundae
356 3995 495 4056 materiae
525 3994 645 4053 lenirem
676 4009 804 4068 ususque
833 3990 898 4067 ejus
928 4007 985 4070 non
1018 3988 1127 4052 nullius
1160 3991 1190 4046 in
1221 3990 1424 4065 cognoscenda
1453 3989 1527 4066 Rep.

174 4089 300 4157 gustum
327 4081 502 4142 exhiberem.
528 4071 690 4157 'Incipiam
719 4087 816 4140 autern
845 4078 883 4138 ab
907 4076 1102 4153 explicatione
1131 4079 1173 4137 rei
1196 4076 1402 4138 mathematica
1430 4078 1529 4138 hisiorl

174 4167 279 4246 adque
303 4168 424 4240 lectorio¹
442 4186 501 4227 nou
525 4168 722 4228 mathematici
745 4174 863 4243 captum
885 4164 1151 4225 accommodatiori.
1426 4215 1429 4222 .

269 4253 394 4331 Quando
417 4258 543 4316 numeris
559 4255 681 4332 aliquot,
704 4271 762 4313 neu
778 4260 891 4314 attenta
913 4269 1013 4313 corum
1025 4252 1236 4329 magnitudine,
1259 4249 1530 4327 addunturaeqna·

173 4342 235 4416 lia‚
260 4352 330 4402 tnnc
354 4354 398 4403 est
420 4345 568 4422 proportio
591 4343 800 4416 arithmetica·
827 4339 881 4402 Ut:

254 4481 310 4550 «8,
364 4479 390 4546 9,
442 4481 466 4546 b,
521 4479 562 4545 10,
618 4479 658 4545 17,
712 4479 753 4530 36.
878 4475 1014 4542 Quiantum
1032 4474 1101 4528 enirn
1119 4474 1135 4528 6
1152 4474 1238 4541 mej0r
1256 4481 1298 4529 est
1315 4488 1395 4542 quana
1413 4469 1444 4543 3,
1469 4480 1529 4528 tan·

172 4549 259 4606 Adde
286 4551 313 4620 3,
367 4551 391 4617 3,
443 4549 469 4615 3,
539 4550 564 4618 3,
634 4549 659 4614 il,
731 4547 755 4599 3.
810 4551 867 4599 turn
892 4545 1018 4612 ttotidem
1044 4544 1094 4598 scil
1123 4544 1285 4612 unitatibus)
1314 4541 1347 4600 12
1374 4550 1417 4598 est
1442 4545 1530 4612 major

284 4617 765 4706 [afflasse-ri?
813 4617 936 4684 qenes.
1043 4633 1045 4637 ⁴

268 4748 352 4810 Haec
374 4749 523 4825 proportio
553 4749 582 4804 in
607 4744 663 4803 lroe
686 4743 819 4822 exemplo
843 4750 887 4802 est
912 4742 1069 4819 disjuncta:
1100 4757 1168 4815 ergo
1195 4741 1344 4816 proportio
1375 4738 1530 4814 conjuncta

383 4835 387 4843 '
1306 4842 1371 4902 aa*
