3567 5625
653 1313 659 1326 ·
746 1286 811 1367 aa.
837 1255 1114 1364 uurriuur‘

528 1449 836 1563 attuaticis
870 1449 1022 1563 utili
1059 1446 1207 1562 ttulit
1241 1450 1292 1562 ll.

461 1655 511 1727 Dc
548 1654 791 1778 congruentia
820 1654 1025 1742 Figuratum
1060 1655 1356 1727 Harmonicarum.

807 1908 1016 1921 -ι-

746 2049 1069 2177 ruaauruurr.

304 2259 488 2335 'munnam
501 2270 683 2349 singularium
694 2270 855 2348 Qurarum
869 2272 1050 2349 regularium
1068 2268 1227 2332 mentalem
1250 2285 1305 2330 sen
1325 2291 1429 2348 eneam
1449 2267 1591 2330 maanus

237 2360 402 2438 explicavi:
423 2362 556 2438 sequitur
578 2377 678 2420 earnm
695 2359 864 2435 junctarum
879 2362 1053 2440 proprietas,
1075 2366 1106 2419 et
1127 2357 1221 2420 veluti
1236 2358 1356 2418 aliudne
1371 2360 1449 2417 intra
1470 2373 1592 2434 geome-

237 2450 332 2524 uiam,
355 2452 407 2526 qui
430 2456 475 2509 est
498 2450 689 2524 congruentia
711 2446 759 2506 vel
781 2435 1007 2508 insociabilitas.
1050 2446 1118 2506 Nou
1140 2454 1210 2505 snat
1231 2447 1310 2506 enim
1331 2444 1465 2521 eiusdem
1485 2444 1592 2504 latitu-

238 2533 314 2595 dinis
344 2535 612 2596 demonstrabilibus
640 2543 671 2596 et
701 2538 905 2611 congruentia,
933 2552 999 2595 cnm
1027 2534 1080 2594 illa
1107 2533 1288 2610 singularum
1317 2536 1357 2592 sit
1385 2541 1504 2593 etcum
1527 2534 1593 2609 ipsa

237 2623 438 2701 duplicatione
461 2626 599 2683 contiuua
622 2623 746 2683 laterum
776 2625 863 2683 unius
892 2622 1004 2699 figurae
1031 2624 1061 2680 in
1083 2621 1227 2681 inlinitum
1250 2627 1398 2695 excurrat,
1428 2622 1485 2680 ista
1508 2619 1594 2704 certis

239 2719 371 2771 coarnta
391 2709 523 2787 legibue,
548 2710 657 2787 quibus
678 2710 777 2787 plures
800 2710 911 2787 figurae
934 2713 963 2768 in
987 2727 1076 2770 unam
1096 2711 1269 2770 societatem
1291 2717 1447 2782 vocantur,
1471 2708 1515 2766 -ob
1539 2723 1595 2764 au-

238 2799 374 2876 gularum
396 2802 574 2860 incrementa
595 2817 628 2859 se
651 2800 746 2876 ipsam
767 2789 970 2878 praepediens,
994 2797 1053 2859 cito
1077 2795 1200 2858 desinat
1245 2798 1284 2857 Et
1306 2797 1442 2874 quamvis
1464 2793 1594 2856 delectus

234 2889 278 2947 sit
299 2886 443 2964 graduum
464 2887 604 2957 scientiae
627 2884 942 2963 demonstrationisqne
964 2894 995 2947 et
1014 2885 1169 2963 plurimum
1185 2885 1319 2946 differant
1340 2884 1494 2945 nobilitate
1515 2881 1594 2955 illae,

240 2991 315 3052 quae
338 2991 393 3034 noe
415 2973 637 3050 explicavimus,
653 2974 752 3047 abiis,
775 2990 850 3050 quas
864 2974 1027 3033 dimisimus
1049 2975 1113 3034 eine
1135 2974 1267 3034 nomine:
1290 2989 1348 3032 nan
1363 2980 1461 3032 umen
1475 2988 1512 3030 ne
1528 2988 1596 3030 curn

241 3062 299 3122 bac
320 3060 440 3138 quidem
463 3060 720 3122 demonstrationis
741 3061 897 3123 nobilitate
918 3065 1111 3139 congruentia
1138 3060 1227 3139 plane
1248 3062 1314 3139 pari
1335 3078 1426 3138 passu
1447 3058 1595 3133 ambulat,

241 3149 377 3226 adeoque
400 3166 490 3209 unum
514 3148 635 3209 alterim
658 3164 748 3209 cansa
769 3166 828 3209 non
843 3156 898 3225 est,
920 3147 974 3210 sed
987 3157 1145 3226 auumque
1166 3166 1203 3210 ex
1218 3145 1322 3209 eadm
1345 3150 1491 3209 communi
1506 3163 1596 3206 cauaa

241 3233 336 3321 (quae
358 3245 403 3297 est
425 3237 599 3315 angulorum
620 3236 732 3312 figurae
747 3233 906 3320 aptitudo),
929 3235 1068 3314 qnodque
1089 3246 1186 3317 tamen
1208 3238 1271 3297 suis
1293 3236 1417 3313 legibue,
1441 3233 1596 3313 dependet.

243 3324 431 3402 Quantopere
454 3341 524 3386 vera
547 3327 713 3384 necessaria
735 3326 775 3383 eit
795 3325 882 3386 nobis
903 3325 977 3385 haec
999 3342 1118 3402 quoque
1139 3322 1348 3402 speculationis
1369 3341 1449 3402 pars,
1471 3340 1508 3383 ex
1529 3324 1595 3398 ipso

243 3415 335 3473 tatius
357 3415 455 3491 operis
477 3414 611 3473 instituta
633 3412 734 3472 ridere
757 3421 810 3472 est.
846 3412 921 3472 Cum
942 3415 1020 3473 euim
1035 3416 1177 3489 originem
1198 3406 1382 3473 harmonicae
1404 3412 1528 3488 ejusque
1550 3409 1595 3469 ei·

242 3501 338 3562 lectus
360 3505 391 3559 in
422 3508 485 3562 toto
508 3500 617 3560 mundo
646 3502 914 3576 praestantissimae
941 3500 1130 3577 explicandos
1153 3503 1358 3574 sumserimus,
1387 3495 1536 3576 quomodo
1559 3496 1596 3556 de

243 3590 434 3666 congruentia
463 3589 639 3666 figurarum,
674 3605 751 3665 quae
780 3593 849 3647 sunt
877 3591 1100 3665 proportionum
1127 3586 1361 3647 harmonicamm
1391 3586 1595 3662 scaturigines,

242 3677 335 3754 rerba
355 3676 439 3737 nulla
460 3677 624 3736 iaciamus?
647 3691 713 3735 cnm
735 3674 812 3736 idem
826 3684 912 3737 sonet
928 3675 1041 3736 Latinis
1064 3692 1223 3753 congruere
1238 3684 1268 3735 et
1286 3677 1490 3752 congruentia,
1515 3670 1598 3750 qnod

245 3761 366 3837 Graecis
387 3759 542 3840 dapenna
564 3772 593 3824 et
614 3758 756 3840 ripuaria,
790 3781 857 3823 cum
885 3763 935 3824 hic
963 3763 1122 3841 figurarum
1151 3763 1272 3823 olfactus
1301 3765 1377 3822 iutra
1405 3762 1598 3840 geometriam

244 3852 379 3927 mutaque
400 3850 640 3911 architectonicae
662 3859 774 3927 partem
789 3851 879 3926 illam,
902 3868 979 3928 quae
995 3854 1072 3912 circa
1086 3850 1262 3930 archetypas
1277 3858 1418 3926 vereatur,
1441 3853 1480 3911 sit
1502 3865 1598 3927 quae·

245 3937 313 3997 dam
335 3938 418 3998 velut
439 3939 538 4014 imago
566 3945 596 3998 et
617 3937 800 4014 praeludium
824 3934 983 3999 effectuum
1011 3947 1094 4000 extra
1115 3941 1306 4016 geometriam
1328 3946 1469 4015 extraque
1491 3938 1598 3997 mentis

244 4031 404 4101 conceptus
425 4026 455 4083 in
478 4026 550 4103 ipsis
570 4025 659 4085 rebus
682 4024 865 4086 naturalibus
888 4034 918 4087 et
940 4026 1132 4102 coelestibus,
1155 4043 1220 4086 cnm
1242 4029 1406 4105 proprietas
1428 4026 1502 4087 baec
1524 4041 1598 4084 can·

245 4115 405 4190 gruentias,
429 4115 558 4190 quaein
581 4118 756 4171 sudaturam
779 4119 809 4175 et
829 4115 1063 4191 corporationem
1085 4114 1214 4192 aliquam
1237 4116 1310 4189 exit,
1332 4113 1401 4175 talis
1424 4115 1471 4191 sit,
1494 4121 1528 4172 nt
1549 4111 1600 4173 rel

246 4204 313 4279 ipsa
333 4208 461 4261 mentem
482 4199 705 4278 speculatricem
726 4202 832 4261 inritet
854 4201 892 4261 ad
914 4201 1027 4279 aliquid
1044 4205 1134 4263 etiam
1147 4202 1218 4262 foris
1232 4201 1406 4276 laciendum,
1430 4199 1602 4275 creandum,

246 4287 473 4366 corporandum,
503 4296 594 4365 utque
621 4286 716 4348 latens
743 4288 811 4348 iude
841 4290 879 4349 ab
911 4297 1030 4350 aeterna
1059 4293 1090 4349 iu
1112 4288 1355 4366 superbenedicta
1376 4289 1474 4349 meat'e
1497 4288 1632 4373 diviua!

245 4394 298 4454 per
320 4376 451 4436 idearum
474 4375 590 4436 ordines
613 4383 754 4453 tanquam
776 4377 886 4436 bonum
908 4396 1062 4453 summum,
1085 4372 1132 4439 aui
1147 4380 1432 4452 communicativum,
1458 4379 1599 4438 contineri

246 4466 276 4523 in
299 4481 354 4524 sua
375 4465 572 4525 abstractione
593 4481 652 4523 nan
675 4466 818 4541 potuerit,
842 4470 914 4542 quin
936 4468 966 4524 in
988 4468 1143 4527 creationis
1166 4484 1240 4545 opus
1261 4472 1462 4544 prorumperet
1484 4465 1599 4524 Deum-

246 4569 304 4629 que
333 4561 493 4613 creatorem
522 4552 648 4613 efficeret
678 4569 831 4631 carporum
859 4554 916 4614 sub
943 4554 1048 4614 iisdem
1082 4556 1182 4633 figuris
1210 4552 1422 4616 conclusarum.
1467 4554 1513 4614 De
1542 4553 1600 4614 bac

225 4642 336 4716 igitur
357 4641 514 4717 figurarum
536 4643 726 4718 congruentia
747 4642 851 4719 paucis
872 4659 977 4719 agana
1009 4660 1075 4703 cum
1103 4643 1365 4705 demonstrationes
1389 4640 1521 4702 difficiles
1543 4657 1600 4700 ns·

247 4744 395 4807 quaquam
417 4731 484 4803 sint,
507 4746 562 4790 nec
583 4727 642 4789 alia
663 4746 739 4807 pene
760 4737 915 4808 apparatu,
938 4748 1027 4808 qnam
1043 4734 1109 4810 ipsa
1122 4730 1280 4809 figurarum
1302 4733 1417 4811 pictura
1436 4729 1599 4809 indigeant
