<?xml version="1.0" encoding="UTF-8"?>
<!DOCTYPE html PUBLIC "-//W3C//DTD XHTML 1.0 Transitional//EN"
    "http://www.w3.org/TR/xhtml1/DTD/xhtml1-transitional.dtd">
<html xmlns="http://www.w3.org/1999/xhtml" xml:lang="en" lang="en">
 <head>
  <title>
</title>
<meta http-equiv="Content-Type" content="text/html;charset=utf-8" />
  <meta name='ocr-system' content='tesseract 3.04.00' />
  <meta name='ocr-capabilities' content='ocr_page ocr_carea ocr_par ocr_line ocrx_word'/>
</head>
<body>
  <div class='ocr_page' id='page_1' title='image "./joanniskepleria24frisgoog/joanniskepleria24frisgoog_0219.png"; bbox 0 0 3567 5625; ppageno 0'>
   <div class='ocr_carea' id='block_1_1' title="bbox 738 244 744 274">
    <p class='ocr_par' dir='ltr' id='par_1_1' title="bbox 738 244 744 274">
     <span class='ocr_line' id='line_1_1' title="bbox 738 244 744 274; baseline 0 0"><span class='ocrx_word' id='word_1_1' title='bbox 738 244 744 274; x_wconf 89' lang='grc' dir='ltr'><strong><em>Ι</em></strong></span> 
     </span>
    </p>
   </div>
   <div class='ocr_carea' id='block_1_2' title="bbox 628 417 1521 492">
    <p class='ocr_par' dir='ltr' id='par_1_2' title="bbox 628 417 1521 492">
     <span class='ocr_line' id='line_1_2' title="bbox 628 417 1521 492; baseline 0.021 -18"><span class='ocrx_word' id='word_1_2' title='bbox 628 417 712 475; x_wconf 73' lang='lat' dir='ltr'><strong>Liber</strong></span> <span class='ocrx_word' id='word_1_3' title='bbox 727 418 777 479; x_wconf 74' lang='grc' dir='ltr'><strong>ΠΙ,</strong></span> <span class='ocrx_word' id='word_1_4' title='bbox 794 419 934 491; x_wconf 81' lang='lat' dir='ltr'><strong>Digressio</strong></span> <span class='ocrx_word' id='word_1_5' title='bbox 951 419 1069 490; x_wconf 84' lang='lat' dir='ltr'><strong>politica.</strong></span> <span class='ocrx_word' id='word_1_6' title='bbox 1321 418 1325 423; x_wconf 43' lang='lat'>⁵</span> <span class='ocrx_word' id='word_1_7' title='bbox 1461 434 1521 492; x_wconf 81' lang='grc'><strong>191</strong></span> 
     </span>
    </p>
   </div>
   <div class='ocr_carea' id='block_1_3' title="bbox 176 590 1627 1901">
    <p class='ocr_par' dir='ltr' id='par_1_3' title="bbox 176 590 1627 1901">
     <span class='ocr_line' id='line_1_3' title="bbox 176 590 1627 682; baseline 0.006 -27"><span class='ocrx_word' id='word_1_8' title='bbox 176 595 251 655; x_wconf 86' lang='grc'>10100</span> <span class='ocrx_word' id='word_1_9' title='bbox 271 600 460 674; x_wconf 74' lang='lat' dir='ltr'><strong>persuasione</strong></span> <span class='ocrx_word' id='word_1_10' title='bbox 482 598 617 658; x_wconf 84' lang='lat' dir='ltr'><strong>dixerunt</strong></span> <span class='ocrx_word' id='word_1_11' title='bbox 635 598 845 681; x_wconf 40' lang='lat' dir='ltr'><strong>&#39;hammonicam</strong></span> <span class='ocrx_word' id='word_1_12' title='bbox 890 598 966 657; x_wconf 86' lang='lat' dir='ltr'><strong>Dico</strong></span> <span class='ocrx_word' id='word_1_13' title='bbox 994 599 1223 675; x_wconf 79' lang='lat' dir='ltr'>quadamtenus,</span> <span class='ocrx_word' id='word_1_14' title='bbox 1256 603 1439 662; x_wconf 85' lang='lat' dir='ltr'><strong>ninimirum</strong></span> <span class='ocrx_word' id='word_1_15' title='bbox 1468 610 1521 682; x_wconf 82' lang='lat' dir='ltr'><strong>pro</strong></span> <span class='ocrx_word' id='word_1_16' title='bbox 1620 590 1627 600; x_wconf 74' lang='grc'><strong>’</strong></span> 
     </span>
     <span class='ocr_line' id='line_1_4' title="bbox 176 685 1523 763; baseline 0.007 -21"><span class='ocrx_word' id='word_1_17' title='bbox 176 686 346 744; x_wconf 80' lang='lat' dir='ltr'><strong>rationibus</strong></span> <span class='ocrx_word' id='word_1_18' title='bbox 366 688 549 763; x_wconf 66' lang='lat' dir='ltr'><strong>aequalium</strong></span> <span class='ocrx_word' id='word_1_19' title='bbox 580 685 726 761; x_wconf 81' lang='lat' dir='ltr'><strong>intelligas</strong></span> <span class='ocrx_word' id='word_1_20' title='bbox 753 685 945 745; x_wconf 88' lang='lat' dir='ltr'><strong>mediationes</strong></span> <span class='ocrx_word' id='word_1_21' title='bbox 968 686 1186 761; x_wconf 86' lang='lat' dir='ltr'><strong>arithmeticas,</strong></span> <span class='ocrx_word' id='word_1_22' title='bbox 1221 690 1250 745; x_wconf 90' lang='lat' dir='ltr'><strong>in</strong></span> <span class='ocrx_word' id='word_1_23' title='bbox 1283 689 1357 749; x_wconf 90' lang='lat' dir='ltr'><strong>alios</strong></span> <span class='ocrx_word' id='word_1_24' title='bbox 1387 708 1523 752; x_wconf 91' lang='lat' dir='ltr'><strong>numeros</strong></span> 
     </span>
     <span class='ocr_line' id='line_1_5' title="bbox 179 772 1520 855; baseline 0.007 -26"><span class='ocrx_word' id='word_1_25' title='bbox 179 772 407 847; x_wconf 69' lang='lat' dir='ltr'><strong>transformatus,</strong></span> <span class='ocrx_word' id='word_1_26' title='bbox 431 776 460 831; x_wconf 92' lang='lat' dir='ltr'><strong>in</strong></span> <span class='ocrx_word' id='word_1_27' title='bbox 483 775 589 850; x_wconf 90' lang='lat' dir='ltr'><strong>quihus</strong></span> <span class='ocrx_word' id='word_1_28' title='bbox 611 789 670 831; x_wconf 93' lang='lat' dir='ltr'><strong>non</strong></span> <span class='ocrx_word' id='word_1_29' title='bbox 693 774 732 841; x_wconf 85' lang='lat' dir='ltr'><strong>sit</strong></span> <span class='ocrx_word' id='word_1_30' title='bbox 753 789 890 849; x_wconf 88' lang='lat' dir='ltr'><strong>expressa</strong></span> <span class='ocrx_word' id='word_1_31' title='bbox 913 773 1076 849; x_wconf 78' lang='lat' dir='ltr'><strong>aequalitas</strong></span> <span class='ocrx_word' id='word_1_32' title='bbox 1099 791 1270 836; x_wconf 81' lang='lat' dir='ltr'><strong>excessuum</strong></span> <span class='ocrx_word' id='word_1_33' title='bbox 1286 776 1419 852; x_wconf 88' lang='lat' dir='ltr'><strong>actualis,</strong></span> <span class='ocrx_word' id='word_1_34' title='bbox 1443 797 1520 855; x_wconf 88' lang='lat' dir='ltr'><strong>quae</strong></span> 
     </span>
     <span class='ocr_line' id='line_1_6' title="bbox 177 859 1524 939; baseline 0.007 -23"><span class='ocrx_word' id='word_1_35' title='bbox 177 869 240 917; x_wconf 88' lang='lat' dir='ltr'><strong>erat</strong></span> <span class='ocrx_word' id='word_1_36' title='bbox 261 862 415 935; x_wconf 89' lang='lat' dir='ltr'><strong>inprimis</strong></span> <span class='ocrx_word' id='word_1_37' title='bbox 437 862 538 920; x_wconf 89' lang='lat' dir='ltr'><strong>trihus.</strong></span> <span class='ocrx_word' id='word_1_38' title='bbox 582 860 656 919; x_wconf 79' lang='lat' dir='ltr'><strong>Nau]</strong></span> <span class='ocrx_word' id='word_1_39' title='bbox 680 867 812 919; x_wconf 85' lang='lat' dir='ltr'><strong>veterum</strong></span> <span class='ocrx_word' id='word_1_40' title='bbox 833 859 1003 919; x_wconf 88' lang='lat' dir='ltr'><strong>harmonica</strong></span> <span class='ocrx_word' id='word_1_41' title='bbox 1022 860 1164 922; x_wconf 83' lang='lat' dir='ltr'><strong>medietas</strong></span> <span class='ocrx_word' id='word_1_42' title='bbox 1186 865 1382 939; x_wconf 85' lang='lat' dir='ltr'><strong>propriissime</strong></span> <span class='ocrx_word' id='word_1_43' title='bbox 1405 867 1448 924; x_wconf 93' lang='lat' dir='ltr'><strong>sic</strong></span> <span class='ocrx_word' id='word_1_44' title='bbox 1471 867 1524 925; x_wconf 89' lang='grc'><strong>00-</strong></span> 
     </span>
     <span class='ocr_line' id='line_1_7' title="bbox 177 946 1523 1027; baseline 0.007 -24"><span class='ocrx_word' id='word_1_45' title='bbox 177 946 283 1020; x_wconf 89' lang='lat' dir='ltr'><strong>finitur,</strong></span> <span class='ocrx_word' id='word_1_46' title='bbox 306 947 385 1024; x_wconf 86' lang='lat' dir='ltr'><strong>quud</strong></span> <span class='ocrx_word' id='word_1_47' title='bbox 407 951 446 1007; x_wconf 91' lang='grc'><strong>011</strong></span> <span class='ocrx_word' id='word_1_48' title='bbox 467 965 639 1008; x_wconf 65' lang='lat' dir='ltr'><strong>meatuum</strong></span> <span class='ocrx_word' id='word_1_49' title='bbox 661 951 740 1006; x_wconf 79' lang='lat' dir='ltr'><strong>inter</strong></span> <span class='ocrx_word' id='word_1_50' title='bbox 762 954 821 1005; x_wconf 87' lang='lat' dir='ltr'><strong>tres</strong></span> <span class='ocrx_word' id='word_1_51' title='bbox 842 964 986 1007; x_wconf 82' lang='lat' dir='ltr'><strong>numeros</strong></span> <span class='ocrx_word' id='word_1_52' title='bbox 1008 949 1111 1007; x_wconf 81' lang='lat' dir='ltr'><strong>eudem</strong></span> <span class='ocrx_word' id='word_1_53' title='bbox 1129 952 1297 1025; x_wconf 77' lang='lat' dir='ltr'><strong>proportio,</strong></span> <span class='ocrx_word' id='word_1_54' title='bbox 1321 970 1400 1027; x_wconf 82' lang='lat' dir='ltr'><strong>quae</strong></span> <span class='ocrx_word' id='word_1_55' title='bbox 1423 950 1523 1013; x_wconf 73' lang='lat' dir='ltr'><strong>estre-</strong></span> 
     </span>
     <span class='ocr_line' id='line_1_8' title="bbox 178 1032 1526 1110; baseline 0.003 -16"><span class='ocrx_word' id='word_1_56' title='bbox 178 1052 316 1109; x_wconf 85' lang='lat' dir='ltr'><strong>merum,</strong></span> <span class='ocrx_word' id='word_1_57' title='bbox 346 1036 493 1107; x_wconf 82' lang='grc'>011011,</span> <span class='ocrx_word' id='word_1_58' title='bbox 524 1038 560 1109; x_wconf 99' lang='grc'>4,</span> <span class='ocrx_word' id='word_1_59' title='bbox 593 1037 620 1094; x_wconf 90' lang='grc'><strong>6.</strong></span> <span class='ocrx_word' id='word_1_60' title='bbox 667 1032 839 1110; x_wconf 76' lang='lat' dir='ltr'><strong>Quicunque</strong></span> <span class='ocrx_word' id='word_1_61' title='bbox 863 1035 937 1095; x_wconf 87' lang='lat' dir='ltr'><strong>tales</strong></span> <span class='ocrx_word' id='word_1_62' title='bbox 960 1044 1018 1094; x_wconf 87' lang='lat' dir='ltr'><strong>tres</strong></span> <span class='ocrx_word' id='word_1_63' title='bbox 1040 1039 1150 1095; x_wconf 90' lang='lat' dir='ltr'><strong>numeri</strong></span> <span class='ocrx_word' id='word_1_64' title='bbox 1174 1046 1257 1110; x_wconf 88' lang='lat' dir='ltr'><strong>snut,</strong></span> <span class='ocrx_word' id='word_1_65' title='bbox 1288 1040 1352 1098; x_wconf 85' lang='lat' dir='ltr'><strong>sive</strong></span> <span class='ocrx_word' id='word_1_66' title='bbox 1375 1057 1443 1099; x_wconf 88' lang='lat' dir='ltr'><strong>vere</strong></span> <span class='ocrx_word' id='word_1_67' title='bbox 1466 1042 1526 1098; x_wconf 88' lang='lat' dir='ltr'><strong>sint</strong></span> 
     </span>
     <span class='ocr_line' id='line_1_9' title="bbox 179 1121 1525 1208; baseline 0.005 -29"><span class='ocrx_word' id='word_1_68' title='bbox 179 1121 339 1181; x_wconf 78' lang='lat' dir='ltr'><strong>harmonici</strong></span> <span class='ocrx_word' id='word_1_69' title='bbox 360 1125 425 1182; x_wconf 87' lang='lat' dir='ltr'><strong>sire</strong></span> <span class='ocrx_word' id='word_1_70' title='bbox 446 1139 505 1182; x_wconf 89' lang='grc'><strong>000</strong></span> <span class='ocrx_word' id='word_1_71' title='bbox 528 1124 603 1196; x_wconf 91' lang='grc'>0101,</span> <span class='ocrx_word' id='word_1_72' title='bbox 635 1139 750 1199; x_wconf 89' lang='lat' dir='ltr'><strong>semper</strong></span> <span class='ocrx_word' id='word_1_73' title='bbox 770 1124 799 1179; x_wconf 91' lang='grc'><strong>10</strong></span> <span class='ocrx_word' id='word_1_74' title='bbox 823 1124 858 1179; x_wconf 85' lang='grc'><strong>110</strong></span> <span class='ocrx_word' id='word_1_75' title='bbox 881 1138 982 1181; x_wconf 88' lang='lat' dir='ltr'><strong>verum</strong></span> <span class='ocrx_word' id='word_1_76' title='bbox 1006 1131 1066 1193; x_wconf 90' lang='lat' dir='ltr'><strong>est,</strong></span> <span class='ocrx_word' id='word_1_77' title='bbox 1095 1128 1229 1184; x_wconf 82' lang='lat' dir='ltr'><strong>rationes</strong></span> <span class='ocrx_word' id='word_1_78' title='bbox 1257 1125 1433 1202; x_wconf 79' lang='lat' dir='ltr'><strong>aequalium</strong></span> <span class='ocrx_word' id='word_1_79' title='bbox 1456 1123 1525 1208; x_wconf 87' lang='lat' dir='ltr'><strong>(scu</strong></span> 
     </span>
     <span class='ocr_line' id='line_1_10' title="bbox 177 1205 1524 1292; baseline 0.004 -25"><span class='ocrx_word' id='word_1_80' title='bbox 177 1211 276 1285; x_wconf 92' lang='lat' dir='ltr'><strong>potius</strong></span> <span class='ocrx_word' id='word_1_81' title='bbox 309 1206 522 1292; x_wconf 83' lang='lat' dir='ltr'><strong>arithmeticas)</strong></span> <span class='ocrx_word' id='word_1_82' title='bbox 551 1217 580 1268; x_wconf 89' lang='lat' dir='ltr'><strong>et</strong></span> <span class='ocrx_word' id='word_1_83' title='bbox 606 1210 753 1269; x_wconf 71' lang='lat' dir='ltr'><strong>amusan</strong></span> <span class='ocrx_word' id='word_1_84' title='bbox 775 1205 843 1291; x_wconf 83' lang='lat' dir='ltr'><strong>(seu</strong></span> <span class='ocrx_word' id='word_1_85' title='bbox 872 1205 1080 1291; x_wconf 87' lang='lat' dir='ltr'><strong>geometricas)</strong></span> <span class='ocrx_word' id='word_1_86' title='bbox 1103 1228 1161 1271; x_wconf 82' lang='lat' dir='ltr'><strong>ease</strong></span> <span class='ocrx_word' id='word_1_87' title='bbox 1191 1214 1332 1290; x_wconf 63' lang='lat' dir='ltr'><strong>contiuua</strong></span> <span class='ocrx_word' id='word_1_88' title='bbox 1358 1230 1417 1272; x_wconf 92' lang='lat' dir='ltr'><strong>une</strong></span> <span class='ocrx_word' id='word_1_89' title='bbox 1446 1222 1524 1273; x_wconf 88' lang='lat' dir='ltr'><strong>certo</strong></span> 
     </span>
     <span class='ocr_line' id='line_1_11' title="bbox 178 1296 1525 1372; baseline 0.004 -18"><span class='ocrx_word' id='word_1_90' title='bbox 178 1296 275 1354; x_wconf 90' lang='lat' dir='ltr'><strong>mede.</strong></span> <span class='ocrx_word' id='word_1_91' title='bbox 321 1296 428 1356; x_wconf 83' lang='lat' dir='ltr'><strong>Modus</strong></span> <span class='ocrx_word' id='word_1_92' title='bbox 450 1306 548 1356; x_wconf 87' lang='lat' dir='ltr'><strong>autem</strong></span> <span class='ocrx_word' id='word_1_93' title='bbox 571 1303 615 1356; x_wconf 88' lang='lat' dir='ltr'><strong>est</strong></span> <span class='ocrx_word' id='word_1_94' title='bbox 636 1297 693 1356; x_wconf 90' lang='lat' dir='ltr'><strong>hic.</strong></span> <span class='ocrx_word' id='word_1_95' title='bbox 740 1297 823 1355; x_wconf 90' lang='lat' dir='ltr'><strong>Datis</strong></span> <span class='ocrx_word' id='word_1_96' title='bbox 846 1299 991 1370; x_wconf 80' lang='lat' dir='ltr'><strong>extremis,</strong></span> <span class='ocrx_word' id='word_1_97' title='bbox 1016 1306 1049 1354; x_wconf 90' lang='lat' dir='ltr'><strong>nt</strong></span> <span class='ocrx_word' id='word_1_98' title='bbox 1072 1301 1100 1371; x_wconf 94' lang='grc'>2,</span> <span class='ocrx_word' id='word_1_99' title='bbox 1126 1299 1154 1372; x_wconf 79' lang='lat' dir='ltr'><strong>t,</strong></span> <span class='ocrx_word' id='word_1_100' title='bbox 1182 1299 1269 1358; x_wconf 89' lang='lat' dir='ltr'><strong>datur</strong></span> <span class='ocrx_word' id='word_1_101' title='bbox 1290 1298 1417 1359; x_wconf 89' lang='lat' dir='ltr'><strong>medinm</strong></span> <span class='ocrx_word' id='word_1_102' title='bbox 1432 1301 1525 1360; x_wconf 88' lang='lat' dir='ltr'><strong>arith·</strong></span> 
     </span>
     <span class='ocr_line' id='line_1_12' title="bbox 178 1384 1525 1465; baseline 0.004 -24"><span class='ocrx_word' id='word_1_103' title='bbox 178 1385 331 1458; x_wconf 89' lang='lat' dir='ltr'><strong>meticum,</strong></span> <span class='ocrx_word' id='word_1_104' title='bbox 355 1384 434 1460; x_wconf 91' lang='lat' dir='ltr'><strong>quod</strong></span> <span class='ocrx_word' id='word_1_105' title='bbox 456 1402 492 1444; x_wconf 92' lang='grc'><strong>00</strong></span> <span class='ocrx_word' id='word_1_106' title='bbox 514 1386 682 1443; x_wconf 90' lang='lat' dir='ltr'><strong>fractionem</strong></span> <span class='ocrx_word' id='word_1_107' title='bbox 704 1384 828 1455; x_wconf 88' lang='lat' dir='ltr'><strong>haheat,</strong></span> <span class='ocrx_word' id='word_1_108' title='bbox 851 1391 1002 1443; x_wconf 91' lang='lat' dir='ltr'><strong>sumantur</strong></span> <span class='ocrx_word' id='word_1_109' title='bbox 1024 1384 1072 1444; x_wconf 95' lang='lat' dir='ltr'><strong>hic</strong></span> <span class='ocrx_word' id='word_1_110' title='bbox 1093 1393 1287 1446; x_wconf 88' lang='lat' dir='ltr'><strong>extremomm</strong></span> <span class='ocrx_word' id='word_1_111' title='bbox 1309 1387 1390 1464; x_wconf 90' lang='lat' dir='ltr'><strong>dupli</strong></span> <span class='ocrx_word' id='word_1_112' title='bbox 1414 1390 1448 1462; x_wconf 86' lang='lat'><strong>4,</strong></span> <span class='ocrx_word' id='word_1_113' title='bbox 1476 1390 1525 1465; x_wconf 87' lang='grc'><strong>10,</strong></span> 
     </span>
     <span class='ocr_line' id='line_1_13' title="bbox 178 1469 1525 1550; baseline 0.003 -21"><span class='ocrx_word' id='word_1_114' title='bbox 178 1471 282 1530; x_wconf 91' lang='lat' dir='ltr'><strong>horum</strong></span> <span class='ocrx_word' id='word_1_115' title='bbox 310 1471 437 1530; x_wconf 91' lang='lat' dir='ltr'><strong>medium</strong></span> <span class='ocrx_word' id='word_1_116' title='bbox 467 1472 679 1531; x_wconf 86' lang='lat' dir='ltr'><strong>arithmeticum</strong></span> <span class='ocrx_word' id='word_1_117' title='bbox 710 1478 754 1531; x_wconf 91' lang='lat' dir='ltr'><strong>est</strong></span> <span class='ocrx_word' id='word_1_118' title='bbox 778 1475 805 1528; x_wconf 89' lang='grc'><strong>7.</strong></span> <span class='ocrx_word' id='word_1_119' title='bbox 850 1469 920 1531; x_wconf 87' lang='lat' dir='ltr'><strong>Jsm</strong></span> <span class='ocrx_word' id='word_1_120' title='bbox 950 1474 979 1529; x_wconf 90' lang='lat' dir='ltr'><strong>in</strong></span> <span class='ocrx_word' id='word_1_121' title='bbox 1009 1471 1061 1530; x_wconf 90' lang='lat' dir='ltr'><strong>tali</strong></span> <span class='ocrx_word' id='word_1_122' title='bbox 1090 1471 1266 1534; x_wconf 80' lang='lat' dir='ltr'><strong>mediatione</strong></span> <span class='ocrx_word' id='word_1_123' title='bbox 1289 1474 1472 1534; x_wconf 88' lang='lat' dir='ltr'><strong>arithmetica</strong></span> <span class='ocrx_word' id='word_1_124' title='bbox 1494 1479 1525 1550; x_wconf 89' lang='grc'>4,-</span> 
     </span>
     <span class='ocr_line' id='line_1_14' title="bbox 180 1558 1525 1639; baseline 0.004 -23"><span class='ocrx_word' id='word_1_125' title='bbox 180 1562 215 1631; x_wconf 92' lang='grc'><strong>7,</strong></span> <span class='ocrx_word' id='word_1_126' title='bbox 248 1559 303 1632; x_wconf 92' lang='grc'><strong>10,</strong></span> <span class='ocrx_word' id='word_1_127' title='bbox 333 1576 504 1619; x_wconf 88' lang='lat' dir='ltr'><strong>excessuum</strong></span> <span class='ocrx_word' id='word_1_128' title='bbox 526 1561 560 1631; x_wconf 87' lang='lat'><strong>3,</strong></span> <span class='ocrx_word' id='word_1_129' title='bbox 594 1558 802 1634; x_wconf 87' lang='lat' dir='ltr'><strong>3aequalinm</strong></span> <span class='ocrx_word' id='word_1_130' title='bbox 827 1575 941 1636; x_wconf 87' lang='lat' dir='ltr'><strong>semper</strong></span> <span class='ocrx_word' id='word_1_131' title='bbox 968 1561 1181 1619; x_wconf 87' lang='lat' dir='ltr'><strong>constituuntur</strong></span> <span class='ocrx_word' id='word_1_132' title='bbox 1212 1561 1287 1621; x_wconf 91' lang='lat' dir='ltr'><strong>duae</strong></span> <span class='ocrx_word' id='word_1_133' title='bbox 1313 1565 1525 1639; x_wconf 87' lang='lat' dir='ltr'><strong>proportiones,</strong></span> 
     </span>
     <span class='ocr_line' id='line_1_15' title="bbox 179 1645 1523 1723; baseline 0.004 -21"><span class='ocrx_word' id='word_1_134' title='bbox 179 1662 238 1704; x_wconf 86' lang='lat' dir='ltr'><strong>una</strong></span> <span class='ocrx_word' id='word_1_135' title='bbox 260 1645 372 1722; x_wconf 75' lang='lat' dir='ltr'><strong>major,</strong></span> <span class='ocrx_word' id='word_1_136' title='bbox 397 1649 471 1706; x_wconf 88' lang='lat' dir='ltr'><strong>inter</strong></span> <span class='ocrx_word' id='word_1_137' title='bbox 492 1648 630 1706; x_wconf 88' lang='lat' dir='ltr'><strong>terminos</strong></span> <span class='ocrx_word' id='word_1_138' title='bbox 654 1648 779 1705; x_wconf 90' lang='lat' dir='ltr'><strong>minores</strong></span> <span class='ocrx_word' id='word_1_139' title='bbox 803 1648 837 1720; x_wconf 87' lang='lat'><strong>4,</strong></span> <span class='ocrx_word' id='word_1_140' title='bbox 863 1650 898 1718; x_wconf 93' lang='grc'><strong>7,</strong></span> <span class='ocrx_word' id='word_1_141' title='bbox 921 1645 1014 1705; x_wconf 88' lang='lat' dir='ltr'><strong>altera</strong></span> <span class='ocrx_word' id='word_1_142' title='bbox 1035 1647 1142 1720; x_wconf 91' lang='lat' dir='ltr'><strong>minor,</strong></span> <span class='ocrx_word' id='word_1_143' title='bbox 1166 1650 1241 1707; x_wconf 88' lang='lat' dir='ltr'><strong>inter</strong></span> <span class='ocrx_word' id='word_1_144' title='bbox 1262 1648 1389 1723; x_wconf 88' lang='lat' dir='ltr'><strong>majores</strong></span> <span class='ocrx_word' id='word_1_145' title='bbox 1420 1653 1448 1723; x_wconf 91' lang='grc'><strong>7,</strong></span> <span class='ocrx_word' id='word_1_146' title='bbox 1475 1653 1523 1709; x_wconf 88' lang='grc'><strong>10.</strong></span> 
     </span>
     <span class='ocr_line' id='line_1_16' title="bbox 181 1731 1525 1808; baseline 0.004 -17"><span class='ocrx_word' id='word_1_147' title='bbox 181 1732 235 1807; x_wconf 83' lang='grc'><strong>001</strong></span> <span class='ocrx_word' id='word_1_148' title='bbox 256 1733 321 1808; x_wconf 83' lang='lat' dir='ltr'><strong>jam</strong></span> <span class='ocrx_word' id='word_1_149' title='bbox 343 1732 408 1793; x_wconf 86' lang='lat' dir='ltr'><strong>vult</strong></span> <span class='ocrx_word' id='word_1_150' title='bbox 428 1732 635 1793; x_wconf 88' lang='lat' dir='ltr'><strong>mediationem</strong></span> <span class='ocrx_word' id='word_1_151' title='bbox 657 1733 856 1792; x_wconf 88' lang='lat' dir='ltr'><strong>harmonicum</strong></span> <span class='ocrx_word' id='word_1_152' title='bbox 879 1734 992 1793; x_wconf 89' lang='lat' dir='ltr'><strong>efficere</strong></span> <span class='ocrx_word' id='word_1_153' title='bbox 1015 1751 1050 1791; x_wconf 92' lang='lat' dir='ltr'><strong>ex</strong></span> <span class='ocrx_word' id='word_1_154' title='bbox 1072 1731 1128 1791; x_wconf 88' lang='lat' dir='ltr'><strong>hac</strong></span> <span class='ocrx_word' id='word_1_155' title='bbox 1151 1735 1332 1795; x_wconf 88' lang='lat' dir='ltr'><strong>arithmetica</strong></span> <span class='ocrx_word' id='word_1_156' title='bbox 1350 1735 1525 1797; x_wconf 77' lang='lat' dir='ltr'><strong>mediatione</strong></span> 
     </span>
     <span class='ocr_line' id='line_1_17' title="bbox 179 1818 1566 1901; baseline 0.004 -23"><span class='ocrx_word' id='word_1_157' title='bbox 179 1829 207 1878; x_wconf 88' lang='lat' dir='ltr'><strong>et</strong></span> <span class='ocrx_word' id='word_1_158' title='bbox 229 1821 256 1878; x_wconf 90' lang='lat' dir='ltr'><strong>ei</strong></span> <span class='ocrx_word' id='word_1_159' title='bbox 280 1818 392 1896; x_wconf 91' lang='lat' dir='ltr'><strong>aliquid</strong></span> <span class='ocrx_word' id='word_1_160' title='bbox 415 1821 572 1880; x_wconf 86' lang='lat' dir='ltr'><strong>admiscere</strong></span> <span class='ocrx_word' id='word_1_161' title='bbox 595 1823 790 1896; x_wconf 83' lang='lat' dir='ltr'><strong>geometricae</strong></span> <span class='ocrx_word' id='word_1_162' title='bbox 812 1819 1014 1891; x_wconf 89' lang='lat' dir='ltr'><strong>mediationis,</strong></span> <span class='ocrx_word' id='word_1_163' title='bbox 1039 1820 1063 1878; x_wconf 92' lang='lat' dir='ltr'><strong>is</strong></span> <span class='ocrx_word' id='word_1_164' title='bbox 1085 1829 1177 1897; x_wconf 90' lang='lat' dir='ltr'><strong>ponat</strong></span> <span class='ocrx_word' id='word_1_165' title='bbox 1198 1824 1337 1883; x_wconf 88' lang='lat' dir='ltr'><strong>minorem</strong></span> <span class='ocrx_word' id='word_1_166' title='bbox 1359 1826 1526 1900; x_wconf 90' lang='lat' dir='ltr'><strong>proportio·</strong></span> <span class='ocrx_word' id='word_1_167' title='bbox 1562 1898 1566 1901; x_wconf 15' lang='grc' dir='ltr'>Π</span> 
     </span>
    </p>
   </div>
   <div class='ocr_carea' id='block_1_4' title="bbox 179 1902 1525 2039">
    <p class='ocr_par' dir='ltr' id='par_1_4' title="bbox 179 1902 1525 2039">
     <span class='ocr_line' id='line_1_18' title="bbox 179 1902 1525 2039; baseline 0.004 -49"><span class='ocrx_word' id='word_1_168' title='bbox 179 1950 244 1992; x_wconf 88' lang='lat' dir='ltr'><strong>nem</strong></span> <span class='ocrx_word' id='word_1_169' title='bbox 266 1932 332 1993; x_wconf 89' lang='lat' dir='ltr'><strong>loco</strong></span> <span class='ocrx_word' id='word_1_170' title='bbox 355 1935 443 2010; x_wconf 92' lang='lat' dir='ltr'><strong>priori</strong></span> <span class='ocrx_word' id='word_1_171' title='bbox 473 1941 502 1992; x_wconf 89' lang='lat' dir='ltr'><strong>ct</strong></span> <span class='ocrx_word' id='word_1_172' title='bbox 524 1934 662 2010; x_wconf 89' lang='lat' dir='ltr'><strong>majorem</strong></span> <span class='ocrx_word' id='word_1_173' title='bbox 692 1934 757 1992; x_wconf 92' lang='lat' dir='ltr'><strong>leco</strong></span> <span class='ocrx_word' id='word_1_174' title='bbox 779 1935 934 2010; x_wconf 89' lang='lat' dir='ltr'><strong>posteriori</strong></span> <span class='ocrx_word' id='word_1_175' title='bbox 955 1902 1005 1964; x_wconf 60' lang='lat'><strong>‘⁸³⁰</strong></span> <span class='ocrx_word' id='word_1_176' title='bbox 1022 1902 1047 1970; x_wconf 79' lang='lat'><strong>⁷²</strong></span> <span class='ocrx_word' id='word_1_177' title='bbox 1070 1905 1102 2039; x_wconf 55' lang='grc' dir='ltr'><strong>’ἓ</strong></span> <span class='ocrx_word' id='word_1_178' title='bbox 1121 1974 1146 2034; x_wconf 68' lang='lat'><strong>7)</strong></span> <span class='ocrx_word' id='word_1_179' title='bbox 1181 1944 1211 1997; x_wconf 90' lang='lat' dir='ltr'><strong>et</strong></span> <span class='ocrx_word' id='word_1_180' title='bbox 1227 1943 1349 2014; x_wconf 88' lang='lat' dir='ltr'><strong>quaerat</strong></span> <span class='ocrx_word' id='word_1_181' title='bbox 1365 1953 1525 2012; x_wconf 90' lang='lat' dir='ltr'><strong>numerum,</strong></span> 
     </span>
    </p>
   </div>
   <div class='ocr_carea' id='block_1_5' title="bbox 178 2044 1527 2300">
    <p class='ocr_par' dir='ltr' id='par_1_5' title="bbox 178 2044 1527 2300">
     <span class='ocr_line' id='line_1_19' title="bbox 180 2044 1525 2124; baseline 0.003 -19"><span class='ocrx_word' id='word_1_182' title='bbox 180 2050 229 2122; x_wconf 91' lang='lat' dir='ltr'><strong>qni</strong></span> <span class='ocrx_word' id='word_1_183' title='bbox 253 2049 297 2105; x_wconf 86' lang='lat' dir='ltr'><strong>sic</strong></span> <span class='ocrx_word' id='word_1_184' title='bbox 318 2046 427 2105; x_wconf 88' lang='lat' dir='ltr'><strong>haheat</strong></span> <span class='ocrx_word' id='word_1_185' title='bbox 449 2046 486 2106; x_wconf 92' lang='grc'><strong>00</strong></span> <span class='ocrx_word' id='word_1_186' title='bbox 514 2048 569 2120; x_wconf 97' lang='grc'><strong>10,</strong></span> <span class='ocrx_word' id='word_1_187' title='bbox 599 2049 675 2105; x_wconf 88' lang='grc'>01001</span> <span class='ocrx_word' id='word_1_188' title='bbox 698 2053 714 2103; x_wconf 87' lang='grc'>4</span> <span class='ocrx_word' id='word_1_189' title='bbox 739 2063 772 2105; x_wconf 84' lang='grc'><strong>00</strong></span> <span class='ocrx_word' id='word_1_190' title='bbox 793 2045 883 2105; x_wconf 88' lang='lat' dir='ltr'><strong>hahet</strong></span> <span class='ocrx_word' id='word_1_191' title='bbox 905 2044 945 2104; x_wconf 91' lang='lat' dir='ltr'><strong>ad</strong></span> <span class='ocrx_word' id='word_1_192' title='bbox 966 2051 1000 2107; x_wconf 83' lang='lat'><strong>7:</strong></span> <span class='ocrx_word' id='word_1_193' title='bbox 1028 2055 1113 2106; x_wconf 89' lang='lat' dir='ltr'><strong>erunt</strong></span> <span class='ocrx_word' id='word_1_194' title='bbox 1134 2055 1193 2113; x_wconf 87' lang='lat' dir='ltr'><strong>tres</strong></span> <span class='ocrx_word' id='word_1_195' title='bbox 1214 2051 1326 2109; x_wconf 88' lang='lat' dir='ltr'><strong>numeri</strong></span> <span class='ocrx_word' id='word_1_196' title='bbox 1348 2051 1392 2108; x_wconf 90' lang='lat' dir='ltr'><strong>sic</strong></span> <span class='ocrx_word' id='word_1_197' title='bbox 1416 2053 1449 2124; x_wconf 92' lang='grc'><strong>7,</strong></span> <span class='ocrx_word' id='word_1_198' title='bbox 1476 2051 1525 2122; x_wconf 89' lang='grc'><strong>10,</strong></span> 
     </span>
     <span class='ocr_line' id='line_1_20' title="bbox 182 2128 1527 2216; baseline 0.002 -24"><span class='ocrx_word' id='word_1_199' title='bbox 182 2128 266 2216; x_wconf 65' lang='grc'><strong>171]2</strong></span> <span class='ocrx_word' id='word_1_200' title='bbox 289 2136 320 2191; x_wconf 90' lang='grc'><strong>10</strong></span> <span class='ocrx_word' id='word_1_201' title='bbox 342 2135 462 2210; x_wconf 75' lang='lat' dir='ltr'><strong>integris</strong></span> <span class='ocrx_word' id='word_1_202' title='bbox 484 2135 559 2194; x_wconf 87' lang='lat' dir='ltr'><strong>iuter</strong></span> <span class='ocrx_word' id='word_1_203' title='bbox 580 2151 612 2191; x_wconf 91' lang='lat' dir='ltr'><strong>se</strong></span> <span class='ocrx_word' id='word_1_204' title='bbox 634 2135 733 2209; x_wconf 90' lang='lat' dir='ltr'><strong>primis</strong></span> <span class='ocrx_word' id='word_1_205' title='bbox 759 2134 807 2206; x_wconf 91' lang='lat'><strong>14,</strong></span> <span class='ocrx_word' id='word_1_206' title='bbox 832 2134 882 2207; x_wconf 93' lang='grc'><strong>20,</strong></span> <span class='ocrx_word' id='word_1_207' title='bbox 907 2134 959 2192; x_wconf 80' lang='lat'><strong>35.</strong></span> <span class='ocrx_word' id='word_1_208' title='bbox 1002 2132 1081 2193; x_wconf 89' lang='lat' dir='ltr'><strong>Huic</strong></span> <span class='ocrx_word' id='word_1_209' title='bbox 1103 2136 1195 2212; x_wconf 83' lang='lat' dir='ltr'><strong>trigae</strong></span> <span class='ocrx_word' id='word_1_210' title='bbox 1218 2145 1264 2196; x_wconf 88' lang='grc'><strong>001</strong></span> <span class='ocrx_word' id='word_1_211' title='bbox 1285 2135 1447 2196; x_wconf 84' lang='lat' dir='ltr'><strong>admixtum</strong></span> <span class='ocrx_word' id='word_1_212' title='bbox 1469 2136 1527 2195; x_wconf 86' lang='lat' dir='ltr'><strong>ali·</strong></span> 
     </span>
     <span class='ocr_line' id='line_1_21' title="bbox 178 2220 1526 2300; baseline 0.004 -23"><span class='ocrx_word' id='word_1_213' title='bbox 178 2220 250 2297; x_wconf 89' lang='lat' dir='ltr'><strong>quid</strong></span> <span class='ocrx_word' id='word_1_214' title='bbox 276 2221 314 2280; x_wconf 91' lang='lat' dir='ltr'><strong>de</strong></span> <span class='ocrx_word' id='word_1_215' title='bbox 343 2221 525 2283; x_wconf 87' lang='lat' dir='ltr'><strong>arithmetica</strong></span> <span class='ocrx_word' id='word_1_216' title='bbox 552 2223 769 2296; x_wconf 86' lang='lat' dir='ltr'><strong>progressione,</strong></span> <span class='ocrx_word' id='word_1_217' title='bbox 800 2236 858 2278; x_wconf 90' lang='lat' dir='ltr'><strong>noo</strong></span> <span class='ocrx_word' id='word_1_218' title='bbox 887 2229 1022 2280; x_wconf 90' lang='lat' dir='ltr'><strong>manente</strong></span> <span class='ocrx_word' id='word_1_219' title='bbox 1045 2229 1143 2280; x_wconf 90' lang='lat' dir='ltr'><strong>tamen</strong></span> <span class='ocrx_word' id='word_1_220' title='bbox 1173 2223 1237 2298; x_wconf 90' lang='lat' dir='ltr'><strong>ejus</strong></span> <span class='ocrx_word' id='word_1_221' title='bbox 1264 2223 1442 2300; x_wconf 89' lang='lat' dir='ltr'><strong>aequalitate</strong></span> <span class='ocrx_word' id='word_1_222' title='bbox 1471 2239 1526 2282; x_wconf 86' lang='lat' dir='ltr'><strong>ex·</strong></span> 
     </span>
    </p>
   </div>
   <div class='ocr_carea' id='block_1_6' title="bbox 177 2306 1594 3607">
    <p class='ocr_par' dir='ltr' id='par_1_6' title="bbox 177 2306 1594 3155">
     <span class='ocr_line' id='line_1_22' title="bbox 178 2306 1526 2384; baseline 0.001 -18"><span class='ocrx_word' id='word_1_223' title='bbox 178 2326 287 2384; x_wconf 81' lang='lat' dir='ltr'><strong>pressa</strong></span> <span class='ocrx_word' id='word_1_224' title='bbox 332 2307 409 2367; x_wconf 85' lang='lat' dir='ltr'><strong>Nam</strong></span> <span class='ocrx_word' id='word_1_225' title='bbox 433 2316 554 2384; x_wconf 89' lang='lat' dir='ltr'><strong>utraque</strong></span> <span class='ocrx_word' id='word_1_226' title='bbox 578 2311 724 2384; x_wconf 87' lang='lat' dir='ltr'><strong>proportio</strong></span> <span class='ocrx_word' id='word_1_227' title='bbox 748 2306 933 2366; x_wconf 87' lang='lat' dir='ltr'><strong>mediationis</strong></span> <span class='ocrx_word' id='word_1_228' title='bbox 956 2306 1156 2368; x_wconf 87' lang='lat' dir='ltr'><strong>arithmeticae</strong></span> <span class='ocrx_word' id='word_1_229' title='bbox 1179 2312 1311 2384; x_wconf 75' lang='lat' dir='ltr'><strong>intent,</strong></span> <span class='ocrx_word' id='word_1_230' title='bbox 1337 2315 1374 2384; x_wconf 93' lang='grc'><strong>7,</strong></span> <span class='ocrx_word' id='word_1_231' title='bbox 1401 2312 1439 2369; x_wconf 91' lang='grc'><strong>10</strong></span> <span class='ocrx_word' id='word_1_232' title='bbox 1461 2310 1526 2370; x_wconf 91' lang='lat' dir='ltr'><strong>eol·</strong></span> 
     </span>
     <span class='ocr_line' id='line_1_23' title="bbox 177 2395 1526 2472; baseline 0.001 -19"><span class='ocrx_word' id='word_1_233' title='bbox 177 2395 239 2455; x_wconf 89' lang='grc'>1010</span> <span class='ocrx_word' id='word_1_234' title='bbox 261 2395 321 2454; x_wconf 90' lang='lat' dir='ltr'><strong>hue</strong></span> <span class='ocrx_word' id='word_1_235' title='bbox 342 2405 403 2466; x_wconf 87' lang='lat' dir='ltr'><strong>est,</strong></span> <span class='ocrx_word' id='word_1_236' title='bbox 433 2402 546 2455; x_wconf 90' lang='lat' dir='ltr'><strong>tautum</strong></span> <span class='ocrx_word' id='word_1_237' title='bbox 569 2396 628 2454; x_wconf 85' lang='lat' dir='ltr'><strong>situ</strong></span> <span class='ocrx_word' id='word_1_238' title='bbox 650 2401 795 2467; x_wconf 81' lang='lat' dir='ltr'><strong>mutst03.</strong></span> <span class='ocrx_word' id='word_1_239' title='bbox 810 2395 887 2453; x_wconf 88' lang='lat' dir='ltr'><strong>sicut</strong></span> <span class='ocrx_word' id='word_1_240' title='bbox 909 2397 985 2455; x_wconf 82' lang='lat' dir='ltr'><strong>eninr</strong></span> <span class='ocrx_word' id='word_1_241' title='bbox 1015 2396 1054 2454; x_wconf 90' lang='lat' dir='ltr'><strong>ihi</strong></span> <span class='ocrx_word' id='word_1_242' title='bbox 1077 2398 1188 2471; x_wconf 87' lang='lat' dir='ltr'><strong>priores</strong></span> <span class='ocrx_word' id='word_1_243' title='bbox 1211 2398 1341 2472; x_wconf 85' lang='lat' dir='ltr'><strong>termini,</strong></span> <span class='ocrx_word' id='word_1_244' title='bbox 1371 2396 1484 2457; x_wconf 87' lang='lat' dir='ltr'><strong>seilicet</strong></span> <span class='ocrx_word' id='word_1_245' title='bbox 1506 2399 1526 2455; x_wconf 85' lang='lat'>4</span> 
     </span>
     <span class='ocr_line' id='line_1_24' title="bbox 177 2482 1594 2559; baseline 0 -17"><span class='ocrx_word' id='word_1_246' title='bbox 177 2484 214 2542; x_wconf 89' lang='lat' dir='ltr'><strong>ud</strong></span> <span class='ocrx_word' id='word_1_247' title='bbox 241 2487 275 2555; x_wconf 93' lang='grc'><strong>7,</strong></span> <span class='ocrx_word' id='word_1_248' title='bbox 306 2483 350 2540; x_wconf 91' lang='grc'><strong>010</strong></span> <span class='ocrx_word' id='word_1_249' title='bbox 371 2482 419 2541; x_wconf 93' lang='lat' dir='ltr'><strong>hic</strong></span> <span class='ocrx_word' id='word_1_250' title='bbox 441 2484 615 2558; x_wconf 85' lang='lat' dir='ltr'><strong>posteriores</strong></span> <span class='ocrx_word' id='word_1_251' title='bbox 645 2484 685 2540; x_wconf 94' lang='grc'><strong>20</strong></span> <span class='ocrx_word' id='word_1_252' title='bbox 709 2482 746 2541; x_wconf 90' lang='grc'><strong>00</strong></span> <span class='ocrx_word' id='word_1_253' title='bbox 770 2482 820 2540; x_wconf 83' lang='grc'><strong>35.</strong></span> <span class='ocrx_word' id='word_1_254' title='bbox 866 2482 903 2540; x_wconf 85' lang='lat' dir='ltr'><strong>Et</strong></span> <span class='ocrx_word' id='word_1_255' title='bbox 926 2483 1066 2542; x_wconf 84' lang='grc'>01001161</span> <span class='ocrx_word' id='word_1_256' title='bbox 1091 2485 1268 2559; x_wconf 88' lang='lat' dir='ltr'><strong>posteriores</strong></span> <span class='ocrx_word' id='word_1_257' title='bbox 1293 2489 1310 2543; x_wconf 91' lang='grc'>7</span> <span class='ocrx_word' id='word_1_258' title='bbox 1335 2483 1373 2544; x_wconf 82' lang='lat' dir='ltr'><strong>ad</strong></span> <span class='ocrx_word' id='word_1_259' title='bbox 1398 2486 1454 2556; x_wconf 87' lang='lat'><strong>10,</strong></span> <span class='ocrx_word' id='word_1_260' title='bbox 1484 2485 1527 2543; x_wconf 86' lang='lat' dir='ltr'><strong>sic</strong></span> <span class='ocrx_word' id='word_1_261' title='bbox 1590 2488 1594 2505; x_wconf 88' lang='lat'><em>&#39;</em></span> 
     </span>
     <span class='ocr_line' id='line_1_25' title="bbox 177 2564 1528 2650; baseline 0.001 -23"><span class='ocrx_word' id='word_1_262' title='bbox 177 2570 223 2637; x_wconf 81' lang='lat' dir='ltr'><strong>liic</strong></span> <span class='ocrx_word' id='word_1_263' title='bbox 246 2571 357 2647; x_wconf 87' lang='lat' dir='ltr'><strong>priores</strong></span> <span class='ocrx_word' id='word_1_264' title='bbox 384 2571 422 2627; x_wconf 92' lang='grc'><strong>14</strong></span> <span class='ocrx_word' id='word_1_265' title='bbox 445 2569 483 2629; x_wconf 91' lang='grc'><strong>00</strong></span> <span class='ocrx_word' id='word_1_266' title='bbox 506 2572 557 2631; x_wconf 91' lang='grc'><strong>20.</strong></span> <span class='ocrx_word' id='word_1_267' title='bbox 604 2570 655 2628; x_wconf 77' lang='lat' dir='ltr'><strong>list</strong></span> <span class='ocrx_word' id='word_1_268' title='bbox 678 2569 771 2628; x_wconf 89' lang='lat' dir='ltr'><strong>eidem</strong></span> <span class='ocrx_word' id='word_1_269' title='bbox 802 2569 932 2627; x_wconf 86' lang='lat' dir='ltr'><strong>vicissim</strong></span> <span class='ocrx_word' id='word_1_270' title='bbox 962 2571 1049 2628; x_wconf 90' lang='lat' dir='ltr'><strong>etiam</strong></span> <span class='ocrx_word' id='word_1_271' title='bbox 1072 2564 1233 2631; x_wconf 85' lang='lat' dir='ltr'><strong>admixtum</strong></span> <span class='ocrx_word' id='word_1_272' title='bbox 1261 2570 1373 2650; x_wconf 88' lang='lat' dir='ltr'><strong>aliquid</strong></span> <span class='ocrx_word' id='word_1_273' title='bbox 1396 2568 1432 2631; x_wconf 88' lang='grc'><strong>00</strong></span> <span class='ocrx_word' id='word_1_274' title='bbox 1454 2586 1528 2646; x_wconf 86' lang='lat' dir='ltr'><strong>geu·</strong></span> 
     </span>
     <span class='ocr_line' id='line_1_26' title="bbox 178 2656 1527 2734; baseline 0 -18"><span class='ocrx_word' id='word_1_275' title='bbox 178 2660 299 2716; x_wconf 87' lang='lat' dir='ltr'><strong>metrica</strong></span> <span class='ocrx_word' id='word_1_276' title='bbox 320 2656 507 2717; x_wconf 87' lang='lat' dir='ltr'><strong>mediatione.</strong></span> <span class='ocrx_word' id='word_1_277' title='bbox 550 2656 626 2717; x_wconf 84' lang='lat' dir='ltr'><strong>Nam</strong></span> <span class='ocrx_word' id='word_1_278' title='bbox 647 2659 741 2716; x_wconf 88' lang='lat' dir='ltr'><strong>minor</strong></span> <span class='ocrx_word' id='word_1_279' title='bbox 764 2658 912 2734; x_wconf 82' lang='lat' dir='ltr'><strong>proportio</strong></span> <span class='ocrx_word' id='word_1_280' title='bbox 937 2659 970 2730; x_wconf 90' lang='grc'><strong>7,</strong></span> <span class='ocrx_word' id='word_1_281' title='bbox 1004 2659 1042 2717; x_wconf 91' lang='grc'><strong>10</strong></span> <span class='ocrx_word' id='word_1_282' title='bbox 1064 2660 1161 2733; x_wconf 86' lang='lat' dir='ltr'><strong>posits</strong></span> <span class='ocrx_word' id='word_1_283' title='bbox 1184 2666 1228 2718; x_wconf 92' lang='lat' dir='ltr'><strong>est</strong></span> <span class='ocrx_word' id='word_1_284' title='bbox 1250 2658 1288 2717; x_wconf 90' lang='grc'><strong>00</strong></span> <span class='ocrx_word' id='word_1_285' title='bbox 1310 2660 1447 2719; x_wconf 89' lang='lat' dir='ltr'><strong>terminos</strong></span> <span class='ocrx_word' id='word_1_286' title='bbox 1469 2659 1527 2716; x_wconf 89' lang='lat' dir='ltr'><strong>mi·</strong></span> 
     </span>
     <span class='ocr_line' id='line_1_27' title="bbox 179 2743 1527 2823; baseline 0.001 -21"><span class='ocrx_word' id='word_1_287' title='bbox 179 2761 264 2804; x_wconf 90' lang='lat' dir='ltr'><strong>nores</strong></span> <span class='ocrx_word' id='word_1_288' title='bbox 291 2745 329 2801; x_wconf 89' lang='grc'><strong>14</strong></span> <span class='ocrx_word' id='word_1_289' title='bbox 353 2753 383 2803; x_wconf 91' lang='grc'><strong>01</strong></span> <span class='ocrx_word' id='word_1_290' title='bbox 406 2746 462 2819; x_wconf 89' lang='grc'><strong>20,</strong></span> <span class='ocrx_word' id='word_1_291' title='bbox 493 2746 586 2822; x_wconf 89' lang='lat' dir='ltr'><strong>major</strong></span> <span class='ocrx_word' id='word_1_292' title='bbox 610 2748 644 2819; x_wconf 87' lang='grc'><strong>4,</strong></span> <span class='ocrx_word' id='word_1_293' title='bbox 676 2747 692 2800; x_wconf 89' lang='grc'>7</span> <span class='ocrx_word' id='word_1_294' title='bbox 717 2743 755 2802; x_wconf 89' lang='grc'><strong>00</strong></span> <span class='ocrx_word' id='word_1_295' title='bbox 778 2743 904 2819; x_wconf 90' lang='lat' dir='ltr'><strong>majores</strong></span> <span class='ocrx_word' id='word_1_296' title='bbox 927 2745 968 2803; x_wconf 88' lang='grc'><strong>20</strong></span> <span class='ocrx_word' id='word_1_297' title='bbox 991 2752 1020 2802; x_wconf 89' lang='grc'><strong>01</strong></span> <span class='ocrx_word' id='word_1_298' title='bbox 1043 2746 1094 2816; x_wconf 83' lang='grc'><strong>35,</strong></span> <span class='ocrx_word' id='word_1_299' title='bbox 1123 2752 1153 2805; x_wconf 92' lang='grc'><strong>01</strong></span> <span class='ocrx_word' id='word_1_300' title='bbox 1175 2744 1302 2823; x_wconf 88' lang='grc'>0001000</span> <span class='ocrx_word' id='word_1_301' title='bbox 1324 2745 1372 2821; x_wconf 89' lang='lat' dir='ltr'><strong>iit,</strong></span> <span class='ocrx_word' id='word_1_302' title='bbox 1395 2751 1429 2805; x_wconf 90' lang='lat' dir='ltr'><strong>nt</strong></span> <span class='ocrx_word' id='word_1_303' title='bbox 1450 2747 1527 2804; x_wconf 91' lang='lat' dir='ltr'><strong>sieut</strong></span> 
     </span>
     <span class='ocr_line' id='line_1_28' title="bbox 179 2831 1526 2903; baseline 0 -10"><span class='ocrx_word' id='word_1_304' title='bbox 179 2842 222 2893; x_wconf 89' lang='lat' dir='ltr'><strong>est</strong></span> <span class='ocrx_word' id='word_1_305' title='bbox 244 2834 383 2892; x_wconf 89' lang='lat' dir='ltr'><strong>minimus</strong></span> <span class='ocrx_word' id='word_1_306' title='bbox 406 2835 544 2893; x_wconf 90' lang='lat' dir='ltr'><strong>terminus</strong></span> <span class='ocrx_word' id='word_1_307' title='bbox 572 2834 610 2890; x_wconf 91' lang='grc'><strong>14</strong></span> <span class='ocrx_word' id='word_1_308' title='bbox 633 2831 670 2891; x_wconf 88' lang='grc'><strong>00</strong></span> <span class='ocrx_word' id='word_1_309' title='bbox 693 2832 851 2891; x_wconf 85' lang='lat' dir='ltr'><strong>maximum</strong></span> <span class='ocrx_word' id='word_1_310' title='bbox 874 2831 926 2903; x_wconf 81' lang='lat' dir='ltr'><strong>ts,</strong></span> <span class='ocrx_word' id='word_1_311' title='bbox 949 2833 992 2890; x_wconf 88' lang='lat' dir='ltr'><strong>sic</strong></span> <span class='ocrx_word' id='word_1_312' title='bbox 1014 2832 1054 2890; x_wconf 92' lang='lat' dir='ltr'><strong>sit</strong></span> <span class='ocrx_word' id='word_1_313' title='bbox 1076 2831 1238 2895; x_wconf 81' lang='lat' dir='ltr'><strong>differentia</strong></span> <span class='ocrx_word' id='word_1_314' title='bbox 1260 2836 1353 2894; x_wconf 88' lang='lat' dir='ltr'><strong>minor</strong></span> <span class='ocrx_word' id='word_1_315' title='bbox 1370 2831 1443 2893; x_wconf 82' lang='lat' dir='ltr'><strong>tad</strong></span> <span class='ocrx_word' id='word_1_316' title='bbox 1459 2851 1526 2893; x_wconf 85' lang='lat' dir='ltr'><strong>rua·</strong></span> 
     </span>
     <span class='ocr_line' id='line_1_29' title="bbox 177 2913 1528 2998; baseline -0.001 -19"><span class='ocrx_word' id='word_1_317' title='bbox 177 2920 272 2996; x_wconf 86' lang='lat' dir='ltr'><strong>jerem</strong></span> <span class='ocrx_word' id='word_1_318' title='bbox 298 2922 346 2978; x_wconf 82' lang='lat'><strong>15.</strong></span> <span class='ocrx_word' id='word_1_319' title='bbox 393 2918 476 2979; x_wconf 85' lang='lat' dir='ltr'><strong>Haec</strong></span> <span class='ocrx_word' id='word_1_320' title='bbox 498 2913 596 2980; x_wconf 86' lang='lat' dir='ltr'><strong>emnia</strong></span> <span class='ocrx_word' id='word_1_321' title='bbox 620 2936 687 2978; x_wconf 89' lang='lat' dir='ltr'><strong>vero</strong></span> <span class='ocrx_word' id='word_1_322' title='bbox 711 2921 829 2996; x_wconf 87' lang='lat' dir='ltr'><strong>sapiunt</strong></span> <span class='ocrx_word' id='word_1_323' title='bbox 851 2917 1071 2978; x_wconf 89' lang='lat' dir='ltr'><strong>similitudinem</strong></span> <span class='ocrx_word' id='word_1_324' title='bbox 1091 2918 1221 2996; x_wconf 88' lang='lat' dir='ltr'><strong>aliquam</strong></span> <span class='ocrx_word' id='word_1_325' title='bbox 1242 2923 1435 2998; x_wconf 84' lang='lat' dir='ltr'><strong>geometricae</strong></span> <span class='ocrx_word' id='word_1_326' title='bbox 1457 2935 1528 2996; x_wconf 90' lang='lat' dir='ltr'><strong>pro-</strong></span> 
     </span>
     <span class='ocr_line' id='line_1_30' title="bbox 179 3006 1529 3084; baseline 0.001 -17"><span class='ocrx_word' id='word_1_327' title='bbox 179 3008 306 3083; x_wconf 88' lang='lat' dir='ltr'><strong>portioni</strong></span> <span class='ocrx_word' id='word_1_328' title='bbox 329 3007 510 3081; x_wconf 78' lang='lat' dir='ltr'><strong>familiarem,</strong></span> <span class='ocrx_word' id='word_1_329' title='bbox 533 3009 603 3084; x_wconf 87' lang='grc'>0010</span> <span class='ocrx_word' id='word_1_330' title='bbox 625 3008 655 3065; x_wconf 89' lang='grc'><strong>10</strong></span> <span class='ocrx_word' id='word_1_331' title='bbox 678 3023 715 3066; x_wconf 87' lang='grc'><strong>00</strong></span> <span class='ocrx_word' id='word_1_332' title='bbox 736 3014 769 3064; x_wconf 90' lang='grc'><strong>01</strong></span> <span class='ocrx_word' id='word_1_333' title='bbox 790 3007 926 3065; x_wconf 88' lang='lat' dir='ltr'><strong>minimus</strong></span> <span class='ocrx_word' id='word_1_334' title='bbox 948 3008 1088 3067; x_wconf 86' lang='lat' dir='ltr'><strong>terminus</strong></span> <span class='ocrx_word' id='word_1_335' title='bbox 1109 3006 1149 3066; x_wconf 87' lang='lat' dir='ltr'><strong>ud</strong></span> <span class='ocrx_word' id='word_1_336' title='bbox 1170 3008 1306 3083; x_wconf 88' lang='lat' dir='ltr'><strong>medium,</strong></span> <span class='ocrx_word' id='word_1_337' title='bbox 1332 3010 1529 3068; x_wconf 80' lang='grc'>010001000-</span> 
     </span>
     <span class='ocr_line' id='line_1_31' title="bbox 180 3093 495 3155; baseline 0.01 -3"><span class='ocrx_word' id='word_1_338' title='bbox 180 3094 245 3154; x_wconf 87' lang='lat' dir='ltr'><strong>diua</strong></span> <span class='ocrx_word' id='word_1_339' title='bbox 266 3093 306 3153; x_wconf 88' lang='lat' dir='ltr'><strong>ad</strong></span> <span class='ocrx_word' id='word_1_340' title='bbox 328 3096 495 3155; x_wconf 87' lang='lat' dir='ltr'><strong>maximum.</strong></span> 
     </span>
    </p>

    <p class='ocr_par' dir='ltr' id='par_1_7' title="bbox 181 3179 1531 3607">
     <span class='ocr_line' id='line_1_32' title="bbox 265 3179 1529 3257; baseline 0.002 -17"><span class='ocrx_word' id='word_1_341' title='bbox 265 3180 352 3241; x_wconf 86' lang='lat' dir='ltr'><strong>Haec</strong></span> <span class='ocrx_word' id='word_1_342' title='bbox 374 3182 499 3243; x_wconf 89' lang='lat' dir='ltr'><strong>tenenda</strong></span> <span class='ocrx_word' id='word_1_343' title='bbox 520 3188 590 3240; x_wconf 86' lang='lat' dir='ltr'><strong>sunt</strong></span> <span class='ocrx_word' id='word_1_344' title='bbox 612 3197 647 3239; x_wconf 89' lang='lat' dir='ltr'><strong>cx</strong></span> <span class='ocrx_word' id='word_1_345' title='bbox 669 3179 884 3252; x_wconf 81' lang='lat' dir='ltr'><strong>mathematica,</strong></span> <span class='ocrx_word' id='word_1_346' title='bbox 908 3196 984 3257; x_wconf 90' lang='lat' dir='ltr'><strong>quae</strong></span> <span class='ocrx_word' id='word_1_347' title='bbox 1000 3180 1132 3240; x_wconf 91' lang='lat' dir='ltr'><strong>Bodinus</strong></span> <span class='ocrx_word' id='word_1_348' title='bbox 1154 3197 1213 3241; x_wconf 92' lang='lat' dir='ltr'><strong>nou</strong></span> <span class='ocrx_word' id='word_1_349' title='bbox 1228 3180 1301 3240; x_wconf 90' lang='grc'>00110</span> <span class='ocrx_word' id='word_1_350' title='bbox 1322 3179 1438 3241; x_wconf 82' lang='lat' dir='ltr'><strong>videtur</strong></span> <span class='ocrx_word' id='word_1_351' title='bbox 1460 3198 1529 3256; x_wconf 91' lang='lat' dir='ltr'><strong>per·</strong></span> 
     </span>
     <span class='ocr_line' id='line_1_33' title="bbox 182 3267 1528 3346; baseline -0.001 -18"><span class='ocrx_word' id='word_1_352' title='bbox 182 3271 304 3346; x_wconf 89' lang='lat' dir='ltr'><strong>cepisse,</strong></span> <span class='ocrx_word' id='word_1_353' title='bbox 330 3267 399 3328; x_wconf 91' lang='lat' dir='ltr'><strong>dum</strong></span> <span class='ocrx_word' id='word_1_354' title='bbox 420 3269 617 3329; x_wconf 86' lang='lat' dir='ltr'><strong>harmonicam</strong></span> <span class='ocrx_word' id='word_1_355' title='bbox 639 3268 854 3345; x_wconf 88' lang='lat' dir='ltr'><strong>proportionem</strong></span> <span class='ocrx_word' id='word_1_356' title='bbox 876 3269 1013 3345; x_wconf 90' lang='lat' dir='ltr'><strong>proponit</strong></span> <span class='ocrx_word' id='word_1_357' title='bbox 1039 3271 1067 3325; x_wconf 90' lang='lat' dir='ltr'><strong>in</strong></span> <span class='ocrx_word' id='word_1_358' title='bbox 1091 3269 1220 3344; x_wconf 89' lang='lat' dir='ltr'><strong>quinqua</strong></span> <span class='ocrx_word' id='word_1_359' title='bbox 1242 3269 1370 3326; x_wconf 88' lang='lat' dir='ltr'><strong>numeris</strong></span> <span class='ocrx_word' id='word_1_360' title='bbox 1393 3269 1422 3337; x_wconf 83' lang='grc'><strong>3,</strong></span> <span class='ocrx_word' id='word_1_361' title='bbox 1446 3270 1475 3338; x_wconf 90' lang='grc'><strong>4,</strong></span> <span class='ocrx_word' id='word_1_362' title='bbox 1500 3269 1528 3342; x_wconf 87' lang='grc'><strong>6,</strong></span> 
     </span>
     <span class='ocr_line' id='line_1_34' title="bbox 184 3354 1531 3431; baseline -0.001 -17"><span class='ocrx_word' id='word_1_363' title='bbox 184 3357 211 3427; x_wconf 86' lang='grc'><strong>8,</strong></span> <span class='ocrx_word' id='word_1_364' title='bbox 238 3359 277 3414; x_wconf 88' lang='grc'><strong>12</strong></span> <span class='ocrx_word' id='word_1_365' title='bbox 302 3354 398 3431; x_wconf 88' lang='grc'>00000</span> <span class='ocrx_word' id='word_1_366' title='bbox 421 3359 456 3418; x_wconf 87' lang='grc'><strong>110</strong></span> <span class='ocrx_word' id='word_1_367' title='bbox 478 3356 611 3429; x_wconf 87' lang='lat' dir='ltr'><strong>affirmat,</strong></span> <span class='ocrx_word' id='word_1_368' title='bbox 634 3354 715 3430; x_wconf 83' lang='lat' dir='ltr'><strong>quod</strong></span> <span class='ocrx_word' id='word_1_369' title='bbox 736 3355 881 3430; x_wconf 80' lang='lat' dir='ltr'><strong>nequalia</strong></span> <span class='ocrx_word' id='word_1_370' title='bbox 903 3356 1064 3422; x_wconf 73' lang='grc'>0101001110</span> <span class='ocrx_word' id='word_1_371' title='bbox 1085 3358 1188 3431; x_wconf 77' lang='lat' dir='ltr'><strong>spatia</strong></span> <span class='ocrx_word' id='word_1_372' title='bbox 1209 3354 1433 3430; x_wconf 77' lang='lat' dir='ltr'><strong>quodammodo</strong></span> <span class='ocrx_word' id='word_1_373' title='bbox 1455 3361 1531 3413; x_wconf 82' lang='lat' dir='ltr'><strong>teru-</strong></span> 
     </span>
     <span class='ocr_line' id='line_1_35' title="bbox 181 3440 1528 3518; baseline 0 -16"><span class='ocrx_word' id='word_1_374' title='bbox 181 3451 289 3518; x_wconf 82' lang='lat' dir='ltr'><strong>perotu</strong></span> <span class='ocrx_word' id='word_1_375' title='bbox 311 3445 450 3502; x_wconf 78' lang='grc'>00101001.</span> <span class='ocrx_word' id='word_1_376' title='bbox 496 3444 570 3503; x_wconf 87' lang='lat' dir='ltr'><strong>Nam</strong></span> <span class='ocrx_word' id='word_1_377' title='bbox 593 3460 658 3501; x_wconf 91' lang='lat' dir='ltr'><strong>cum</strong></span> <span class='ocrx_word' id='word_1_378' title='bbox 681 3440 807 3514; x_wconf 84' lang='lat' dir='ltr'><strong>videret,</strong></span> <span class='ocrx_word' id='word_1_379' title='bbox 831 3457 967 3500; x_wconf 89' lang='lat' dir='ltr'><strong>excessus</strong></span> <span class='ocrx_word' id='word_1_380' title='bbox 989 3458 1054 3502; x_wconf 89' lang='lat' dir='ltr'><strong>esse</strong></span> <span class='ocrx_word' id='word_1_381' title='bbox 1080 3446 1110 3515; x_wconf 94' lang='grc'><strong>1,</strong></span> <span class='ocrx_word' id='word_1_382' title='bbox 1137 3445 1173 3515; x_wconf 89' lang='grc'>2,</span> <span class='ocrx_word' id='word_1_383' title='bbox 1196 3444 1230 3514; x_wconf 92' lang='grc'>2,</span> <span class='ocrx_word' id='word_1_384' title='bbox 1256 3443 1289 3514; x_wconf 89' lang='grc'>4,</span> <span class='ocrx_word' id='word_1_385' title='bbox 1318 3440 1528 3516; x_wconf 82' lang='lat' dir='ltr'><strong>aequalitatem</strong></span> 
     </span>
     <span class='ocr_line' id='line_1_36' title="bbox 185 3525 1530 3607; baseline 0 -18"><span class='ocrx_word' id='word_1_386' title='bbox 185 3547 352 3607; x_wconf 87' lang='lat' dir='ltr'><strong>expressam</strong></span> <span class='ocrx_word' id='word_1_387' title='bbox 375 3535 497 3607; x_wconf 85' lang='lat' dir='ltr'><strong>agnovit</strong></span> <span class='ocrx_word' id='word_1_388' title='bbox 519 3532 548 3588; x_wconf 90' lang='lat' dir='ltr'><strong>in</strong></span> <span class='ocrx_word' id='word_1_389' title='bbox 572 3535 606 3603; x_wconf 88' lang='grc'>2,</span> <span class='ocrx_word' id='word_1_390' title='bbox 636 3533 671 3600; x_wconf 90' lang='grc'>2,</span> <span class='ocrx_word' id='word_1_391' title='bbox 699 3528 917 3587; x_wconf 89' lang='lat' dir='ltr'><strong>similitudinem</strong></span> <span class='ocrx_word' id='word_1_392' title='bbox 940 3531 970 3586; x_wconf 91' lang='lat' dir='ltr'><strong>iu</strong></span> <span class='ocrx_word' id='word_1_393' title='bbox 996 3531 1028 3601; x_wconf 87' lang='lat'><strong>1,</strong></span> <span class='ocrx_word' id='word_1_394' title='bbox 1061 3529 1095 3600; x_wconf 87' lang='grc'>2,</span> <span class='ocrx_word' id='word_1_395' title='bbox 1120 3531 1151 3588; x_wconf 89' lang='grc'>4.</span> <span class='ocrx_word' id='word_1_396' title='bbox 1196 3525 1288 3603; x_wconf 75' lang='lat' dir='ltr'><strong>&#39;Atqui</strong></span> <span class='ocrx_word' id='word_1_397' title='bbox 1310 3530 1339 3584; x_wconf 92' lang='lat' dir='ltr'><strong>in</strong></span> <span class='ocrx_word' id='word_1_398' title='bbox 1362 3527 1530 3589; x_wconf 85' lang='lat' dir='ltr'><strong>definitione</strong></span> 
     </span>
    </p>
   </div>
   <div class='ocr_carea' id='block_1_7' title="bbox 184 3614 1633 3691">
    <p class='ocr_par' dir='ltr' id='par_1_8' title="bbox 184 3614 1633 3691">
     <span class='ocr_line' id='line_1_37' title="bbox 184 3614 1633 3691; baseline 0.001 -19"><span class='ocrx_word' id='word_1_399' title='bbox 184 3626 317 3678; x_wconf 80' lang='lat' dir='ltr'><strong>ueterum</strong></span> <span class='ocrx_word' id='word_1_400' title='bbox 339 3619 489 3678; x_wconf 77' lang='lat' dir='ltr'><strong>sufiiciunt</strong></span> <span class='ocrx_word' id='word_1_401' title='bbox 516 3628 588 3691; x_wconf 75' lang='lat' dir='ltr'><strong>tres,</strong></span> <span class='ocrx_word' id='word_1_402' title='bbox 616 3615 698 3676; x_wconf 91' lang='lat' dir='ltr'><strong>nulla</strong></span> <span class='ocrx_word' id='word_1_403' title='bbox 725 3618 813 3675; x_wconf 89' lang='lat' dir='ltr'><strong>etiam</strong></span> <span class='ocrx_word' id='word_1_404' title='bbox 844 3617 874 3673; x_wconf 93' lang='lat' dir='ltr'><strong>iu</strong></span> <span class='ocrx_word' id='word_1_405' title='bbox 897 3633 932 3675; x_wconf 87' lang='lat' dir='ltr'><strong>ea</strong></span> <span class='ocrx_word' id='word_1_406' title='bbox 957 3617 1119 3674; x_wconf 89' lang='lat' dir='ltr'><strong>continetur</strong></span> <span class='ocrx_word' id='word_1_407' title='bbox 1141 3616 1313 3691; x_wconf 88' lang='lat' dir='ltr'><strong>temperatio</strong></span> <span class='ocrx_word' id='word_1_408' title='bbox 1342 3614 1530 3689; x_wconf 86' lang='lat' dir='ltr'><strong>aequalitatis</strong></span> <span class='ocrx_word' id='word_1_409' title='bbox 1629 3631 1633 3639; x_wconf 88' lang='grc'><strong>’</strong></span> 
     </span>
    </p>
   </div>
   <div class='ocr_carea' id='block_1_8' title="bbox 184 3701 1600 4917">
    <p class='ocr_par' dir='ltr' id='par_1_9' title="bbox 184 3701 1600 3859">
     <span class='ocr_line' id='line_1_38' title="bbox 185 3701 1600 3781; baseline 0 -18"><span class='ocrx_word' id='word_1_410' title='bbox 185 3721 339 3781; x_wconf 86' lang='lat' dir='ltr'><strong>expressae</strong></span> <span class='ocrx_word' id='word_1_411' title='bbox 362 3722 427 3764; x_wconf 91' lang='lat' dir='ltr'><strong>curn</strong></span> <span class='ocrx_word' id='word_1_412' title='bbox 449 3703 648 3764; x_wconf 87' lang='lat' dir='ltr'><strong>similitudine.</strong></span> <span class='ocrx_word' id='word_1_413' title='bbox 692 3703 766 3762; x_wconf 90' lang='lat' dir='ltr'><strong>Nam</strong></span> <span class='ocrx_word' id='word_1_414' title='bbox 790 3705 819 3759; x_wconf 94' lang='lat' dir='ltr'><strong>in</strong></span> <span class='ocrx_word' id='word_1_415' title='bbox 843 3704 879 3775; x_wconf 87' lang='grc'><strong>3,</strong></span> <span class='ocrx_word' id='word_1_416' title='bbox 913 3705 946 3775; x_wconf 92' lang='grc'>4,</span> <span class='ocrx_word' id='word_1_417' title='bbox 981 3705 998 3759; x_wconf 87' lang='grc'><strong>6</strong></span> <span class='ocrx_word' id='word_1_418' title='bbox 1023 3702 1104 3761; x_wconf 87' lang='grc'>00110</span> <span class='ocrx_word' id='word_1_419' title='bbox 1133 3708 1178 3761; x_wconf 88' lang='grc'><strong>001</strong></span> <span class='ocrx_word' id='word_1_420' title='bbox 1199 3701 1363 3777; x_wconf 86' lang='lat' dir='ltr'><strong>aequalitas</strong></span> <span class='ocrx_word' id='word_1_421' title='bbox 1390 3719 1529 3778; x_wconf 88' lang='lat' dir='ltr'><strong>expressa</strong></span> <span class='ocrx_word' id='word_1_422' title='bbox 1591 3739 1600 3744; x_wconf 90' lang='lat'><em>-</em></span> 
     </span>
     <span class='ocr_line' id='line_1_39' title="bbox 184 3809 1354 3859; baseline -0.005 -8"><span class='ocrx_word' id='word_1_423' title='bbox 184 3809 365 3853; x_wconf 86' lang='lat' dir='ltr'><strong>excessuum.</strong></span> <span class='ocrx_word' id='word_1_424' title='bbox 1101 3841 1105 3846; x_wconf 82' lang='grc'><strong>.</strong></span> <span class='ocrx_word' id='word_1_425' title='bbox 1351 3853 1354 3859; x_wconf 47' lang='grc'>,</span> 
     </span>
    </p>

    <p class='ocr_par' dir='ltr' id='par_1_10' title="bbox 186 3874 1529 4392">
     <span class='ocr_line' id='line_1_40' title="bbox 269 3874 1529 3970; baseline -0.002 -30"><span class='ocrx_word' id='word_1_426' title='bbox 269 3878 341 3940; x_wconf 84' lang='lat' dir='ltr'><strong>Jam</strong></span> <span class='ocrx_word' id='word_1_427' title='bbox 364 3887 409 3939; x_wconf 90' lang='lat' dir='ltr'><strong>est</strong></span> <span class='ocrx_word' id='word_1_428' title='bbox 431 3895 537 3956; x_wconf 87' lang='lat' dir='ltr'><strong>operae</strong></span> <span class='ocrx_word' id='word_1_429' title='bbox 560 3880 683 3954; x_wconf 88' lang='lat' dir='ltr'><strong>pretium</strong></span> <span class='ocrx_word' id='word_1_430' title='bbox 707 3876 822 3970; x_wconf 70' lang='lat' dir='ltr'><strong>ridere,</strong></span> <span class='ocrx_word' id='word_1_431' title='bbox 851 3875 998 3952; x_wconf 90' lang='lat' dir='ltr'><strong>quomodo</strong></span> <span class='ocrx_word' id='word_1_432' title='bbox 1020 3874 1166 3950; x_wconf 89' lang='lat' dir='ltr'><strong>Bodinus,</strong></span> <span class='ocrx_word' id='word_1_433' title='bbox 1196 3877 1247 3952; x_wconf 90' lang='lat' dir='ltr'><strong>qui</strong></span> <span class='ocrx_word' id='word_1_434' title='bbox 1272 3875 1329 3936; x_wconf 88' lang='lat' dir='ltr'><strong>hac</strong></span> <span class='ocrx_word' id='word_1_435' title='bbox 1355 3877 1384 3933; x_wconf 83' lang='lat' dir='ltr'><strong>in</strong></span> <span class='ocrx_word' id='word_1_436' title='bbox 1407 3878 1529 3937; x_wconf 85' lang='lat' dir='ltr'><strong>materia</strong></span> 
     </span>
     <span class='ocr_line' id='line_1_41' title="bbox 186 3962 1527 4043; baseline 0 -18"><span class='ocrx_word' id='word_1_437' title='bbox 186 3970 404 4042; x_wconf 88' lang='lat' dir='ltr'><strong>copiosissimus</strong></span> <span class='ocrx_word' id='word_1_438' title='bbox 427 3973 488 4039; x_wconf 87' lang='lat' dir='ltr'><strong>est,</strong></span> <span class='ocrx_word' id='word_1_439' title='bbox 521 3966 649 4043; x_wconf 86' lang='lat' dir='ltr'><strong>applicet</strong></span> <span class='ocrx_word' id='word_1_440' title='bbox 672 3967 728 4022; x_wconf 88' lang='grc'>1010</span> <span class='ocrx_word' id='word_1_441' title='bbox 755 3963 793 4022; x_wconf 90' lang='grc'><strong>00</strong></span> <span class='ocrx_word' id='word_1_442' title='bbox 815 3963 938 4024; x_wconf 88' lang='lat' dir='ltr'><strong>moralia</strong></span> <span class='ocrx_word' id='word_1_443' title='bbox 965 3973 993 4022; x_wconf 91' lang='lat' dir='ltr'><strong>et</strong></span> <span class='ocrx_word' id='word_1_444' title='bbox 1015 3962 1136 4040; x_wconf 89' lang='lat' dir='ltr'><strong>politica</strong></span> <span class='ocrx_word' id='word_1_445' title='bbox 1159 3965 1255 4036; x_wconf 84' lang='lat' dir='ltr'><strong>uarie,</strong></span> <span class='ocrx_word' id='word_1_446' title='bbox 1287 3965 1333 4023; x_wconf 91' lang='lat' dir='ltr'><strong>eui</strong></span> <span class='ocrx_word' id='word_1_447' title='bbox 1355 3963 1527 4039; x_wconf 87' lang='lat' dir='ltr'><strong>plerumque</strong></span> 
     </span>
     <span class='ocr_line' id='line_1_42' title="bbox 186 4050 1528 4130; baseline -0.001 -18"><span class='ocrx_word' id='word_1_448' title='bbox 186 4054 240 4113; x_wconf 90' lang='lat' dir='ltr'><strong>hoc</strong></span> <span class='ocrx_word' id='word_1_449' title='bbox 262 4054 378 4127; x_wconf 88' lang='grc' dir='ltr'>0001οἰ1,</span> <span class='ocrx_word' id='word_1_450' title='bbox 400 4062 433 4120; x_wconf 87' lang='grc'><strong>01</strong></span> <span class='ocrx_word' id='word_1_451' title='bbox 454 4071 507 4130; x_wconf 89' lang='lat' dir='ltr'><strong>pro</strong></span> <span class='ocrx_word' id='word_1_452' title='bbox 529 4052 704 4116; x_wconf 84' lang='lat' dir='ltr'><strong>harmonicis</strong></span> <span class='ocrx_word' id='word_1_453' title='bbox 726 4050 952 4112; x_wconf 87' lang='lat' dir='ltr'><strong>mediationibus</strong></span> <span class='ocrx_word' id='word_1_454' title='bbox 975 4058 1035 4110; x_wconf 73' lang='lat' dir='ltr'><strong>mm</strong></span> <span class='ocrx_word' id='word_1_455' title='bbox 1050 4058 1190 4122; x_wconf 76' lang='grc'>00101000,</span> <span class='ocrx_word' id='word_1_456' title='bbox 1214 4067 1302 4126; x_wconf 86' lang='lat' dir='ltr'><strong>quam</strong></span> <span class='ocrx_word' id='word_1_457' title='bbox 1325 4052 1411 4125; x_wconf 76' lang='grc'>00010,</span> <span class='ocrx_word' id='word_1_458' title='bbox 1433 4067 1528 4111; x_wconf 87' lang='lat' dir='ltr'><strong>meras</strong></span> 
     </span>
     <span class='ocr_line' id='line_1_43' title="bbox 187 4138 1529 4219; baseline -0.001 -20"><span class='ocrx_word' id='word_1_459' title='bbox 187 4144 412 4218; x_wconf 86' lang='lat' dir='ltr'><strong>compositiones</strong></span> <span class='ocrx_word' id='word_1_460' title='bbox 435 4143 653 4219; x_wconf 88' lang='lat' dir='ltr'><strong>proportionum</strong></span> <span class='ocrx_word' id='word_1_461' title='bbox 675 4138 919 4199; x_wconf 84' lang='lat' dir='ltr'><strong>arithmeticorum</strong></span> <span class='ocrx_word' id='word_1_462' title='bbox 942 4146 971 4198; x_wconf 91' lang='lat' dir='ltr'><strong>et</strong></span> <span class='ocrx_word' id='word_1_463' title='bbox 992 4140 1233 4214; x_wconf 85' lang='lat' dir='ltr'><strong>geometriearum</strong></span> <span class='ocrx_word' id='word_1_464' title='bbox 1252 4139 1381 4213; x_wconf 87' lang='lat' dir='ltr'><strong>arripiat,</strong></span> <span class='ocrx_word' id='word_1_465' title='bbox 1405 4139 1529 4198; x_wconf 82' lang='grc'>01110000</span> 
     </span>
     <span class='ocr_line' id='line_1_44' title="bbox 188 4223 1528 4303; baseline 0 -19"><span class='ocrx_word' id='word_1_466' title='bbox 188 4245 257 4289; x_wconf 88' lang='grc'>0000</span> <span class='ocrx_word' id='word_1_467' title='bbox 281 4228 442 4289; x_wconf 85' lang='lat' dir='ltr'><strong>definitioni</strong></span> <span class='ocrx_word' id='word_1_468' title='bbox 465 4231 597 4301; x_wconf 75' lang='lat' dir='ltr'><strong>turnines,</strong></span> <span class='ocrx_word' id='word_1_469' title='bbox 626 4225 705 4303; x_wconf 92' lang='lat' dir='ltr'><strong>quod</strong></span> <span class='ocrx_word' id='word_1_470' title='bbox 727 4228 802 4286; x_wconf 90' lang='lat' dir='ltr'><strong>siout</strong></span> <span class='ocrx_word' id='word_1_471' title='bbox 823 4228 922 4286; x_wconf 83' lang='lat' dir='ltr'><strong>statim</strong></span> <span class='ocrx_word' id='word_1_472' title='bbox 944 4227 1027 4284; x_wconf 91' lang='lat' dir='ltr'><strong>initio</strong></span> <span class='ocrx_word' id='word_1_473' title='bbox 1050 4223 1239 4303; x_wconf 89' lang='lat' dir='ltr'><strong>praefandum</strong></span> <span class='ocrx_word' id='word_1_474' title='bbox 1266 4224 1335 4298; x_wconf 89' lang='lat' dir='ltr'><strong>fuit,</strong></span> <span class='ocrx_word' id='word_1_475' title='bbox 1364 4227 1406 4283; x_wconf 90' lang='lat' dir='ltr'><strong>ita</strong></span> <span class='ocrx_word' id='word_1_476' title='bbox 1426 4226 1456 4282; x_wconf 91' lang='grc'><strong>10</strong></span> <span class='ocrx_word' id='word_1_477' title='bbox 1478 4242 1528 4284; x_wconf 91' lang='lat' dir='ltr'><strong>se·</strong></span> 
     </span>
     <span class='ocr_line' id='line_1_45' title="bbox 188 4312 752 4392; baseline 0 -18"><span class='ocrx_word' id='word_1_478' title='bbox 188 4318 342 4391; x_wconf 83' lang='lat' dir='ltr'><strong>quentibus</strong></span> <span class='ocrx_word' id='word_1_479' title='bbox 364 4317 483 4392; x_wconf 84' lang='lat' dir='ltr'><strong>saepius</strong></span> <span class='ocrx_word' id='word_1_480' title='bbox 505 4317 559 4374; x_wconf 87' lang='lat' dir='ltr'><strong>erit</strong></span> <span class='ocrx_word' id='word_1_481' title='bbox 580 4312 752 4375; x_wconf 86' lang='lat' dir='ltr'><strong>iterandum.</strong></span> 
     </span>
    </p>

    <p class='ocr_par' dir='ltr' id='par_1_11' title="bbox 189 4397 1530 4917">
     <span class='ocr_line' id='line_1_46' title="bbox 271 4397 1527 4479; baseline -0.005 -18"><span class='ocrx_word' id='word_1_482' title='bbox 271 4403 296 4463; x_wconf 92' lang='lat'><strong>1.</strong></span> <span class='ocrx_word' id='word_1_483' title='bbox 321 4403 395 4462; x_wconf 85' lang='lat' dir='ltr'><strong>Cum</strong></span> <span class='ocrx_word' id='word_1_484' title='bbox 416 4410 475 4463; x_wconf 87' lang='lat' dir='ltr'><strong>tres</strong></span> <span class='ocrx_word' id='word_1_485' title='bbox 490 4404 548 4461; x_wconf 89' lang='grc'>0101</span> <span class='ocrx_word' id='word_1_486' title='bbox 568 4400 734 4479; x_wconf 88' lang='lat' dir='ltr'><strong>politiarum</strong></span> <span class='ocrx_word' id='word_1_487' title='bbox 757 4400 875 4473; x_wconf 88' lang='lat' dir='ltr'><strong>formae,</strong></span> <span class='ocrx_word' id='word_1_488' title='bbox 897 4397 1056 4477; x_wconf 81' lang='lat' dir='ltr'><strong>popularis,</strong></span> <span class='ocrx_word' id='word_1_489' title='bbox 1079 4398 1251 4473; x_wconf 89' lang='lat' dir='ltr'><strong>optimatum</strong></span> <span class='ocrx_word' id='word_1_490' title='bbox 1273 4399 1406 4473; x_wconf 85' lang='lat' dir='ltr'><strong>stragia,</strong></span> <span class='ocrx_word' id='word_1_491' title='bbox 1429 4413 1527 4475; x_wconf 91' lang='lat' dir='ltr'><strong>popu·</strong></span> 
     </span>
     <span class='ocr_line' id='line_1_47' title="bbox 191 4484 1529 4565; baseline 0 -20"><span class='ocrx_word' id='word_1_492' title='bbox 191 4487 278 4549; x_wconf 87' lang='lat' dir='ltr'><strong>larem</strong></span> <span class='ocrx_word' id='word_1_493' title='bbox 301 4489 351 4550; x_wconf 90' lang='lat' dir='ltr'><strong>ille</strong></span> <span class='ocrx_word' id='word_1_494' title='bbox 374 4497 523 4565; x_wconf 89' lang='lat' dir='ltr'><strong>comparat</strong></span> <span class='ocrx_word' id='word_1_495' title='bbox 549 4488 747 4548; x_wconf 90' lang='lat' dir='ltr'><strong>arithmeticae</strong></span> <span class='ocrx_word' id='word_1_496' title='bbox 774 4487 962 4564; x_wconf 88' lang='lat' dir='ltr'><strong>proportioni,</strong></span> <span class='ocrx_word' id='word_1_497' title='bbox 994 4488 1166 4563; x_wconf 88' lang='lat' dir='ltr'><strong>optimatum</strong></span> <span class='ocrx_word' id='word_1_498' title='bbox 1187 4484 1395 4560; x_wconf 84' lang='lat' dir='ltr'><strong>geometricae,</strong></span> <span class='ocrx_word' id='word_1_499' title='bbox 1417 4485 1529 4559; x_wconf 87' lang='lat' dir='ltr'><strong>regium</strong></span> 
     </span>
     <span class='ocr_line' id='line_1_48' title="bbox 189 4573 1527 4650; baseline -0.003 -15"><span class='ocrx_word' id='word_1_500' title='bbox 189 4576 381 4638; x_wconf 87' lang='lat' dir='ltr'><strong>harmonicae.</strong></span> <span class='ocrx_word' id='word_1_501' title='bbox 424 4576 501 4639; x_wconf 85' lang='lat' dir='ltr'><strong>Nam</strong></span> <span class='ocrx_word' id='word_1_502' title='bbox 527 4578 604 4636; x_wconf 89' lang='lat' dir='ltr'><strong>sicut</strong></span> <span class='ocrx_word' id='word_1_503' title='bbox 635 4576 665 4634; x_wconf 92' lang='lat' dir='ltr'><strong>in</strong></span> <span class='ocrx_word' id='word_1_504' title='bbox 687 4575 869 4634; x_wconf 89' lang='lat' dir='ltr'><strong>arithmetica</strong></span> <span class='ocrx_word' id='word_1_505' title='bbox 890 4573 1027 4650; x_wconf 87' lang='lat' dir='ltr'><strong>aequalia</strong></span> <span class='ocrx_word' id='word_1_506' title='bbox 1048 4580 1117 4630; x_wconf 88' lang='lat' dir='ltr'><strong>suot</strong></span> <span class='ocrx_word' id='word_1_507' title='bbox 1146 4574 1323 4630; x_wconf 86' lang='lat' dir='ltr'><strong>incrementa</strong></span> <span class='ocrx_word' id='word_1_508' title='bbox 1343 4588 1527 4631; x_wconf 90' lang='lat' dir='ltr'><strong>numerorum</strong></span> 
     </span>
     <span class='ocr_line' id='line_1_49' title="bbox 191 4656 1529 4740; baseline -0.002 -18"><span class='ocrx_word' id='word_1_509' title='bbox 191 4667 332 4740; x_wconf 91' lang='lat' dir='ltr'><strong>omnium,</strong></span> <span class='ocrx_word' id='word_1_510' title='bbox 365 4672 424 4723; x_wconf 85' lang='lat' dir='ltr'><strong>tam</strong></span> <span class='ocrx_word' id='word_1_511' title='bbox 447 4680 617 4738; x_wconf 85' lang='lat' dir='ltr'><strong>magnorum</strong></span> <span class='ocrx_word' id='word_1_512' title='bbox 641 4678 729 4739; x_wconf 88' lang='lat' dir='ltr'><strong>quam</strong></span> <span class='ocrx_word' id='word_1_513' title='bbox 751 4678 922 4739; x_wconf 86' lang='lat' dir='ltr'><strong>parvorum,</strong></span> <span class='ocrx_word' id='word_1_514' title='bbox 954 4661 1047 4719; x_wconf 89' lang='grc'>01010</span> <span class='ocrx_word' id='word_1_515' title='bbox 1070 4676 1130 4734; x_wconf 87' lang='lat' dir='ltr'><strong>rep.</strong></span> <span class='ocrx_word' id='word_1_516' title='bbox 1155 4656 1281 4736; x_wconf 86' lang='lat' dir='ltr'><strong>populus</strong></span> <span class='ocrx_word' id='word_1_517' title='bbox 1303 4657 1368 4717; x_wconf 83' lang='lat' dir='ltr'><strong>uult</strong></span> <span class='ocrx_word' id='word_1_518' title='bbox 1394 4657 1529 4734; x_wconf 84' lang='grc'>00000110</span> 
     </span>
     <span class='ocr_line' id='line_1_50' title="bbox 193 4744 1529 4822; baseline -0.003 -12"><span class='ocrx_word' id='word_1_519' title='bbox 193 4767 255 4811; x_wconf 90' lang='lat' dir='ltr'><strong>csse</strong></span> <span class='ocrx_word' id='word_1_520' title='bbox 277 4753 406 4812; x_wconf 89' lang='lat' dir='ltr'><strong>omnium</strong></span> <span class='ocrx_word' id='word_1_521' title='bbox 430 4769 519 4811; x_wconf 90' lang='lat' dir='ltr'><strong>onera</strong></span> <span class='ocrx_word' id='word_1_522' title='bbox 541 4759 570 4811; x_wconf 87' lang='lat' dir='ltr'><strong>et</strong></span> <span class='ocrx_word' id='word_1_523' title='bbox 591 4747 745 4809; x_wconf 89' lang='lat' dir='ltr'><strong>commoda</strong></span> <span class='ocrx_word' id='word_1_524' title='bbox 766 4759 796 4809; x_wconf 90' lang='grc'><strong>01</strong></span> <span class='ocrx_word' id='word_1_525' title='bbox 817 4748 943 4808; x_wconf 85' lang='lat' dir='ltr'><strong>honores</strong></span> <span class='ocrx_word' id='word_1_526' title='bbox 966 4754 996 4807; x_wconf 91' lang='lat' dir='ltr'><strong>et</strong></span> <span class='ocrx_word' id='word_1_527' title='bbox 1016 4748 1217 4822; x_wconf 88' lang='lat' dir='ltr'><strong>magistratus,</strong></span> <span class='ocrx_word' id='word_1_528' title='bbox 1244 4760 1300 4805; x_wconf 90' lang='grc'><strong>000</strong></span> <span class='ocrx_word' id='word_1_529' title='bbox 1320 4744 1385 4805; x_wconf 85' lang='lat' dir='ltr'><strong>uult</strong></span> <span class='ocrx_word' id='word_1_530' title='bbox 1406 4745 1529 4806; x_wconf 89' lang='lat' dir='ltr'><strong>tolerare</strong></span> 
     </span>
     <span class='ocr_line' id='line_1_51' title="bbox 190 4832 1530 4917; baseline -0.004 -16"><span class='ocrx_word' id='word_1_531' title='bbox 190 4847 352 4917; x_wconf 79' lang='lat' dir='ltr'><strong>respectum</strong></span> <span class='ocrx_word' id='word_1_532' title='bbox 375 4837 466 4898; x_wconf 91' lang='lat' dir='ltr'><strong>ullum</strong></span> <span class='ocrx_word' id='word_1_533' title='bbox 488 4853 691 4916; x_wconf 71' lang='lat' dir='ltr'><strong>personarum,</strong></span> <span class='ocrx_word' id='word_1_534' title='bbox 719 4835 784 4897; x_wconf 86' lang='lat' dir='ltr'><strong>vult</strong></span> <span class='ocrx_word' id='word_1_535' title='bbox 805 4834 931 4915; x_wconf 86' lang='lat' dir='ltr'><strong>exempli</strong></span> <span class='ocrx_word' id='word_1_536' title='bbox 952 4837 1047 4914; x_wconf 71' lang='lat' dir='ltr'><strong>pana</strong></span> <span class='ocrx_word' id='word_1_537' title='bbox 1076 4834 1210 4894; x_wconf 89' lang='lat' dir='ltr'><strong>omuibus</strong></span> <span class='ocrx_word' id='word_1_538' title='bbox 1233 4848 1298 4894; x_wconf 90' lang='lat' dir='ltr'><strong>essa</strong></span> <span class='ocrx_word' id='word_1_539' title='bbox 1320 4833 1371 4910; x_wconf 86' lang='lat' dir='ltr'><strong>jus</strong></span> <span class='ocrx_word' id='word_1_540' title='bbox 1392 4832 1530 4916; x_wconf 85' lang='lat' dir='ltr'><strong>renaudi,</strong></span> 
     </span>
    </p>
   </div>
   <div class='ocr_carea' id='block_1_9' title="bbox 0 0 1799 5620">
    <p class='ocr_par' dir='ltr' id='par_1_12' title="bbox 0 0 1799 5620">
     <span class='ocr_line' id='line_1_52' title="bbox 0 0 1799 5620; baseline 0 0"><span class='ocrx_word' id='word_1_541' title='bbox 0 0 1799 5620; x_wconf 95' lang='lat' dir='ltr'><strong> </strong></span> 
     </span>
    </p>
   </div>
  </div>
 </body>
</html>
