3567 5625
294 185 304 214 b

197 409 199 422 “
281 392 344 453 408
801 386 950 441 Ptolemaei
968 385 1123 441 Harmonia

281 561 476 630 consequentia
493 567 645 616 moveatur:
665 576 748 616 causa
765 567 856 615 tamen
874 559 958 629 hrrjus
976 557 1154 628 separationis
1173 563 1288 613 nonest
1304 558 1332 612 in
1351 553 1481 626 epicyclo,
1502 554 1549 609 sed
1567 570 1628 622 par·

280 642 328 696 tim
347 642 374 695 in
393 657 440 708 eo,
468 641 541 709 qnod
559 640 666 695 videtur
684 641 856 696 Ptolemaeus
880 640 907 693 in
932 653 1030 706 magna
1052 639 1131 706 copia
1149 639 1345 691 occurrentium
1364 635 1565 691 harmoniarum
1584 633 1628 686 de·

280 721 380 775 lectum
399 719 488 774 studio
507 719 661 788 quaesisse,
688 728 719 774 ut
736 719 824 773 fusam
849 716 989 771 materiam
1013 716 1096 770 certis
1114 715 1193 770 metis
1216 715 1381 784 includeret,
1404 713 1504 782 partim
1521 730 1584 765 vero
1602 712 1629 764 in

281 817 322 858 eo.
341 797 414 867 quod
434 800 485 853 bae
504 806 645 867 separatae
664 797 835 868 planetarum
854 796 973 864 quinquo
991 795 1181 864 proportiones
1193 813 1253 851 cum
1272 792 1450 849 luminaribus
1467 792 1630 861 insequenti

280 879 369 948 capite
388 895 465 934 suum
483 894 562 932 usum
581 879 779 934 nanciscentur.

366 982 440 1037 Nota
457 982 515 1036 XV.
551 980 622 1050 Quid
641 984 812 1040 sentiendum
835 983 868 1037 de
887 983 1090 1051 comparatione
1113 976 1303 1034 occultationis
1322 982 1349 1029 et
1368 973 1546 1045 apparitionis
1565 973 1630 1041 figu-

188 1055 194 1076 ‘
281 1075 439 1127 rarumque,
458 1075 526 1127 quas
544 1059 670 1129 planetae
689 1061 819 1129 iuduunt,
845 1077 907 1115 cum
925 1061 1105 1115 tetrachordis
1125 1056 1242 1112 ettonis
1260 1053 1443 1122 disiunctivis,
1468 1052 1572 1107 dictum
1590 1061 1631 1108 est

279 1141 313 1195 ad
332 1146 414 1207 caput
435 1138 479 1193 13.
497 1137 524 1191 in
543 1137 624 1192 noth.
661 1139 765 1206 Quibus
783 1139 827 1192 bic
841 1139 899 1206 jam
918 1138 1001 1205 adde,
1025 1138 1098 1207 quod
1122 1151 1175 1191 nou
1199 1134 1280 1202 plane
1302 1134 1362 1203 pari
1391 1148 1474 1202 passu
1493 1133 1632 1188 ambulent

279 1220 409 1274 stationes
429 1216 731 1287 retrogradationesque
749 1226 777 1273 et
794 1216 987 1286 apparitiones.
1007 1217 1078 1271 Nam
1095 1232 1155 1285 cap.
1176 1218 1214 1271 ts.
1234 1214 1315 1268 etiam
1334 1214 1429 1267 Lunae
1447 1211 1630 1281 apparitiones

279 1294 519 1365 comparabantur3
538 1294 584 1349 hic
602 1295 700 1349 misera
718 1295 777 1350 sola
795 1296 900 1364 exulat,
924 1313 985 1351 cum
1004 1312 1142 1364 uunquam
1160 1294 1210 1349 fiat
1227 1292 1387 1364 stationaria
1404 1291 1446 1345 rel
1464 1291 1630 1357 retrograda.

241 1429 250 1454 Ι
279 1377 332 1431 Est
348 1376 432 1443 igitur
449 1374 493 1428 bic
510 1374 596 1427 multo
615 1374 699 1442 magis
712 1391 807 1428 manca
819 1362 994 1443 comparatis,
1014 1390 1095 1442 quam
1107 1374 1153 1428 ibi.
1188 1371 1265 1426 Alias
1277 1386 1331 1424 non
1348 1369 1421 1423 mala
1436 1375 1480 1422 est
1498 1370 1630 1422 connexio

280 1455 429 1511 sorianum
447 1469 507 1508 cum
525 1454 613 1521 figura
630 1453 742 1508 bisecta.
777 1456 845 1508 Nam
864 1454 958 1507 Venus
978 1455 1097 1508 certain
1115 1451 1278 1509 stationibus
1295 1448 1434 1504 dimidiata
1452 1456 1568 1517 apparet
1584 1463 1631 1516 pcr

283 1533 470 1602 tatescopium,
489 1533 648 1600 retrograda
665 1547 729 1587 vero
748 1539 791 1587 est
808 1531 984 1587 corniculata.

835 1789 977 1862 CAPUT
1004 1787 1087 1861 xit.

367 1955 439 2024 Qua
456 1953 594 2009 ratione
613 1951 871 2009 familiaritates
889 1954 1079 2008 errantium
1097 1954 1288 2020 comparari
1318 1951 1455 2021 possint
1472 1965 1547 2003 cum

688 2046 994 2105 familiaritatibus
1017 2064 1174 2104 sonorum
1192 2049 1221 2116 ¹).

365 2209 470 2270 Restat
492 2208 596 2268 ultima
619 2216 646 2268 et
670 2210 867 2286 maximopere
899 2217 1021 2269 naturae
1050 2217 1248 2269 corrsentanea
1278 2209 1448 2270 coelestium
1472 2225 1538 2267 cum
1561 2206 1630 2265 bar-

281 2299 404 2358 monitis
426 2298 614 2374 comparatio,
639 2313 729 2355 causa
750 2296 938 2372 facultatum,
962 2315 1039 2373 quac
1063 2298 1203 2357 hactenus
1227 2300 1301 2356 inter
1324 2316 1355 2356 sc
1380 2297 1556 2373 comparatis
1579 2313 1631 2355 ac·

286 2384 389 2445 cedere
419 2385 525 2446 debere
554 2383 689 2441 videntur
712 2387 911 2443 communiter.
958 2384 1032 2442 Cum
1055 2388 1131 2444 enirn
1166 2387 1318 2459 utrinque,
1350 2395 1410 2456 tum
1438 2387 1512 2443 inter
1542 2398 1631 2441 sonos

284 2490 371 2549 quam
396 2474 470 2531 inter
493 2471 632 2549 sphaeras
656 2488 814 2547 earumque
835 2481 941 2543 motus,
967 2482 1120 2531 occunant
1140 2476 1352 2549 proportiones,
1376 2472 1496 2529 dubium
1519 2468 1631 2527 nulfum

281 2568 336 2640 est,
359 2562 429 2636 quin
454 2560 522 2620 illae
545 2559 755 2636 proportiones,
780 2571 857 2634 quae
877 2562 958 2617 sonis
973 2558 1044 2618 dant
1060 2562 1289 2632 consonantiam,
1313 2562 1337 2617 si
1362 2562 1488 2618 existant
1511 2557 1631 2616 caedem

284 2649 358 2706 inter
380 2647 521 2724 sphaeras
545 2654 573 2706 et
597 2654 694 2704 motus
717 2646 852 2705 binorum
875 2646 1017 2720 siderum,
1041 2650 1132 2707 etiarn
1153 2646 1211 2708 illis
1234 2648 1468 2707 convenientiam
1491 2643 1630 2720 aliquam,

280 2744 407 2811 atquae
431 2737 512 2795 sonis
535 2732 776 2806 discordantiam,
807 2733 928 2793 eaedem
952 2736 1038 2794 ctiam
1061 2735 1188 2812 planctis
1213 2735 1477 2794 inconvenientiam
1501 2731 1631 2807 aliquam

281 2823 447 2883 concilient
498 2822 572 2881 Cum
600 2828 698 2880 autem
729 2821 786 2880 duo
818 2821 937 2882 diversa¹
963 2824 1072 2881 sintin
1102 2825 1202 2899 primis
1225 2822 1372 2899 sphaeris,
1400 2819 1573 2897 magnitudo
1604 2829 1632 2879 et

279 2902 393 2983 motus,
418 2917 447 2969 et
469 2908 554 2969 aliter
576 2908 793 2985 magnitudines
808 2921 1020 2985 comparentur,
1043 2911 1129 2969 aliter
1143 2913 1231 2969 ctiam
1248 2920 1353 2983 motus,
1377 2911 1486 2986 quippe
1506 2924 1631 2983 quorum

282 2997 486 3074 proportiones
508 2997 546 3056 ab
570 2995 685 3055 illarum
707 2999 946 3072 proportionibus
961 2997 1084 3056 multum
1107 2998 1286 3075 discrepant:
1311 2997 1369 3055 diro
1393 2999 1480 3056 ettam
1503 2995 1631 3053 faculta-

281 3094 344 3143 tum
366 3088 475 3159 genera
500 3087 528 3141 in
552 3082 729 3143 coelestibus
751 3100 806 3144 nos
828 3086 926 3144 animo
949 3085 1102 3161 concipere
1125 3103 1178 3161 par
1201 3093 1259 3157 est,
1283 3085 1406 3161 objectis
1429 3083 1575 3153 distincta,
1600 3091 1632 3141 ut

282 3169 351 3230 illas
374 3169 485 3231 scilieet
507 3188 599 3230 causa
620 3171 739 3247 quidem
753 3172 964 3246 magnitudinis
986 3174 1129 3232 curares
1145 3182 1304 3243 versentur,
1327 3190 1418 3232 causa
1439 3181 1536 3229 motus
1560 3187 1631 3230 vero

239 3294 243 3309 ·
283 3260 360 3318 circa
382 3260 470 3317 etiam
493 3267 606 3329 motus,
634 3258 691 3317 boc
714 3267 759 3318 est
781 3262 857 3318 circa
879 3260 998 3318 modum
1021 3259 1165 3336 largiendi
1188 3260 1324 3336 expedite
1347 3259 1394 3318 vel
1417 3257 1571 3333 impedite,
1602 3266 1632 3316 ot

177 3370 187 3385 ·
283 3346 360 3404 circa
382 3356 507 3422 tempus,
531 3344 610 3420 quod
634 3348 661 3402 in
685 3354 766 3404 motu
788 3354 945 3422 spectatur,
969 3355 1041 3424 puta
1063 3347 1196 3406 celeriter
1214 3345 1266 3409 vel
1287 3346 1377 3406 tarde*
1392 3344 1549 3420 largiendi3
1573 3346 1632 3402 ita-

283 3450 341 3507 que
371 3431 524 3492 distinctae
555 3432 630 3492 duae
660 3434 718 3492 sint
735 3437 945 3507 quaestiones:
980 3432 1009 3508 1)
1038 3453 1076 3493 an
1107 3435 1167 3493 bini
1190 3441 1219 3493 et
1241 3435 1302 3493 bini
1332 3432 1469 3510 planetus
1492 3435 1519 3488 in
1542 3432 1631 3490 rebus

283 3522 354 3595 ipsis
377 3522 571 3599 consentiant,
594 3536 669 3579 anne
692 3523 837 3579 contraria
859 3520 1053 3596 polliceantur
1075 3522 1241 3595 foveantre,
1266 3530 1294 3580 et
1317 3521 1390 3580 alter
1413 3520 1532 3579 alterius
1556 3537 1631 3595 opus

283 3604 491 3687 destruatis)
513 3624 559 3681 an,
582 3611 608 3666 si
631 3609 660 3665 in
684 3624 713 3666 re
738 3611 929 3682 consentiant,
953 3612 1042 3667 etiam
1069 3611 1235 3685 conspirent
1256 3611 1352 3685 operis
1374 3609 1483 3666 mutuis
1505 3606 1543 3666 ad
1565 3626 1631 3667 ma·

282 3694 406 3753 turanda
421 3695 546 3767 decreta,
570 3703 621 3753 aut
642 3696 667 3753 si
691 3693 823 3755 diversas
846 3705 969 3755 naturae
992 3697 1058 3768 sint,
1082 3704 1179 3756 tamen
1203 3695 1276 3756 alter
1299 3696 1419 3755 alterins
1444 3711 1517 3772 opus
1540 3712 1631 3755 caum

284 3784 424 3858 temporis
449 3790 629 3860 promoveat,
653 3799 690 3840 an
714 3799 794 3855 vero,
817 3796 909 3842 causa
929 3785 1021 3861 inepti
1037 3801 1202 3855 concursus,
1226 3783 1382 3858 plurimum
1405 3782 1547 3859 impediat
1569 3793 1629 3843 tam

285 3870 507 3942 consentientia,
531 3886 618 3946 quarn
642 3868 763 3927 ulterius
786 3873 931 3929 contraria
953 3869 1093 3930 decreta?
1130 3871 1177 3929 Ita
1200 3879 1257 3930 tres
1279 3870 1349 3930 fient
1370 3869 1477 3944 gradus
1500 3870 1629 3928 familia-

187 3970 189 3977 ’
282 3957 394 4014 ritatis:
418 3965 470 4016 aut
493 3958 569 4016 enim
593 3958 621 4013 in
645 3974 673 4015 re
698 3964 727 4015 et
748 3956 835 4015 modo
851 3960 1041 4030 consentient,
1066 3976 1142 4035 quae
1157 3974 1271 4025 summa
1293 3968 1338 4018 est
1359 3957 1553 4031 familiaritas,
1576 3968 1628 4017 aut

283 4045 311 4100 in
336 4041 427 4102 altero
437 4042 559 4212 )solum,
589 4061 665 4120 qnae
687 4044 857 4117 mediocris,
889 4053 941 4103 aut
969 4047 998 4103 in
1021 4045 1119 4120 nullo,
1149 4063 1225 4121 quae
1253 4046 1382 4123 perlecta
1403 4044 1549 4104 hostilitas
1572 4046 1628 4105 ha·

282 4130 400 4191 bsbitur
413 4127 460 4190 ¹¹.
1335 4184 1338 4201 .

369 4215 455 4293 Quod
478 4220 565 4293 igitur
586 4216 775 4293 sphaerarum
797 4218 1013 4293 magnitudines
1036 4222 1157 4291 attinet,
1181 4236 1245 4280 cum
1268 4219 1348 4277 sonis
1370 4218 1525 4278 stabilibus
1546 4237 1629 4280 corn·

282 4313 416 4381 paratas,
446 4304 483 4363 ad
506 4322 557 4364 eas
576 4304 639 4379 jum
662 4304 912 4380 deprehendemus
934 4310 1074 4383 consequi
1100 4306 1272 4366 facultatum
1297 4308 1325 4362 in
1347 4305 1473 4379 planatis
1495 4306 1629 4368 celebra-

283 4400 377 4451 tarum
400 4393 632 4469 comparationes
654 4391 810 4452 nonnullas
833 4411 891 4452 non
908 4395 1014 4471 inepte.
1060 4393 1196 4466 Primum,
1221 4391 1466 4469 quemadmodum
1489 4396 1564 4454 inter
1586 4398 1628 4453 si-

283 4477 353 4538 dera
376 4478 438 4538 Soli
462 4478 557 4552 calor,
581 4479 682 4539 Lunae
704 4480 823 4552 humor,
846 4481 970 4556 singulis
992 4480 1148 4541 facultates
1171 4480 1305 4557 singulae
1327 4480 1493 4538 tribuuntur
1516 4498 1628 4558 eaeque

281 4569 356 4625 inter
378 4583 410 4625 se
433 4569 476 4625 sic
499 4569 661 4645 oppositae,
685 4573 718 4625 ut
740 4585 831 4644 agens
855 4570 1012 4645 opponitur
1034 4570 1157 4644 patienti
1189 4567 1284 4643 (color
1314 4568 1390 4625 euim
1414 4566 1548 4645 depascit
1571 4570 1627 4628 hu·

282 4654 400 4724 midnm,
423 4653 528 4713 humor
549 4670 619 4713 vero
634 4656 723 4714 nutrit
746 4653 894 4733 calorem),
918 4655 1044 4715 Saturno
1067 4673 1137 4715 vero
1160 4655 1236 4716 duaa
1259 4653 1345 4713 simul
1366 4654 1521 4716 facultates
1543 4656 1627 4717 dictis

282 4742 443 4800 conuariae
466 4743 560 4800 inesse
584 4740 846 4819 deprehenduntur,
870 4742 960 4802 calori
984 4743 1099 4819 quidem
1121 4744 1230 4819 frigus,
1253 4741 1374 4802 humido
1397 4760 1467 4803 vero
1489 4747 1624 4805 siccitas:

282 4828 326 4893 sit
346 4829 435 4895 etiarn
457 4830 532 4889 inter
552 4847 651 4890 mesen
674 4828 792 4910 quidam
815 4828 877 4889 Soli
899 4839 931 4893 et
951 4838 1038 4892 neten
1062 4831 1281 4909 hyperbolaeon
1296 4829 1398 4890 Lunae
1421 4832 1560 4894 tributam
1582 4842 1624 4894 est
