3567 5625
655 410 738 467 arne
755 410 803 468 ιη.
821 413 910 485 orpus
927 411 974 469 ιι.
1053 417 1056 425 ·
1324 461 1330 472 ,
1420 397 1482 480 ss't

135 584 258 642 tionibus
276 586 438 656 incitamur,
464 587 566 658 quippe
589 602 651 643 cum
668 586 814 644 bumoniis
832 586 1015 660 delectentur,
1043 604 1092 646 aen
1114 587 1180 660 qnia
1195 585 1248 644 Dei
1265 587 1409 659 inermes,
1436 603 1486 646 asu

136 651 200 730 quia
217 664 301 719 modo
319 664 491 721 inenarrabili
508 663 717 722 transformatae
735 672 799 721 aunt
817 665 844 720 in
862 665 956 722 emenii
973 667 1155 738 geometriam

221 742 267 799 lta
284 743 354 799 haee
371 744 526 800 harmonica
544 743 730 814 conformatio,
748 744 775 799 in
793 753 925 814 qnantum
941 745 1105 813 harmonica,
1125 743 1280 801 Ptolemaeo
1293 745 1419 803 eoelestis
1433 755 1484 817 ert,

135 820 199 875 mihi
216 824 368 891 terreanis,
390 831 446 880 tam
463 822 653 893 materialiter,
680 823 715 879 ob
733 823 846 893 angulos
863 821 1013 890 radiorum,
1042 839 1121 892 qnam
1146 821 1308 893 formaliter,
1337 826 1486 882 ebrorum

135 898 206 954 iuter
224 914 256 955 se
273 899 471 968 habitudinem,
489 919 561 974 quae
579 903 737 959 aestimatur
754 902 788 958 ab
805 900 896 957 anima
913 898 1060 957 sublunari.

223 979 419 1047 Argumentum
443 980 526 1039 affero
549 981 683 1053 dogmatis
709 980 761 1036 mei
783 978 1028 1049 evidentissimum,
1054 980 1128 1048 quod
1153 981 1383 1052 configurationes
1408 983 1486 1048 istae.

55 1127 59 1136 1
137 1069 204 1123 quas
228 1073 280 1113 uos
302 1060 331 1115 iu
348 1060 440 1118 Terrls
463 1061 595 1118 sentimus
617 1060 744 1117 erum
768 1067 797 1116 et
814 1075 960 1131 operosas,
988 1074 1042 1115 non
1061 1057 1116 1115 sint
1139 1058 1350 1130 interplanetas
1368 1061 1486 1132 ipsonn

134 1132 221 1204 coelo,
240 1135 289 1192 aed
306 1145 412 1195 tantum
429 1142 501 1198 inter
518 1141 642 1197 binorum
660 1142 751 1198 radios
768 1139 830 1197 illos
848 1139 922 1197 solor
943 1145 972 1195 et
990 1138 1100 1205 unicos,
1126 1139 1174 1207 qni
1191 1141 1219 1195 iu
1237 1141 1349 1196 Terram
1365 1149 1486 1198 noemam

133 1213 273 1286 incidunt3
291 1216 344 1288 hie,
358 1220 482 1291 iuquam,
500 1221 527 1275 iu
546 1220 639 1276 Terris
657 1234 708 1275 neo
725 1220 831 1289 uspiam
849 1218 915 1275 aiihi
931 1218 960 1275 iu
977 1217 1079 1274 mundo
1098 1225 1163 1278 sunt
1180 1217 1234 1284 hae
1250 1216 1486 1291 eondrnmtiones,

133 1308 196 1349 cum
214 1303 287 1362 sunt,
305 1305 334 1352 et
349 1307 415 1354 aunt
432 1298 524 1368 potius
541 1301 571 1355 in
588 1314 723 1354 concursu
740 1297 878 1353 radiorum
895 1294 1025 1367 punctali,
1043 1312 1124 1366 qnam
1141 1297 1170 1352 in
1188 1297 1307 1368 chorio,
1326 1298 1487 1356 aestimetur

132 1379 242 1429 tautum
260 1377 384 1448 angulus,
402 1395 456 1448 quo
473 1385 645 1447 concurrunt,
664 1377 854 1449 imaginatione
871 1391 952 1432 arcus
969 1391 1004 1431 ex
1023 1392 1158 1433 concursu
1174 1376 1311 1448 descripti,
1330 1378 1484 1448 cujusmodi

132 1465 214 1509 artus
232 1455 286 1511 etsi
303 1457 391 1526 nobis,
408 1458 461 1528 qni
474 1456 560 1515 oculis
577 1459 687 1528 utimur,
704 1456 862 1528 supponitur
878 1456 1005 1514 zodiacus
1023 1456 1145 1524 sensilis,
1164 1456 1404 1515 innumerabilibus
1421 1457 1486 1513 dria
1611 1469 1615 1488 ¹

133 1531 281 1590 metus
299 1543 327 1590 et
344 1537 424 1606 qnasi
441 1535 544 1593 divisus
562 1537 745 1605 subtilissime,
764 1545 793 1593 at
811 1544 910 1593 natura
927 1537 1050 1594 animalis
1067 1533 1197 1593 choulnm
1216 1535 1306 1606 alium,
1326 1538 1485 1608 angulorum

132 1606 233 1667 horum
250 1627 417 1685 mensorem,
443 1631 536 1671 secum
552 1616 614 1688 ipsa
630 1616 714 1672 hahet
731 1617 814 1672 intua.
851 1617 959 1686 Cogitet
973 1615 1031 1685 jam
1048 1615 1229 1687 philosophus
1247 1614 1357 1687 aliquis:
1382 1617 1406 1673 si
1424 1633 1483 1674 cor·

133 1703 204 1758 pora
219 1690 351 1754 comeam
368 1692 430 1763 ipsa
446 1694 608 1765 principium
625 1694 709 1764 hujus
727 1694 867 1751 efficaciae
895 1711 944 1764 per
962 1693 1190 1764 configurationes
1213 1692 1241 1748 lu
1263 1709 1294 1750 se
1313 1695 1381 1766 ipsis
1403 1695 1486 1753 habe

133 1774 197 1823 rent
214 1779 407 1841 moveruntque
425 1771 494 1828 haec
511 1772 652 1838 inferiora,
672 1789 738 1840 neu,
758 1780 789 1829 ut
804 1788 856 1843 ego
874 1774 952 1844 volo,
971 1774 1119 1843 objecn're.
1138 1771 1186 1827 sed
1202 1771 1302 1840 active,
1328 1774 1434 1829 actione
1452 1790 1491 1832 en

133 1845 203 1916 ipsis
221 1850 381 1920 eorporibus
400 1849 536 1907 defluente
554 1853 589 1907 ad
607 1869 658 1908 nos
676 1868 737 1908 curu
754 1851 851 1924 radiis,
873 1868 929 1923 qua
945 1852 1029 1922 igitur
1047 1853 1152 1907 ratione
1174 1851 1301 1921 planetae
1318 1866 1368 1922 per
1386 1868 1416 1908 se
1433 1853 1487 1910 sin·

131 1922 192 1993 ruli
209 1935 322 1996 possem
339 1928 494 1999 rmciscere,
514 1929 622 1998 quando
640 1930 685 1985 hic
702 1930 729 1984 in
748 1929 844 1985 ultima
860 1928 954 1986 mundi
965 1930 1030 1999 pila,
1050 1928 1077 1984 iu
1089 1928 1189 2000 Terris,
1207 1929 1279 1984 iuter
1290 1943 1320 1984 se
1332 1928 1388 1985 bini
1405 1928 1488 1987 radlia

132 2003 192 2059 ruis
210 2012 352 2075 arpentum
374 2008 534 2086 formarent,
558 2010 622 2079 quia
644 2018 772 2080 aspectus
795 2009 903 2065 nonnisi
927 2009 1052 2066 binorum
1075 2008 1245 2077 planetarum
1264 2016 1318 2066 est,
1345 2024 1400 2077 qno
1417 2027 1488 2067 com·

134 2083 236 2138 nereio
256 2084 311 2141 hini
328 2086 455 2157 planetae
471 2088 544 2144 iuter
560 2104 593 2144 se
608 2087 764 2159 longissime
782 2088 870 2144 dissiti
888 2086 1004 2144 consilis
1015 2101 1066 2142 sua
1084 2085 1321 2157 communicarent,
1341 2087 1412 2144 vires
1423 2105 1487 2145 con·

133 2160 239 2219 ferrem
263 2163 352 2235 sdpue
369 2164 479 2222 Terram
497 2166 571 2223 etin
589 2167 680 2223 radios
698 2183 764 2223 suos
782 2168 817 2225 ad
834 2175 974 2225 momenta
991 2173 1151 2238 aspectuum
1173 2165 1345 2223 demitterent
1368 2168 1489 2225 easdem

134 2256 199 2310 que,
218 2241 334 2312 primum
352 2252 435 2314 atque
453 2252 543 2302 cessat
560 2253 701 2316 aspectus,
730 2261 838 2303 cessare
856 2247 988 2303 facerent.
1024 2247 1068 2302 ln
1081 2261 1136 2301 non
1153 2244 1215 2315 plur
1231 2261 1312 2313 qnam
1323 2247 1368 2302 Dii
1381 2247 1488 2304 amenti

134 2318 174 2374 Et
191 2335 229 2376 ue
247 2321 339 2377 multis
356 2323 523 2394 argumentis
540 2325 577 2380 ait
594 2340 673 2396 opus,
692 2325 762 2383 ferat
777 2327 822 2383 hic
840 2327 900 2396 ipse
917 2325 1151 2396 comparationum
1168 2323 1394 2382 Ptolemaioarum
1417 2342 1490 2384 cam·

133 2414 186 2469 pua
208 2399 314 2469 justum
337 2401 408 2458 iuter
426 2417 469 2458 me
493 2410 522 2458 et
539 2404 724 2461 Ptolemaeum
747 2405 888 2474 judicium.
926 2407 1120 2476 comparamus
1146 2404 1242 2460 merito
1271 2404 1402 2460 coelestia
1427 2420 1489 2460 cnm

133 2475 315 2544 muniris,
339 2480 374 2536 ab
392 2481 488 2538 eodem
507 2481 577 2538 enim
601 2482 677 2540 fonte
695 2484 833 2541 finxeram
856 2485 884 2540 in
903 2493 1048 2552 utrumque
1071 2498 1159 2553 genna
1176 2499 1266 2537 rernm
1291 2483 1409 2540 mdonea
1426 2484 1488 2538 har·

134 2559 270 2616 nomme.
305 2560 376 2629 Quid
395 2563 550 2632 igiturest,
577 2563 651 2632 quod
674 2564 789 2621 choreas
813 2571 903 2620 moret
926 2562 960 2617 ad
983 2561 1111 2618 mutum?
1146 2560 1218 2616 lium
1240 2558 1359 2617 chordae
1380 2560 1433 2617 hoo
1450 2560 1489 2619 fa

133 2636 233 2691 ciunt?
269 2637 324 2693 cnr
340 2640 423 2709 igitur
446 2641 520 2696 surdi
538 2658 592 2697 nou
611 2651 753 2700 moventur
777 2643 812 2699 ad
830 2651 927 2698 cantus
953 2639 1061 2713 legem?
1096 2639 1193 2696 Nonne
1215 2639 1320 2708 species
1337 2654 1488 2697 consonan-

71 2759 74 2766 .
133 2714 235 2770 darum
254 2714 281 2769 iu
299 2731 379 2774 aures
396 2717 514 2776 influunt
531 2719 622 2791 ibique
646 2738 763 2779 aseusn
787 2721 923 2778 communi
947 2736 981 2777 ex
998 2719 1128 2777 instinctu
1150 2716 1267 2775 naturali
1290 2733 1340 2798 pro
1359 2717 1489 2786 iucundis

134 2801 161 2848 et
179 2793 269 2864 gratis
286 2800 493 2868 approbantur?
528 2800 625 2858 Nonne
644 2803 734 2858 anima
751 2809 808 2871 aet,
830 2816 903 2868 quae
928 2805 1059 2873 percepta
1081 2798 1216 2859 cantilena
1239 2812 1339 2868 corpus
1357 2813 1435 2854 sunm
1454 2796 1488 2854 ad

133 2873 196 2940 eiua
214 2872 290 2944 leges
307 2883 336 2931 et
351 2876 507 2948 rhythmum
525 2882 637 2936 moreti
656 2880 729 2951 quod
747 2879 779 2936 iit
796 2896 852 2935 non
870 2884 974 2936 tantum
992 2880 1020 2934 in
1038 2879 1190 2938 voluntario
1202 2881 1278 2932 motu
1290 2877 1420 2947 eorporis,
1439 2876 1488 2933 sed

132 2951 218 3007 emm
236 2954 265 3009 lu
285 2955 400 3012 naturali
419 2964 494 3014 motu
511 2957 712 3030 delectationis,
730 2961 767 3016 ob
778 2975 877 3017 suares
889 2959 1090 3017 consonantias.
1125 2954 1293 3014 mmmhie
1304 2963 1490 3027 willemier*

132 3030 239 3087 tionem
257 3048 385 3091 sonorum
404 3036 495 3106 uliam,
514 3038 565 3093 nisi
584 3038 745 3095 rationalem
764 3046 791 3093 et
809 3039 976 3095 solamente
994 3053 1044 3092 ren
1061 3052 1112 3108 per
1123 3034 1293 3105 disciplinam
1311 3049 1360 3091 seu
1378 3035 1489 3092 instinc·

133 3116 193 3165 tum
212 3114 415 3184 perceptibilem
433 3117 554 3188 allegant
570 3118 838 3191 pseudophilosophi.
1435 3120 1440 3135 '

154 3266 161 3279 '
224 3191 264 3248 Et
280 3191 411 3250 haeteum
431 3195 540 3266 quidem
558 3199 592 3253 de
610 3198 722 3254 materia
740 3197 792 3253 mei
808 3196 870 3252 libri
887 3197 993 3266 quarti,
1012 3196 1090 3267 cujnn
1107 3196 1269 3266 subjectum,
1289 3193 1429 3249 harmonia
1447 3207 1502 3249 ras

134 3264 301 3341 dationum
327 3287 401 3328 mere
425 3282 553 3331 terrestre
576 3283 627 3331 est.
663 3275 744 3333 anun
767 3276 879 3347 aliquod
904 3282 1031 3346 superest
1047 3290 1134 3346 genus
1150 3272 1323 3342 harmonice,
1350 3271 1491 3328 rerisairne

134 3346 259 3405 meiere
277 3365 325 3406 seu
343 3353 508 3411 mundnnum
526 3355 632 3425 potins,
658 3355 692 3411 de
710 3371 766 3425 quo
782 3363 810 3411 et
827 3353 1001 3410 Ptolemaeus
1025 3353 1082 3422 agit
1104 3352 1240 3423 capitibus
1261 3347 1438 3419 sequentibus
1462 3354 1491 3403 et

134 3440 187 3497 ego
207 3426 278 3484 libro
295 3444 356 3486 meo
373 3432 468 3503 quinto
485 3433 529 3501 em
547 3432 629 3503 idque
646 3434 823 3504 praecipuum
841 3449 954 3502 scopum
977 3431 1029 3488 feci
1047 3432 1132 3488 totius
1150 3429 1203 3486 mel
1221 3428 1312 3500 operis
1333 3426 1489 3483 harmonici

703 3700 845 3773 CAPUT
872 3699 924 3771 lli.

151 3844 196 3901 iit
222 3855 333 3901 motus
359 3845 507 3903 siderum
534 3845 715 3905 secundum
741 3844 963 3903 altitudinem
990 3799 1205 3914 comparetur
1230 3843 1414 3915 generibus
1439 3844 1471 3898 in

706 3932 922 3999 harmoniali.

226 4079 393 4144 &cundem
414 4087 547 4148 motuum
568 4080 698 4159 speeiem
718 4078 879 4141 secuudum
902 4075 1086 4140 altitudinem
1108 4079 1291 4139 inveniemur
1314 4075 1438 4138 similem
1461 4076 1489 4139 cl

133 4169 216 4247 parti
237 4168 438 4243 harnouioas,
467 4185 543 4246 quae
565 4185 674 4246 genera
704 4165 784 4228 dicta
805 4167 905 4227 habet.
949 4166 1034 4227 Sicut
1061 4167 1139 4227 enim
1168 4167 1198 4224 iu
1220 4165 1277 4226 hae
1303 4180 1413 4242 genera
1432 4167 1491 4225 trin

133 4265 216 4331 aunt
240 4255 474 4331 enhnmoninm,
497 4255 721 4331 chananeum,
745 4253 924 4315 diatonicum
931 4298 942 4332 ,
971 4253 1110 4314 distincta
1132 4252 1345 4330 qnandtadbns
1366 4267 1491 4329 propor-

133 4346 254 4406 tionum
276 4346 306 4403 iu
329 4342 521 4405 tetrachordis
534 4338 586 4418 Π),
617 4344 659 4404 sic
682 4350 712 4405 et
733 4340 784 4402 illa
815 4348 873 4402 tres
895 4343 1005 4403 iormas
1027 4339 1248 4402 intervallorum
1278 4339 1490 4418 complectitur,
1581 4362 1585 4373 ·

134 4434 270 4509 minimi,
298 4431 387 4494 medii
416 4440 446 4493 ct
466 4433 587 4492 maximi
596 4427 662 4506 ΠΙ),
694 4446 771 4508 quae
797 4437 826 4490 et
849 4431 932 4509 ipsae
963 4431 1127 4508 qnandtate
1153 4443 1290 4491 cursuum
1318 4442 1491 4488 mensnram·

134 4516 252 4595 tan).
298 4522 444 4581 Accasaua
466 4520 555 4597 igitur
576 4518 738 4580 mediorum
760 4517 990 4592 intervallorum,
1014 4518 1065 4595 qni
1087 4515 1248 4577 medium
1270 4514 1401 4592 nudique
1422 4530 1491 4575 onr-

133 4625 188 4668 ans
219 4610 344 4680 habent,
377 4626 465 4686 quam
495 4610 626 4685 proxime
655 4605 840 4666 chromaticia
867 4607 1026 4681 generibus
1043 4604 1111 4681 iure
1134 4606 1200 4682 qnis
1222 4612 1387 4682 comparet,
1418 4604 1490 4679 qnia

135 4696 232 4756 mam
254 4699 283 4754 in
305 4695 352 4754 lits
373 4695 481 4757 lichanl
504 4706 606 4756 secam
628 4693 725 4755 media
748 4693 933 4754 tenaciorda
947 4691 994 4770 ν);
1023 4693 1127 4768 atqui
1149 4693 1284 4751 minimos
1307 4706 1408 4751 mrsrrr
1431 4689 1488 4749 ba·

134 4783 228 4856 bant,
259 4785 324 4843 sire
352 4784 372 4842 ii
404 4781 442 4842 ad
464 4780 773 4844 intervallarium
802 4782 930 4841 maxima
957 4786 1173 4855 mnseqnantur
1200 4779 1265 4839 sire
1294 4777 1333 4839 ad
1360 4778 1489 4851 minima,

134 4869 361 4953 respondebunt
390 4870 586 4932 enharmoulis
617 4868 789 4951 perreribus,
818 4869 889 4947 quis
911 4869 980 4929 bina
1008 4865 1183 4929 tenachordi
1214 4863 1371 4928 naman·
1403 4863 1491 4924 simui
