3567 5625
237 443 298 505 108
673 440 891 513 velimutrum
910 440 1139 499 Hemonlcarum

320 619 378 680 Pro
400 620 489 681 latere
511 618 710 698 bendccngoni
733 618 931 682 uimurniertnr
944 618 1013 681 telis
1038 619 1208 701 descriptior
1231 624 1270 681 in·
1284 621 1392 683 circulo
1414 613 1453 684 ab
1478 621 1581 684 eodem

235 716 343 785 puncto
367 709 393 770 Δ
423 708 544 768 duostm
566 708 643 768 letus
665 709 808 784 teuugmu
833 708 884 767 Ac
907 705 945 767 ed
966 725 1055 768 uuam
1077 719 1189 789 pertorn
1211 711 1466 783 circumferentiae,
1488 712 1582 788 trigo·

595 797 693 855 uicum
726 796 782 855 ΑΙ)
810 796 847 856 ed
882 798 1074 871 mntrnriem,
1094 796 1322 875 bexugonicum
1359 797 1427 872 AB,
1460 797 1513 857 Ar
1543 797 1581 857 ed

596 891 758 960 utrumque,
786 889 815 945 et
830 882 952 943 duorum
968 884 1083 943 illorum
1098 884 1344 962 beregouicorum
1362 884 1487 962 angulus
1502 885 1580 946 rsit

596 971 788 1031 subtondatur
818 970 877 1031 ulio
900 972 1043 1047 trigouico
1065 971 1156 1033 latore
1179 973 1244 1048 BF,
1267 973 1345 1050 quod
1368 973 1480 1033 secabit
1500 975 1581 1049 prius

596 1060 769 1135 trigouicum
786 1057 841 1117 AD
864 1059 895 1116 in
920 1055 967 1135 G,
991 1056 1222 1120 cucurutium
1244 1060 1341 1121 edne
1363 1061 1534 1137 tetragonici
1557 1060 1580 1120 C
1683 1061 1691 1066 “

533 1161 534 1164 ’
596 1145 737 1206 diameter
759 1145 807 1205 GE
828 1163 880 1222 per
901 1144 918 1204 I
938 1153 1067 1206 ceruum
1089 1153 1119 1206 et
1145 1167 1163 1207 a
1193 1148 1250 1208 dno
1282 1148 1373 1208 altero
1400 1145 1533 1208 diametri
1556 1147 1581 1207 Ε

595 1251 648 1310 per
667 1235 827 1306 sectionem
850 1234 1057 1311 trigonicorum
1086 1232 1114 1294 G
1142 1232 1265 1296 ducatur
1285 1245 1366 1297 recte
1388 1235 1451 1309 tte,
1477 1249 1581 1295 mutas

596 1322 808 1398 tetragonicum
829 1319 880 1380 Ac
903 1321 933 1378 iu
956 1319 1002 1380 H:
1024 1321 1104 1382 lines
1126 1320 1184 1381 GH
1206 1325 1280 1384 iuter
1300 1323 1354 1383 bes
1376 1323 1450 1384 duts
1472 1324 1580 1383 metio-

595 1425 649 1468 nes
670 1408 776 1468 dicitur
797 1425 862 1469 esse
882 1406 963 1469 latus
977 1407 1181 1486 uudeoauguii.
1216 1411 1270 1470 Est
1288 1427 1358 1471 roro
1373 1413 1460 1470 nimis
1481 1411 1579 1488 longe,

596 1496 646 1558 vel
667 1496 836 1557 mechanica
858 1495 990 1556 docente.
1035 1496 1076 1555 At
1104 1496 1196 1557 solers
1218 1508 1366 1574 geometra
1392 1500 1520 1576 speciem
1541 1499 1581 1558 li·

597 1602 672 1645 nese
694 1583 871 1657 consideret,
902 1600 978 1660 quae
1009 1587 1173 1645 nemesemo
1195 1588 1390 1646 communicet
1411 1585 1523 1662 eliquid
1544 1603 1579 1646 er

233 1682 375 1758 trigouico
398 1687 427 1740 ct
449 1676 628 1755 tetragonico
649 1673 804 1745 lateribus,
834 1669 1022 1748 quantnmrid
1051 1682 1162 1733 remoto
1184 1672 1286 1749 gradu.
1332 1674 1423 1750 Atqui
1444 1690 1581 1734 uumerus

237 1771 284 1839 ii,
307 1768 416 1846 primus
439 1768 584 1836 existens,
616 1759 696 1820 nullo
719 1756 866 1819 modoad
889 1758 944 1818 bes
966 1757 1074 1836 figures
1096 1759 1192 1832 ducit,
1220 1777 1285 1820 cunr
1309 1763 1347 1821 sit
1367 1763 1485 1839 primns,
1507 1760 1580 1820 nibil

234 1872 300 1914 cum
324 1856 342 1914 3
367 1861 484 1913 etcum
507 1847 845 1912 ceommuuenubeus.
891 1845 1017 1906 Securus
1040 1848 1128 1923 igitur
1149 1854 1195 1907 est
1207 1856 1365 1924 geometra,
1388 1849 1492 1909 taleam
1516 1865 1580 1909 esse

233 1942 456 2018 descriptionem
479 1950 509 2001 et
529 1945 626 2017 potest
647 1934 732 1998 icelle
754 1930 944 2011 supersedere
966 1932 1067 1993 lebore
1090 1935 1286 2011 computandi.

318 2028 421 2088 Monet
442 2031 532 2105 igitur
551 2044 603 2104 per
625 2041 726 2085 ornnes
748 2022 945 2099 objectiones,
972 2038 1024 2098 por
1052 2038 1152 2082 omues
1176 2025 1305 2082 omniurn
1327 2024 1504 2084 mesaneos
1525 2041 1579 2085 eo-

234 2125 330 2190 uatus,
353 2115 447 2175 latera
469 2116 626 2192 figurarum
648 2108 816 2187 hujusmodi
837 2114 941 2184 suopte
963 2114 1069 2190 ustum
1090 2125 1155 2169 esso
1179 2112 1280 2186 ignote
1300 2111 1330 2170 ei
1352 2110 1507 2176 usnemu
1539 2113 1580 2175 Ut

233 2202 306 2263 nibil
329 2206 432 2262 mirum
454 2204 501 2276 sit,
524 2202 553 2260 id
577 2200 700 2278 quodin
715 2197 875 2274 erobetypo
888 2194 1070 2255 mundinon
1093 2199 1190 2274 potuit
1210 2199 1350 2286 inveniri,
1372 2213 1470 2276 usque
1491 2202 1579 2262 edem

233 2308 401 2369 expressum
424 2306 489 2352 esse
512 2291 540 2346 in
563 2287 792 2348 conforrnatione
814 2284 907 2361 ipsius
929 2282 1029 2343 mundi
1051 2285 1187 2361 portium.

319 2448 431 2507 xcvi.
455 2444 680 2523 Propositio.
724 2441 822 2503 Secdo
846 2439 945 2501 cuerit
974 2457 1058 2501 arcus
1082 2442 1282 2521 cujuscunque
1304 2445 1333 2503 in
1356 2446 1492 2524 sequulia
1513 2452 1578 2526 tria

234 2538 379 2613 quinque,
411 2543 522 2614 septem
545 2540 600 2595 etc.
625 2539 655 2593 et
676 2532 706 2589 iu
728 2546 902 2608 quecunque
924 2530 1052 2604 ratione,
1082 2545 1159 2605 quse
1181 2548 1239 2590 non
1266 2533 1305 2591 sit
1326 2535 1580 2601 antedomoustra-
1602 2569 1605 2584 ·

233 2630 327 2684 tarum
350 2627 485 2684 continue
500 2621 602 2700 dupla,
627 2636 684 2680 nou
707 2628 754 2679 est
775 2617 812 2679 de
833 2616 1028 2695 possibilitate
1050 2620 1226 2692 geometrice
1246 2618 1309 2695 toli,
1330 2639 1407 2698 queo
1428 2632 1580 2695 emonem

269 2719 359 2773 neret

233 2728 269 2787 μ
321 2794 412 2851 Sectio
430 2808 509 2848 arcus
526 2793 554 2848 iu
572 2791 626 2847 duo
644 2797 672 2846 et
689 2794 806 2859 quatuor
823 2795 851 2846 et
868 2792 931 2843 octo
949 2794 1017 2855 etc,
1036 2786 1162 2842 contnuo
1180 2788 1284 2851 scilicet
1301 2790 1399 2868 duple,
1418 2803 1581 2871 geometris,

233 2890 299 2930 sene
317 2880 361 2929 est
377 2873 482 2941 fuitque
501 2873 634 2930 hactenus
653 2868 783 2925 adhibite
818 2869 850 2924 In
868 2868 921 2924 tria
938 2865 1070 2935 continui
1087 2865 1173 2920 soceri
1191 2874 1218 2922 et
1229 2875 1316 2925 totum
1328 2874 1457 2934 circulum
1473 2897 1522 2949 per
1533 2883 1580 2939 tri·

233 2971 346 3026 genum,
372 2961 399 3008 et
418 2952 624 3020 semicirculum,
643 2957 674 3006 ut
690 2950 718 3005 in
735 2948 894 3019 hexagono,
921 2953 949 3003 et
967 2952 1091 3016 quartum
1108 2952 1229 3015 purtem,
1248 2956 1279 3003 ut
1295 2950 1324 3006 iu
1341 2953 1528 3027 dodecngouo,
1552 2970 1581 3017 et

233 3034 363 3106 quintum,
381 3040 413 3087 ut
429 3032 458 3087 in
476 3031 767 3103 pentokaedecugouo„
785 3036 813 3084 et
830 3043 923 3084 ereum
945 3027 991 3081 135
1003 3026 1024 3096 ⁰,
1043 3023 1120 3079 utin
1138 3034 1279 3098 octogono,
1298 3038 1326 3087 ue
1343 3048 1436 3091 greum
1456 3038 1530 3107 108⁰,
1549 3046 1581 3094 u,

232 3108 260 3163 in
279 3110 426 3182 decagono.
462 3114 494 3168 In
513 3112 631 3181 quinque
649 3102 863 3176 rero'contingit
880 3103 966 3160 secari
985 3102 1108 3159 similiter
1125 3114 1153 3162 et
1164 3115 1252 3165 totum
1269 3109 1408 3182 circulum,
1425 3131 1475 3184 por
1485 3125 1581 3185 pentu-

233 3205 346 3261 gonum,
365 3196 393 3242 et
410 3188 621 3258 semicirculum,
639 3194 670 3242 nt
686 3187 714 3239 in
733 3185 887 3254 decagono,
911 3189 939 3237 et
955 3182 1064 3238 tertiam
1082 3185 1175 3242 circuli
1193 3194 1313 3259 purtem,
1339 3197 1370 3245 ut
1386 3191 1414 3245 iu
1431 3195 1581 3261 pentelrce·

234 3269 381 3335 decagono,
399 3260 536 3323 et'arcum
557 3269 631 3336 150⁰,
650 3272 682 3321 ut
698 3264 725 3317 iu
744 3262 891 3330 decegono.
928 3260 1004 3315 idern
1021 3277 1114 3318 vemm
1133 3273 1176 3321 est
1193 3266 1227 3321 de
1244 3266 1341 3323 horum
1355 3272 1469 3325 'mecum
1487 3274 1581 3330 semis·

233 3349 308 3405 sibus
327 3346 575 3418 quedruuubusque
599 3354 626 3400 et
654 3341 751 3398 ceteris
769 3341 894 3411 partibus
911 3340 1096 3411 proportionis
1121 3345 1249 3400 continue
1270 3346 1431 3418 subduplee.
1466 3350 1504 3405 Ar
1527 3351 1582 3408 boc

233 3445 286 3483 uun
304 3425 336 3480 fit
353 3435 466 3497 propter
483 3425 646 3483 triscctiouis
664 3430 692 3479 ct
710 3420 914 3491 quiuiseotionis
923 3420 1068 3491 ingenium,
1087 3421 1135 3476 sed
1147 3438 1197 3492 per
1208 3423 1334 3480 condens
1350 3433 1379 3480 et
1389 3434 1502 3497 propter
1513 3429 1581 3487 ullus

233 3506 379 3575 figurarum
397 3507 592 3576 proprietates,
610 3503 759 3575 dequibus
777 3501 919 3556 bectenus.

319 3585 356 3639 Δι
372 3585 553 3655 promiscuum
570 3583 753 3640 tusecdouem
772 3588 820 3637 aut
837 3581 984 3659 sectionem
1007 3580 1036 3634 iu
1053 3581 1107 3637 eliu
1123 3599 1285 3654 quecunque
1302 3586 1416 3643 tutione
1433 3589 1583 3660 p'rcpositu,

233 3679 302 3735 quse
320 3680 375 3718 non
393 3665 429 3718 sit
446 3664 573 3719 continue
592 3663 684 3732 dupla,
700 3660 895 3731 impossibilem
912 3676 981 3726 esse,
999 3671 1075 3731 potet
1092 3682 1124 3721 er
1136 3665 1340 3737 compressione
1352 3665 1507 3725 bisentionis
1519 3685 1582 3739 pou-

233 3742 326 3799 sibilis.
361 3742 394 3797 Irr
412 3743 578 3801 eumedium
596 3743 731 3799 edarcum
750 3749 784 3807 et,
802 3753 883 3809 quern
895 3738 942 3803 ille
953 3752 1099 3814 mensuret,
1112 3746 1241 3816 angulum
1252 3743 1436 3815 bieeceudurn,
1456 3754 1499 3801 est
1510 3745 1583 3802 liuee

233 3830 315 3891 rectu,
333 3822 465 3877 subteneo
481 3824 570 3892 urcui,
589 3837 659 3893 quse
675 3822 704 3876 in
721 3820 775 3875 duo
795 3818 920 3890 aequalis
936 3821 1023 3876 secari
1040 3830 1132 3893 potest
1148 3824 1327 3895 geometrice,
1352 3840 1414 3879 cum
1432 3824 1581 3896 aequalita-

232 3910 287 3957 tem
305 3900 401 3955 hcrrrrn
418 3901 535 3970 partium
563 3908 691 3973 sequatur
718 3898 867 3969 aequalius
892 3898 1009 3968 pertiuur
1039 3918 1118 3959 orcus
1137 3906 1321 3975 cujuscunque
1346 3902 1402 3971 sive
1420 3904 1497 3974 parri
1525 3904 1582 3960 cire

233 3980 321 4048 megni
338 3987 465 4049 respectu
483 3981 567 4036 totius
585 3979 693 4050 circuli;
711 3995 745 4035 ex
763 3994 817 4049 quo
835 3977 912 4032 fonte
930 3984 957 4033 ct
975 3976 1028 4035 boc
1045 3990 1101 4052 est,
1121 3984 1194 4055 quod
1212 3985 1239 4038 in
1252 3981 1390 4051 triangulo
1409 3982 1443 4036 ab
1461 3983 1581 4054 aequali-

233 4056 291 4115 tute‘
307 4060 422 4114 laterum
439 4057 504 4116 iicet
521 4060 703 4135 argumentari
720 4058 755 4113 cd
771 4055 961 4129 aequciitntem
974 4060 1133 4128 angulorum
1146 4063 1339 4132 oppositorum.
1367 4060 1435 4135 'Hoc
1452 4077 1515 4117 vero
1526 4079 1581 4119 me·

122 4142 124 4151 ⁴
234 4139 307 4194 dium
326 4154 376 4194 nos
392 4138 420 4192 iu
438 4139 537 4195 ceteris
555 4137 719 4194 sectionibus
738 4136 845 4192 decent·
880 4135 950 4190 Nam
970 4138 1021 4191 etsi
1038 4148 1121 4208 recte,
1140 4140 1215 4195 urcui
1231 4137 1368 4207 subteneo,
1387 4140 1474 4194 secari
1490 4148 1583 4211 potest

232 4221 261 4274 in
279 4225 372 4290 partes
390 4218 524 4288 quotlibet
541 4218 622 4290 idque
640 4215 811 4288 geometrice,
831 4220 860 4269 ut
876 4230 932 4269 non
949 4215 1011 4273 ideo
1030 4223 1059 4274 et
1075 4220 1277 4289 proportionem
1288 4217 1371 4273 uilem
1383 4216 1502 4287 pmtiurn
1518 4218 1583 4274 sub

234 4309 328 4356 musae
345 4302 419 4369 (post
436 4300 637 4369 proportionem
655 4295 840 4369 aequalitatis)
859 4296 983 4364 seqnitur
1000 4298 1139 4367 proportio
1155 4296 1273 4368 portium
1291 4310 1387 4365 crcus3
1409 4296 1582 4364 qnemndruo·

233 4378 297 4434 dum
316 4392 404 4461 qeque
421 4378 450 4432 in
467 4378 603 4448 triangulo
619 4378 685 4435 licet
702 4393 719 4432 a
736 4377 913 4447 proportione
930 4374 1044 4431 luterum
1062 4392 1223 4448 quacunque
1241 4378 1357 4444 (prester
1380 4391 1460 4431 uuam
1483 4390 1582 4446 requa-

233 4457 327 4527 litctis)
345 4459 528 4526 argumentsri
550 4457 585 4513 od
607 4456 722 4512 eandem
745 4454 948 4525 proportionem
972 4454 1160 4524 oppositorum
1178 4454 1347 4523 angulorum.
1382 4453 1452 4509 Nam
1479 4452 1581 4508 sisub

233 4547 311 4593 tense
330 4554 409 4593 arcus
427 4537 502 4592 verbi
519 4554 602 4601 causa
618 4537 647 4591 in
663 4535 716 4591 trie
734 4532 860 4604 aequalia
881 4538 1004 4602 secetur,
1030 4532 1054 4586 si
1072 4548 1142 4604 quoe
1165 4542 1272 4602 secent,
1299 4530 1536 4602 perpendiculares
1553 4531 1582 4587 iu

234 4619 389 4674 subteueum
408 4616 523 4685 inerint,
546 4616 634 4673 media
651 4631 715 4686 pars
734 4628 813 4670 arcus
832 4610 884 4667 erit
902 4610 989 4665 minor
1006 4607 1177 4681 luterebbus;
1202 4610 1243 4665 siu
1262 4624 1296 4665 cx
1315 4616 1408 4665 contro
1426 4624 1505 4666 arom
1523 4609 1582 4666 iue-

234 4697 288 4750 rint
306 4711 432 4766 egressae
450 4695 592 4760 sectrices,
617 4694 706 4750 medic
723 4709 786 4763 pars
804 4705 884 4746 arcus
903 4688 955 4744 erit
972 4689 1058 4758 major
1075 4689 1243 4746 luterslibus.
1277 4687 1366 4758 igitur
1389 4688 1461 4745 inter
1479 4688 1581 4744 disten·

234 4776 299 4830 tiam
317 4775 450 4830 infinitam
467 4783 495 4830 et
513 4781 635 4830 centrum
652 4773 745 4829 circuli
762 4778 893 4843 punctum
911 4776 967 4837 est,
986 4784 1020 4824 ex
1037 4784 1091 4840 quo
1109 4769 1223 4826 eductre
1241 4765 1311 4822 duee
1328 4768 1456 4823 rectrices
1473 4776 1502 4824 ot
1520 4767 1583 4824 sub
1637 4844 1642 4851 Α

235 4864 339 4909 tensum
357 4862 385 4909 et
402 4868 495 4908 ereum
512 4854 572 4922 ejus
589 4853 618 4908 in
635 4852 689 4907 triu
705 4850 831 4922 aechia
847 4854 979 4906 secarent
1014 4848 1046 4904 Id
1058 4864 1122 4905 uero
1139 4853 1270 4918 punctum
1283 4861 1390 4919 semper
1401 4853 1478 4907 tento
1495 4860 1582 4903 remo·

235 4932 289 4988 tius
305 4938 348 4988 est
365 4932 400 4987 ab
418 4947 482 4988 eron
499 4930 599 5001 circuli,
617 4938 718 5001 quanto
735 4930 823 4985 minor
840 4944 919 4985 arcus
937 4926 1032 4985 cuculi
1048 4928 1218 4984 tdseoaudus
1230 4933 1280 4998 est,
1297 4926 1474 4999 proportione
1491 4931 1583 4981 temen
