3567 5625
295 413 361 475 aon
471 381 474 392 '
684 411 726 466 us
744 410 864 467 uonna·
881 409 1055 467 anamma
1072 409 1251 466 aemonias.

294 590 356 666 pite
382 591 647 668 improprietates
668 590 757 651 basso
779 592 881 652 tribuit
904 610 975 653 nsua
997 592 1187 670 vindicatque
1210 595 1333 663 natura,
1357 588 1475 651 easdem
1498 587 1644 666 quodam·

294 675 383 744 modo
404 675 548 738 Saturnus
570 684 600 740 et
620 679 737 755 Jupiter
759 680 891 741 obtinent
913 683 943 739 in
966 680 1058 755 coelo,
1082 697 1155 756 quaa
1178 680 1285 747 tenori,
1309 694 1362 737 nos
1384 681 1414 735 in
1437 678 1532 736 Marte
1555 679 1642 735 inre-

294 767 408 839 nimus,
441 782 515 842 quas
537 766 615 847 alto,
645 785 697 828 eae
720 770 820 827 insunt
841 771 871 826 in
894 768 1013 831 Tellure
1036 776 1065 828 et
1087 768 1217 840 Venere,
1251 782 1326 841 quaa
1348 765 1497 839 ducante,
1527 764 1645 824 easdem

295 852 387 913 habet
408 852 579 928 Mercurius,
610 856 715 915 sinon
738 855 919 936 aequalitate
942 854 1170 929 intervallorum,
1193 862 1225 914 at
1247 861 1325 913 certe
1346 856 1543 930 proportione.
1587 848 1646 912 Ut·

297 957 413 1017 euuque
435 944 513 1003 euim
536 945 660 1021 propriis
683 961 718 1003 ex
741 946 839 1003 causis
862 947 959 1023 capito
981 945 1118 1020 sequenti
1141 940 1322 1002 deducantur
1344 941 1487 1018 cujusque
1508 939 1646 1019 planetae

297 1031 526 1090 acoentrioitates
555 1037 584 1090 et
614 1047 666 1107 par
694 1047 745 1090 eas
772 1032 889 1109 propris
920 1030 1063 1108 cujusque
1086 1039 1217 1091 motuum
1241 1028 1410 1102 intervalla,
1443 1027 1517 1087 illud
1549 1035 1646 1088 tamen

295 1115 364 1177 iude
386 1116 510 1178 resultat
530 1117 711 1193 admirabile,
733 1134 788 1179 neo
809 1121 872 1179 scio
894 1137 932 1178 an
955 1136 1015 1180 non
1032 1120 1120 1197 juxta
1140 1125 1326 1196 procuratum
1341 1133 1395 1176 noc
1416 1134 1494 1176 mere
1517 1116 1647 1175 necessi-

263 1245 266 1256 ·
296 1210 389 1267 tatum
412 1211 683 1282 temperamentum,
713 1206 793 1284 quod
818 1202 852 1288 1)
876 1215 909 1265 ut
930 1205 991 1266 alto
1013 1207 1118 1267 bassus
1145 1206 1316 1283 opponitur,
1351 1205 1394 1264 sic
1422 1203 1480 1264 duo
1510 1203 1648 1280 planetae

296 1299 374 1366 sunt,
397 1294 448 1369 qni
470 1292 522 1353 alti
544 1301 679 1353 naturam
700 1292 820 1368 babent,
843 1293 903 1353 duo
926 1295 977 1371 qui
999 1295 1088 1366 baasi,
1113 1295 1196 1354 velut
1216 1296 1245 1352 in
1262 1291 1393 1367 quolibet
1414 1309 1520 1368 genere
1543 1298 1647 1350 cantus

298 1381 433 1455 utrinque
455 1398 540 1453 unus,
565 1389 724 1441 ceterarum
747 1382 928 1458 singularum
945 1399 1051 1443 vocum
1069 1382 1195 1458 siuguli3
1218 1379 1356 1458 quodque
1372 1376 1403 1458 2)
1419 1387 1451 1439 ut
1473 1379 1551 1439 altus
1573 1394 1647 1457 pane

297 1485 450 1544 supremus
471 1471 502 1527 in
526 1471 667 1545 angustiis
690 1476 743 1543 est,
766 1472 940 1530 necessariis
973 1477 1003 1531 et
1033 1469 1215 1530 naturalibus
1238 1468 1274 1527 de
1297 1468 1408 1539 causis,
1439 1466 1492 1538 lib.
1514 1465 1572 1525 III.
1595 1483 1648 1526 ex·

297 1554 422 1633 plicatis,
446 1558 489 1617 sic
511 1574 585 1634 pene
606 1558 699 1615 intimi
723 1556 876 1634 planatae,
902 1557 994 1617 Terra
1017 1565 1046 1617 at
1068 1557 1183 1630 Venno,
1208 1557 1415 1633 angustissima
1437 1562 1570 1628 motuum
1592 1553 1649 1614 ba-

298 1643 369 1703 bent
392 1642 562 1719 intervalla,
595 1643 698 1704 Tellus
720 1661 779 1704 non
803 1645 895 1705 multo
927 1644 994 1722 plus
1016 1646 1188 1719 semitonio,
1217 1643 1318 1704 Venus
1340 1661 1377 1702 ne
1401 1642 1493 1702 diesin
1515 1640 1648 1720 quidem3

271 1736 278 1744 '
299 1727 336 1813 3)
360 1739 390 1790 et
411 1739 445 1791 ut
466 1739 549 1791 tenor
571 1730 645 1792 liber
667 1740 719 1800 est,
743 1732 875 1794 modeste
899 1739 996 1793 tamen
1020 1733 1145 1806 incedit,
1167 1734 1209 1791 sic
1232 1731 1321 1803 Mars,
1345 1747 1403 1788 uno
1426 1730 1573 1790 Mercurio
1598 1747 1649 1788 ex·

299 1825 393 1895 cepto,
418 1822 576 1878 maximnm
598 1818 795 1895 intervallum,
818 1819 932 1881 scilicet
953 1820 1100 1898 diapente,
1123 1822 1218 1882 iacere
1240 1826 1355 1896 potast3
1380 1814 1415 1899 4)
1439 1827 1467 1877 et
1490 1827 1523 1876 ut
1544 1819 1650 1877 baanna

300 1906 486 1966 harmonicus
508 1906 601 1967 saltus
623 1907 702 1980 iacit,
725 1911 768 1968 sic
790 1908 935 1969 Satumns
958 1917 987 1969 et
1009 1908 1127 1986 Jupiter
1149 1907 1305 1967 intervalla
1327 1907 1461 1966 obtinent
1482 1905 1652 1964 harmonica

300 1995 415 2070 ipsique
439 1997 514 2055 inter
534 2012 567 2055 aa
589 2012 609 2054 a
630 1993 771 2072 diapason
795 2014 888 2072 usque
911 1996 950 2057 ad
973 1997 1109 2074 diapente
1133 1994 1323 2073 epidiapaaon
1346 1996 1483 2068 veniamt3
1514 1990 1546 2071 5)
1569 2001 1599 2050 et
1620 2000 1654 2051 ut

301 2080 450 2140 discantur
472 2081 637 2143 liberrimus
660 2091 715 2162 est,
736 2083 804 2160 plus
827 2101 916 2161 quam
939 2102 1040 2145 omnes
1062 2084 1177 2160 reliqui,
1200 2082 1336 2159 idemque
1359 2088 1388 2141 et
1410 2080 1587 2152 celerrimus,
1610 2082 1654 2139 sic

301 2169 390 2229 etiam
418 2168 580 2231 Mercurius
610 2170 765 2248 plusquam
798 2170 942 2248 diapason
977 2173 1151 2233 brevissimo
1184 2170 1279 2230 reditu
1308 2168 1512 2246 perambulare
1543 2175 1652 2245 potest.

301 2255 361 2317 Sed
382 2258 422 2316 ait
443 2257 501 2318 hoc
522 2277 593 2320 sana
615 2276 667 2338 per
689 2259 841 2336 accidens,
860 2259 1015 2322 audiamus
1038 2277 1116 2320 nunc
1138 2260 1386 2320 eccentricitstum
1409 2273 1523 2318 cauam.

870 2493 1013 2568 CAPUT
1038 2492 1091 2565 ut.

334 2635 453 2694 Ortus
471 2621 817 2706 ecoentricitatum
836 2642 871 2696 in
890 2641 1066 2712 planetis
1084 2639 1257 2709 singulis
1275 2655 1318 2694 ex
1335 2636 1625 2710 procuratione

626 2727 916 2785 harmoniarum
933 2730 1038 2786 inter
1056 2745 1184 2783 eorum
1202 2731 1335 2782 motus

392 2869 466 2931 Cum
487 2873 577 2949 igitur
598 2873 761 2947 videamus,
785 2872 951 2935 harmonias
966 2875 1148 2936 universales
1163 2875 1292 2934 omnium
1314 2888 1366 2931 sex
1387 2871 1572 2948 planetarum
1595 2888 1658 2931 non

303 2948 414 3019 temere
435 2976 524 3037 posse
547 2963 673 3042 evenire,
696 2964 865 3041 praesertim
879 2980 933 3039 per
947 2967 1145 3024 extremitates
1159 2970 1300 3031 motuum,
1323 2977 1397 3036 quas
1412 2960 1538 3018 vidimus
1553 2975 1659 3019 omues

305 3062 475 3107 concurrere
499 3047 537 3107 ad
561 3051 742 3111 universales
764 3050 941 3125 harmonias,
964 3054 1093 3129 exeeptis
1117 3050 1241 3124 duabus,
1265 3065 1340 3125 quae
1356 3046 1394 3105 ad
1417 3050 1565 3124 proximas
1587 3049 1660 3106 uni·

197 3150 203 3157 ·
305 3133 470 3194 vernalibus
492 3138 717 3212 concurrebant,
749 3155 815 3197 curu
837 3138 931 3199 multo
953 3140 1050 3198 minus
1072 3147 1180 3199 temere
1210 3138 1305 3216 possit
1327 3133 1472 3207 accidere,
1501 3142 1535 3193 ut
1557 3136 1661 3194 omnia

303 3220 372 3282 loca
394 3225 563 3300 systematis
586 3232 725 3299 octavae,
750 3228 908 3285 constituta
931 3227 1006 3285 libro
1029 3229 1115 3287 tertio
1137 3244 1189 3302 per
1211 3225 1355 3285 sectiones
1376 3221 1570 3296 harmonicas,
1594 3225 1663 3299 aig·
1760 3250 1764 3257 ·

305 3315 411 3369 nentur
432 3313 665 3373 extremitatibus
687 3321 820 3374 motuum
842 3312 1085 3390 planetariorum,
1110 3316 1238 3373 omnium
1260 3327 1331 3371 vero
1354 3312 1480 3383 minima,
1504 3317 1537 3367 nt
1560 3310 1663 3370 subti-

306 3397 449 3457 lissimum
471 3402 621 3476 negotium
645 3401 839 3463 distinctionis
861 3401 1078 3462 harmoniarum
1100 3402 1271 3462 coelestium
1286 3401 1316 3456 in
1332 3398 1391 3458 duo
1413 3415 1529 3473 genera,
1553 3396 1664 3456 duriam

307 3492 338 3545 et
359 3484 455 3558 mulla,
480 3505 549 3547 casu
571 3490 732 3566 proveniat,
756 3491 819 3549 sine
841 3506 911 3549 cura
933 3489 1076 3568 singulari
1100 3489 1229 3567 opificia:
1251 3489 1381 3564 sequitur
1404 3488 1493 3563 igitur
1516 3494 1549 3544 ut
1565 3485 1664 3546 Crea-

306 3580 360 3646 tor,
383 3576 545 3650 sapientiae
569 3579 662 3635 omnia
684 3578 759 3652 iona,
782 3578 961 3653 approbator
983 3577 1092 3640 ordinis
1114 3584 1281 3655 perpetuus,
1305 3575 1451 3650 scaturigo
1475 3577 1661 3649 geometriae
1684 3614 1687 3629 .

305 3668 335 3722 ot
357 3661 538 3723 harmonicas
561 3671 680 3724 aeterna
702 3676 732 3727 et
753 3668 1020 3742 superessentialia,
1051 3675 1084 3727 ιιι
1105 3666 1168 3737 bic,
1200 3666 1331 3741 inquam,
1354 3661 1524 3722 coelestium
1548 3660 1662 3738 Opiter

305 3749 469 3824 ipsissimus
491 3749 674 3812 harmonicas
695 3754 912 3830 proportiones,
931 3762 1011 3814 ortas
1033 3770 1069 3813 ex
1092 3753 1193 3829 liguria
1216 3750 1311 3829 planis
1331 3748 1523 3826 regularibus,
1546 3748 1664 3824 adjun-

305 3837 380 3895 xerit
401 3835 439 3895 ad
461 3836 572 3898 solidas
594 3842 723 3916 quinqua
745 3840 852 3917 figuras
875 3840 1025 3917 regulares
1048 3859 1143 3917 exque
1168 3847 1289 3915 umus
1312 3836 1405 3897 classe
1429 3853 1518 3895 unum
1539 3837 1664 3913 periec-

306 3923 450 3981 tissimnm
472 3925 660 4003 archetypum
676 3927 823 3987 coelorum
838 3931 1071 4001 conformaverit,
1095 3932 1123 3988 in
1141 3945 1211 4007 qno,
1232 3929 1310 3986 sicut
1331 3941 1383 4002 per
1399 3923 1510 3984 solidas
1525 3926 1664 4002 quinque

305 4009 430 4085 ligures,
459 4010 543 4072 ideae
566 4013 726 4075 relucerent
749 4016 878 4088 orbium,
908 4018 1016 4091 quibus
1039 4033 1090 4076 sex
1113 4015 1217 4079 stallae
1240 4011 1404 4083 vehuntur,
1427 4014 1471 4071 sie
1492 4013 1583 4072 etiam
1602 4030 1667 4089 ⁴per

305 4096 458 4174 planarum
479 4096 636 4176 figurarem
659 4102 787 4177 soboles,
810 4102 977 4179 barmoniae
1000 4101 1091 4187 (libro
1113 4106 1200 4163 tertio
1216 4120 1253 4161 ex
1268 4103 1304 4160 iis
1328 4096 1490 4173 deductas),
1513 4103 1666 4160 accentui·

306 4186 428 4245 citatum
450 4189 480 4245 in
502 4188 625 4264 singulis
647 4192 768 4251 orbibus
790 4207 944 4250 manaurae
966 4190 1115 4252 admotus
1131 4206 1283 4267 corpomm
1306 4185 1572 4266 proportionandos
1587 4206 1667 4249 con·

306 4275 475 4348 tinerentur,
499 4293 594 4349 exque
616 4277 662 4336 his
685 4278 799 4338 duabus
814 4279 902 4338 rebus
918 4281 1146 4356 contemperatio
1161 4296 1221 4337 uua
1236 4277 1320 4337 derat
1341 4284 1371 4335 et
1393 4276 1518 4351 majores
1541 4276 1666 4336 orbium

305 4364 508 4439 proportiones
535 4365 697 4424 minoribns
719 4368 981 4440 eecentricitatum,
1005 4366 1043 4427 ad
1066 4367 1233 4426 barmoniae
1255 4362 1453 4441 procurandas
1474 4366 1669 4425 necessaria·

306 4466 378 4520 rum,
403 4449 536 4509 nonnihil
558 4450 765 4527 concederadt,
788 4461 819 4513 et
841 4456 970 4513 vicissim
994 4471 1030 4515 ex
1052 4454 1292 4532 proportionibus
1312 4451 1488 4512 harmonicis
1510 4450 1583 4511 illae
1608 4470 1670 4532 po·

306 4536 451 4597 tissimum
473 4539 600 4615 planetis
622 4540 926 4616 accommodarentur,
956 4558 1033 4618 quae
1060 4560 1126 4602 cum
1153 4540 1251 4601 solida
1285 4556 1402 4615 quaque
1430 4539 1524 4615 ligura
1548 4555 1671 4615 cogna-

305 4625 417 4684 tionem
438 4627 579 4702 rnajorem
602 4626 757 4703 baberent,
789 4648 847 4707 qna
871 4630 900 4688 id
924 4647 976 4708 per
997 4631 1164 4691 harmonias
1187 4628 1247 4693 tisri
1280 4628 1392 4704 potnit,
1423 4643 1518 4703 caque
1542 4627 1671 4689 undem

306 4712 420 4773 ratione
443 4720 474 4773 et
495 4718 698 4792 proportiones
715 4719 827 4777 orbium
844 4728 873 4777 et
896 4716 1077 4793 singulorum
1093 4717 1323 4779 eccentricitates
1337 4732 1373 4774 ex
1397 4714 1558 4792 archetypo
1574 4717 1669 4777 simul

307 4807 520 4870 sumcereatnr,
544 4819 580 4861 er
603 4804 716 4862 orbium
738 4820 808 4866 raro
830 4804 1023 4882 amplitudine
1038 4813 1068 4866 et
1082 4805 1160 4866 mola
1182 4796 1335 4885 corporn'm
1357 4801 1507 4887 periodica
1527 4808 1672 4885 tempora

307 4886 489 4966 abaciam
509 4889 693 4953 resultarent
