3567 5625
278 355 343 419 260
689 354 732 410 De
749 353 1014 425 configurationibus
1034 356 1212 413 Harmonieis

365 535 486 595 'Ibinnm
516 535 606 593 etiam
632 540 663 594 et
694 532 869 611 quadratum
900 542 931 596 et
960 536 1113 614 quintilem
1144 543 1175 597 et
1206 536 1390 614 biqnintilem
1421 536 1640 613 prolegomena·

278 623 479 701 Ephameridis
501 622 611 681 iacinnt
633 624 773 698 aequales
793 626 829 681 in
848 626 954 699 prima
975 632 1004 683 et
1026 626 1215 685 calidissima
1237 642 1348 697 mata,
1370 632 1445 700 puta
1466 642 1632 700 congruen-

278 713 338 771 tIae
360 720 451 787 purae
474 713 503 768 in
526 708 636 779 soiIdo,
666 710 704 768 ad
737 710 956 771 constituendas
983 712 1091 788 figuras
1122 712 1233 772 solidas
1261 712 1425 787 regularem
1456 715 1573 770 trinam
1604 720 1633 771 et

274 798 467 874 ‚quamatam
489 797 549 855 dixi
573 796 683 856 adden
704 815 832 857 caueam
845 799 1018 872 secandam,
1041 819 1105 861 non
1119 801 1216 860 motta
1231 801 1382 874 amaea,
1405 799 1535 875 intellige
1558 816 1632 859 con-

278 889 441 962 gruentiam
473 902 574 962 puram
602 884 758 959 figurarum
786 888 816 943 in
838 884 938 963 plano.
982 886 1066 946 Haec
1089 887 1207 963 quidem
1238 891 1327 947 etiam
1348 886 1445 946 sextili
1468 890 1632 947 communia

278 981 331 1047 est,
355 982 456 1033 terum
479 990 544 1032 eam
568 971 617 1031 ille
638 989 697 1031 non
718 972 802 1031 addit
823 976 943 1048 primae,
967 974 1019 1034 sed
1041 984 1206 1051 separatam
1229 975 1267 1034 ab
1283 974 1335 1034 illa
1355 973 1495 1051 possidet.
1519 974 1633 1049 Quem-

278 1061 435 1121 admodum
459 1059 629 1137 quadratue
651 1067 679 1118 et
699 1063 822 1119 tertiam
843 1078 968 1119 causam
991 1062 1104 1122 addere
1126 1062 1308 1139 perhibetur,
1331 1070 1404 1138 puta
1426 1061 1632 1122 effabilitatem

277 1147 374 1225 plani,
396 1165 455 1207 non
479 1147 557 1223 qnod
581 1164 618 1206 ea
639 1164 696 1207 non
720 1150 807 1207 etiam
831 1150 1004 1208 semisextns
1032 1152 1202 1226 participet,
1230 1150 1283 1209 scd
1311 1152 1388 1224 quia,
1413 1166 1488 1224 qnae
1511 1159 1580 1209 sunt
1602 1153 1632 1208 in

279 1238 382 1297 ceteris
405 1234 548 1311 singulae,
572 1233 640 1294 illae
663 1237 692 1293 in
716 1235 859 1311 quadrato
882 1235 1073 1305 cumulantur,
1098 1246 1130 1296 nt
1152 1238 1204 1296 fiat
1226 1239 1356 1296 omnium
1377 1239 1608 1312 potentissimus.

329 1330 332 1335 ’
364 1323 413 1384 Sic
436 1327 465 1381 in
488 1321 661 1396 colligendis
693 1323 839 1398 suffragiis
867 1341 925 1400 ‚pro
955 1325 1053 1384 sextili
1077 1327 1216 1402 aliquam
1237 1326 1424 1384 nobilitatem
1446 1327 1474 1384 ei
1495 1342 1633 1385 mmu-

277 1428 347 1470 nem
369 1429 440 1470 cum
462 1414 597 1486 opposito
630 1427 688 1469 esse
710 1409 785 1481 dixi,
819 1411 1021 1472 effabilitatem
1051 1413 1174 1471 innuens
1207 1412 1306 1472 lateris
1327 1412 1456 1486 figurae,
1486 1415 1557 1488 qnia
1587 1420 1634 1473 est

277 1498 430 1558 dimidium
454 1498 585 1558 diametri
608 1496 717 1557 circuli
750 1498 877 1557 Rursum
900 1498 993 1559 cidem
1018 1500 1125 1575 aliqua
1146 1501 1288 1559 nobilitas
1309 1507 1351 1559 est
1372 1503 1540 1561 commeatu
1561 1517 1633 1560 etan

195 1598 199 1605 '
277 1591 359 1647 trino
381 1595 410 1646 et
431 1585 599 1663 quadrato,
633 1586 769 1649 nimirum
791 1589 982 1661 congruentia
1003 1605 1077 1663 pura
1099 1589 1128 1644 in
1151 1587 1258 1663 plano,
1282 1586 1318 1646 de
1341 1604 1400 1662 qna
1421 1589 1512 1663 prius.
1556 1588 1633 1647 Nam

276 1676 342 1748 mass
369 1675 478 1750 aliqua
505 1673 603 1733 solam
635 1675 806 1747 particule,
843 1673 900 1733 boo
926 1683 970 1733 est
1003 1677 1193 1749 congruentia
1223 1692 1288 1734 enm
1318 1674 1441 1734 aliarum
1470 1675 1633 1752 specierum

278 1761 388 1837 figuris,
411 1763 550 1837 competit
571 1764 728 1820 aenaeam
750 1769 778 1820 et
798 1764 901 1820 ceteris
923 1761 1399 1837 ipaobtlieribaa.1altaevero
1423 1766 1633 1839 congruentiae

275 1850 431 1925 porticale
452 1851 590 1925 primum
612 1848 746 1923 pendam
759 1849 896 1910 oblimat
910 1852 1058 1909 semitecto·
1072 1857 1100 1907 et
1113 1851 1208 1910 ortilis
1221 1849 1341 1923 figurae,
1364 1852 1409 1909 cui
1432 1858 1534 1927 posset
1547 1868 1634 1909 asso-

278 1939 348 1996 ciari
371 1940 459 1996 etiam
482 1938 632 1996 semisextl
653 1934 752 2008 stella,
788 1940 859 2013 quia
881 1940 1085 2012 congruentia,
1120 1955 1209 2013 quarn
1237 1937 1392 2008 inchoant,
1426 1937 1633 1998 contiunabilis

278 2033 332 2096 eet,
355 2027 419 2083 sine
441 2026 568 2082 mixtura
590 2023 745 2083 formarum
769 2024 966 2097 diversarum
990 2024 1151 2084 secundnm
1173 2024 1294 2101 madum
1317 2024 1428 2083 babent
1450 2025 1581 2101 quintilis
1604 2034 1635 2085 et

215 2132 218 2135 ·
279 2112 459 2188 biquintiIis,
494 2112 550 2171 nisi
574 2110 653 2188 quod
675 2110 764 2170 iidem
786 2111 959 2171 nobiliorem
988 2112 1099 2171 habent
1121 2114 1341 2187 congruentiam
1365 2114 1394 2170 in
1417 2112 1528 2185 solid03
1562 2116 1635 2172 item

278 2198 430 2275 trioctilis,
454 2198 554 2259 decllis
578 2206 607 2257 et
629 2194 785 2271 tridecilis,
821 2202 892 2275 quia
913 2217 1013 2258 eorum
1036 2199 1147 2276 figurae
1170 2204 1341 2260 continuant
1364 2199 1482 2274 quidem
1505 2217 1635 2272 congru-

278 2289 396 2359 entiam,
420 2287 472 2345 sed
495 2305 555 2345 non
578 2288 642 2345 sinc
664 2289 804 2347 mixtione
819 2285 1000 2346 diversarum
1016 2287 1188 2361 lormarnm;
1211 2295 1241 2347 et
1256 2304 1358 2347 omnes
1372 2289 1448 2348 istae
1470 2297 1637 2362 congruunt

190 2388 201 2415 ·
278 2374 492 2452 quadamtenus
516 2376 605 2433 etiam
627 2376 656 2432 in
680 2372 774 2434 solido
806 2375 967 2435 secundum
995 2378 1089 2449 magis
1119 2382 1148 2434 et
1169 2377 1281 2446 minus,
1315 2382 1438 2449 excepta
1461 2379 1635 2449 quincuncis

277 2462 364 2522 stella
393 2462 625 2537 dodecugouica,
660 2479 736 2537 qnae
763 2461 831 2520 ideo
860 2464 888 2519 in
913 2464 1029 2521 tertium
1056 2462 1179 2538 gradum
1201 2458 1336 2535 retertur,
1371 2466 1419 2521 cni
1448 2466 1537 2521 etiam
1567 2481 1636 2524 ses·

254 2551 418 2631 -qnsdrus,
440 2568 492 2609 sen
516 2551 654 2624 octogoni
676 2550 763 2608 stella
785 2549 905 2624 adjungi
930 2558 1035 2627 potest,
1059 2558 1177 2625 propter
1199 2551 1407 2611 obscuritatem
1429 2553 1578 2610 scientiae.

363 2638 488 2697 Extendi
505 2636 624 2712 quidem
638 2636 746 2713 gradus
759 2638 847 2696 etiam
862 2638 992 2709 ulterius,
1017 2636 1054 2695 ad
1071 2638 1232 2713 vigintilem
1249 2647 1278 2696 et
1294 2636 1499 2713 quindecilem,
1514 2638 1572 2696 hoc
1586 2647 1636 2697 est

281 2725 320 2783 ad
335 2724 443 2801 figuras
461 2724 500 2784 15
517 2732 547 2785 et
562 2725 604 2782 20
619 2722 802 2799 angulorum,
826 2725 933 2799 qnibns
957 2733 1094 2800 quartum
1108 2725 1231 2801 gradum
1254 2720 1300 2806 (in
1324 2724 1403 2783 diota
1426 2729 1639 2800 congruentiae

277 2813 421 2890 particulo
442 2807 523 2895 sola)
547 2812 628 2872 dedi:
652 2830 771 2872 cansam
794 2817 924 2872 continet
946 2823 1046 2873 nostra
1067 2832 1110 2889 pt.
1140 2815 1168 2872 3.
1191 2814 1281 2890 hujus
1309 2812 1384 2871 libri.
1431 2813 1530 2873 Stellis
1562 2832 1638 2875 vcro

210 2903 213 2918 '
278 2918 378 2961 earum
401 2903 520 2977 quintus
543 2900 651 2977 gradm
672 2900 728 2958 luit
750 2904 932 2974 assignatus,
966 2904 1035 2976 quia
1057 2901 1215 2961 scibilitate
1238 2918 1323 2978 parea
1351 2907 1420 2961 sunt
1447 2900 1548 2976 figuris
1571 2906 1638 2961 suis

276 2990 451 3065 primaevis,
475 2990 667 3064 congruentia
687 2988 857 3062 longissime
879 2990 1070 3063 posteriores,
1094 2996 1126 3046 nt
1149 3006 1225 3064 qnae
1248 2996 1362 3048 ustum
1386 3005 1485 3047 eorum
1509 2989 1640 3062 angulos

277 3075 409 3150 singulos
432 3079 546 3135 attinet.
584 3075 694 3133 Verum
717 3074 746 3132 id
770 3092 828 3135 non
851 3088 914 3134 erat
935 3092 1055 3135 necesse
1078 3085 1111 3134 ut
1134 3077 1276 3150 lacerem,
1309 3093 1375 3135 cnm
1398 3075 1571 3151 nequidem
1597 3077 1639 3136 ad

276 3166 393 3223 tertium
416 3162 539 3238 gradum
561 3180 655 3238 usque
678 3165 834 3237 gignantur
857 3171 994 3238 aspectus
1016 3163 1105 3240 plane
1128 3164 1250 3236 indubii,
1272 3165 1477 3239 possimusque
1499 3167 1641 3240 speciose

276 3259 386 3310 metam
407 3250 496 3327 figere
518 3250 733 3326 pullulantibus
754 3252 923 3327 aspectibus
946 3251 974 3309 in
1009 3251 1097 3310 solidi
1120 3255 1308 3328 congruentia
1331 3259 1361 3309 et
1383 3254 1411 3308 in
1434 3251 1566 3327 perlecta
1588 3250 1641 3312 la-
1694 3301 1698 3309 .

278 3341 348 3399 teris
380 3337 428 3398 vel
463 3338 544 3415 plani
572 3335 771 3398 affabilitates
800 3337 898 3412 Quare
928 3340 1026 3415 potius
1055 3357 1092 3398 ex
1115 3339 1221 3398 linibus
1240 3339 1392 3398 librorum
1416 3338 1439 3396 I.
1463 3346 1493 3397 et
1516 3338 1555 3397 ll.
1578 3357 1641 3416 pe-

276 3434 382 3508 tantur
397 3426 507 3504 gradus
531 3425 694 3486 nobilitatis
716 3425 892 3502 figurarum,
917 3443 951 3485 ex
975 3427 1082 3503 quIbns
1104 3426 1162 3487 boe
1184 3426 1258 3486 libro
1281 3427 1410 3486 distincti
1433 3433 1501 3485 sunt
1523 3425 1641 3501 gradm

277 3521 459 3592 aspectuum.

831 3764 973 3834 CAPUT
1000 3764 1065 3835 IIII.

277 3940 462 4011 Epilogus,
487 3942 529 3995 de
554 3947 678 3995 natura
696 3943 876 4000 sublunari
901 3944 1200 4014 facultatibusque
1223 3946 1364 4000 animae
1387 3945 1643 4016 interioribus,

537 4030 750 4097 praesertim
768 4031 823 4097 iis,
851 4032 978 4101 quibus
996 4032 1201 4099 Astrologia
1225 4032 1371 4086 nititur.

1208 4119 1216 4144 '
1549 4131 1560 4168 r

362 4205 458 4266 Multa
480 4206 517 4266 de
545 4208 602 4267 hac
624 4210 872 4285 contemplatione
896 4214 992 4288 capite
1025 4209 1171 4283 secundo,
1203 4211 1296 4269 multa
1318 4218 1381 4270 toto
1400 4210 1460 4270 ’hoc
1481 4210 1558 4269 libro
1582 4212 1644 4286 fv,

276 4295 418 4354 nonnulla
440 4296 529 4354 etiam
553 4296 627 4355 libro
649 4297 704 4354 III.
728 4307 796 4356 sunt
819 4297 907 4370 dicta,
931 4307 960 4357 et
983 4308 1051 4358 ante
1073 4315 1181 4357 annum
1204 4300 1234 4355 in
1248 4297 1463 4374 prolegomenis
1479 4297 1640 4374 premc-

275 4382 370 4444 ridum
394 4386 481 4457 inque
498 4383 648 4459 Epitomes
665 4384 870 4445 Astronomiac
887 4387 1105 4462 Copemicanae
1119 4385 1195 4458 Ilbro
1211 4386 1234 4444 l.
1252 4386 1303 4446 loI
1323 4388 1393 4464 1⁶25,
1416 4402 1530 4446 rursum
1555 4405 1644 4448 anno
1748 4439 1752 4448 ,

281 4473 373 4544 1610,
397 4472 426 4526 in
449 4469 550 4529 Tertio
573 4470 798 4544 Interveniente,
823 4477 950 4531 numeris
967 4492 984 4531 a
1000 4475 1041 4531 to
1064 4476 1092 4530 in
1109 4475 1160 4544 43,
1185 4482 1214 4532 et
1236 4492 1256 4531 a
1279 4475 1318 4532 69
1341 4476 1370 4531 in
1389 4476 1427 4530 72
1451 4481 1481 4533 et
1500 4476 1561 4533 113
1579 4487 1645 4538 etc.

276 4562 366 4634 inque
388 4561 578 4633 responsione
602 4560 638 4616 ad
671 4561 788 4635 objecta
811 4559 924 4619 Rbslini
949 4567 977 4630 (1.
997 4565 1049 4620 582
1067 4583 1110 4630 ss,
1128 4564 1179 4618 599
1198 4582 1239 4631 ss,
1268 4566 1353 4635 630.);
1378 4569 1408 4619 et
1434 4577 1511 4619 anno
1539 4565 1644 4622 1606.

276 4649 306 4704 in
329 4647 403 4704 libro
428 4646 463 4704 dc
488 4645 580 4705 Stella
604 4646 704 4720 Nova,
736 4666 800 4723 cap.
826 4648 910 4706 i'lll.
940 4647 997 4707 IX.
1027 4645 1070 4706 X.
1092 4656 1121 4707 et
1136 4647 1257 4706 XXIV.
1280 4647 1433 4707 XXVIII.
1461 4653 1647 4723 praesertim

276 4732 368 4791 alal.
394 4735 464 4793 171.
489 4736 519 4790 in
546 4734 616 4792 lib.
641 4729 689 4815 (11.
710 4738 760 4793 119
780 4731 835 4814 ss.)
854 4743 883 4794 et
912 4752 990 4795 anno
1017 4737 1108 4794 1604.
1138 4738 1168 4793 in
1192 4737 1398 4796 Astronomiac
1419 4743 1502 4812 parte
1526 4733 1646 4811 Optica

274 4819 328 4879 iol.
353 4823 403 4894 26,
428 4824 468 4877 27
494 4829 524 4879 et
545 4815 596 4878 Iol.
621 4822 694 4880 224.
728 4827 769 4892 (11
790 4829 838 4885 illi
855 4845 876 4879 a.
892 4829 976 4896 2⁷⁰·l'
1006 4824 1081 4883 Nam
1103 4826 1306 4899 prognostica,
1334 4825 1441 4900 quibus
1464 4821 1500 4883 de
1523 4823 1670 4892 lunda·,
