3567 5625
277 423 340 485 m
621 421 630 434 ‘
668 414 711 469 Dc
729 410 851 468 Motibus
869 409 1046 468 Phnetarnsu
1064 411 1244 468 Harmonieis.

276 601 356 658 tices
378 595 494 656 auiuiau
515 592 618 654 mundi
641 608 759 669 gerens,
791 585 916 650 naturae
937 606 1033 649 rerum
1056 593 1165 652 arctius
1188 599 1234 651 est
1255 591 1377 669 alligata
1400 589 1468 674 (aut
1489 594 1515 651 si
1538 595 1629 652 etiam

277 686 395 762 aliquae
418 691 569 744 creatorae
591 680 799 756 intelligentes,
823 685 946 737 naturae
968 678 1104 739 diuersae
1126 681 1165 739 ab
1188 680 1330 759 bumana,
1352 680 1474 756 globum
1497 682 1540 739 sic
1562 683 1629 738 ani·

192 811 196 820 «
275 783 386 833 matum
409 770 532 831 forsitan
554 769 719 828 inhabitant
741 764 1000 845 inhabitabuutvo)
1023 766 1206 827 naturalibus
1234 770 1323 828 etiam
1345 769 1507 846 rationibus
1530 770 1629 843 inqui·

274 864 365 920 {huus
387 858 489 919 libere.
529 861 610 929 (Vide
628 860 688 913 libri
707 858 760 914 nasi
784 857 819 913 de
836 856 916 911 stella
933 873 1002 912 nova
1028 866 1111 928 caput
1128 857 1227 914 xxiv.
1242 847 1280 914 'de
1297 858 1387 914 anima
1404 860 1498 914 mundi
1517 867 1545 913 et
1561 875 1630 913 non·

277 951 358 1009 nullis
376 950 436 1019 ejus
459 950 577 1018 meniu)
617 943 730 1019 Quodsi
752 942 823 1001 licet
844 940 1001 1016 analogiae
1015 942 1065 1002 iilo
1080 943 1205 1003 ducente
1219 944 1403 1022 labyrinthos
1425 947 1629 1021 mysteriorum

276 1045 399 1096 naturae
421 1049 582 1112 permeare,
604 1049 662 1091 non
679 1034 778 1107 inepte
792 1031 868 1106 quis,
894 1031 1006 1105 opinor,
1029 1032 1072 1090 sic
1094 1032 1181 1090 inerit
1199 1041 1434 1108 argumentatus,
1458 1030 1537 1108 quod
1554 1041 1631 1108 quae

278 1130 324 1184 est
347 1121 489 1181 habitudo
513 1138 564 1181 sex
588 1122 702 1179 orbium
726 1117 763 1177 ad
787 1133 942 1177 courmune
964 1115 1080 1176 illorum
1103 1121 1253 1194 totiusque
1268 1118 1343 1179 adeo
1365 1119 1466 1178 mundi
1488 1127 1628 1191 centrum,

280 1211 384 1271 eadere
407 1209 446 1267 sit
468 1217 498 1268 ot
519 1227 570 1285 uqa
593 1214 720 1275 densatae
741 1204 779 1264 ad
802 1225 853 1264 aar
875 1226 958 1278 soor,
992 1215 1025 1264 ut
1048 1204 1104 1266 bae
1127 1206 1282 1266 facultates
1305 1207 1343 1267 ab
1367 1205 1534 1278 Aristotele,
1559 1206 1632 1266 Pla·

280 1306 359 1368 tone,
383 1293 488 1356 Proelo
511 1301 541 1355 et
563 1295 667 1354 aeteus
691 1292 922 1368 distinguuntur:
947 1299 977 1350 et
998 1309 1119 1367 nursam,
1143 1292 1222 1371 qnod
1245 1311 1322 1371 qnae
1345 1294 1487 1354 babitudo
1509 1293 1632 1353 revolu-

277 1387 391 1445 tionum
423 1381 561 1443 localium
599 1382 783 1459 planetarum
815 1377 997 1453 singulorum
1034 1381 1109 1440 circa
1138 1381 1238 1442 Solem
1269 1381 1308 1441 ad
1338 1382 1416 1442 Solis
1449 1383 1633 1460 gyrationem

276 1471 462 1546 ἁμιταθιιον
485 1474 514 1528 iu
537 1471 635 1545 spatio
659 1469 750 1528 totius
781 1468 950 1544 systematis
980 1467 1077 1527 medio
1105 1471 1153 1539 (de
1179 1488 1234 1542 qua
1257 1481 1395 1528 testantur
1411 1474 1532 1528 maculae
1552 1474 1633 1528 Solis,

277 1564 500 1618 Damouatcatum
524 1559 577 1614 hoc
603 1560 630 1613 in
650 1556 858 1614 Commentariis
875 1556 909 1610 de
931 1567 1006 1611 motu
1024 1558 1142 1626 Martia),
1165 1556 1268 1617 eadem
1303 1559 1342 1617 sit
1372 1561 1461 1618 etiam
1488 1557 1633 1619 habitudo

280 1669 334 1708 ros
357 1651 540 1722 dmroqunon
562 1642 600 1702 ad
623 1667 657 1704 so
679 1661 794 1719 suspen
823 1640 1005 1700 discursum
1028 1644 1259 1705 ratiocinationis
1290 1645 1493 1723 multiplicium
1523 1646 1561 1706 ad
1585 1650 1634 1703 in·

278 1732 476 1794 tellectionetu
497 1731 656 1790 mentalem
678 1729 933 1805 simplicissimam
977 1728 1053 1788 Nam
1083 1733 1125 1788 uti
1148 1730 1201 1791 Sol
1234 1734 1263 1792 in
1297 1751 1329 1792 se
1352 1737 1448 1810 ipsum
1480 1733 1634 1794 reuolutus

279 1835 333 1898 per
354 1822 491 1880 emissem
514 1836 550 1879 ex
573 1836 605 1878 se
628 1819 756 1896 speeiem
778 1824 878 1875 movet
900 1814 1034 1891 planetas
1057 1833 1167 1889 omues,
1190 1821 1233 1879 sic
1255 1822 1343 1879 etiam
1366 1837 1456 1900 mens,
1478 1832 1511 1880 nt
1534 1820 1635 1898 philo·

282 1908 368 1985 sopbi
391 1908 514 1980 docent,
547 1923 580 1964 se
611 1907 706 1982 ipsam
737 1902 904 1979 intelligens
926 1904 1014 1979 inqua
1036 1920 1068 1963 se
1092 1908 1156 1981 ipsa
1178 1909 1285 1978 omnia,
1309 1910 1546 1968 ratiocinationes
1577 1905 1663 1968 olet

280 2012 424 2070 suamque
453 1993 670 2069 simplicitatem
703 1993 733 2049 in
758 1990 825 2050 illas
856 1988 997 2050 diducens
1024 2000 1054 2051 et
1081 1989 1233 2070 explicans
1265 1998 1363 2055 omnia
1393 1996 1462 2055 iacit
1499 1995 1635 2070 intelligi.

280 2081 609 2158 (videtuitttdiblv.)
638 2078 780 2155 Adeoque
801 2094 934 2138 conum
955 2087 1024 2137 sont
1047 2080 1120 2138 mter
1142 2098 1174 2139 se
1198 2090 1228 2141 ct
1249 2082 1388 2158 colligata
1410 2093 1508 2144 motus
1529 2083 1637 2161 plane-

281 2180 379 2231 tarum
411 2170 489 2228 eirea
519 2167 619 2228 Solem
647 2169 676 2224 iu
702 2183 802 2225 eornm
833 2175 933 2224 eeuuo
963 2172 994 2224 et
1022 2166 1170 2227 ιιιιιιιιιιιι
1203 2173 1478 2244 ratiocinationum,
1513 2181 1545 2230 nt
1577 2173 1635 2229 nisi

279 2256 398 2331 Tellus,
429 2254 608 2317 domicilium
631 2260 775 2322 nostrum,
803 2270 933 2311 annuum
962 2251 1117 2328 circulum,
1146 2257 1273 2316 medium
1302 2261 1376 2317 itaer
1399 2260 1485 2318 orbes
1507 2267 1632 2332 ceteros,

280 2351 448 2415 metaretur,
470 2342 567 2402 locum
590 2359 626 2401 ex
648 2342 724 2414 loco,
747 2343 906 2401 sationem
928 2357 965 2398 ex
980 2341 1108 2401 statione
1130 2354 1309 2418 permutans,
1332 2363 1479 2422 nunquam
1501 2346 1635 2406 bumana

279 2432 466 2494 ratiooiuatio
489 2429 527 2491 ad
549 2431 702 2490 uerissima
723 2428 907 2506 planetarum
929 2427 1085 2489 intervalla
1107 2438 1137 2488 et
1152 2429 1190 2491 ad
1213 2442 1310 2492 cetera
1325 2435 1363 2492 ab
1386 2437 1422 2492 iis
1439 2432 1637 2510 dependentia

279 2521 366 2581 inerit
388 2521 514 2592 euisute,
537 2531 687 2593 nunquam
709 2517 918 2575 asbonomin
941 2519 1145 2576 constitutore.
1183 2521 1262 2584 (Vide
1289 2523 1414 2591 Optieam
1442 2525 1634 2578 Asuonomiae

280 2618 386 2682 putem
414 2625 473 2679 cap.
492 2609 550 2674 lx.)
595 2604 638 2662 Er
661 2602 786 2663 adverso
803 2605 932 2678 quietem
948 2602 1026 2662 Solis
1048 2604 1077 2660 in
1101 2613 1199 2663 centro
1222 2604 1322 2664 mandi
1345 2606 1468 2682 pulchro
1490 2622 1636 2681 responsu

247 2689 250 2696 ’
280 2696 471 2769 consequitur
492 2691 699 2752 intellectionis
714 2689 905 2767 simplicitas,
929 2706 965 2751 eo
987 2690 1067 2766 quod
1090 2690 1232 2752 hacoenus
1255 2694 1340 2751 nobis
1362 2702 1534 2770 usurpatum
1556 2710 1637 2752 sem-

281 2795 334 2860 per
356 2780 426 2855 init,
457 2777 569 2840 solares
597 2778 665 2837 illas
693 2776 861 2838 harmonias
891 2788 1023 2839 motuum
1047 2793 1143 2855 neque
1171 2780 1325 2857 plagarum
1348 2780 1517 2841 diversitate
1539 2795 1638 2857 neque

214 2932 219 2943 Χ
283 2870 445 2945 spatiorum
468 2867 568 2926 mundi
591 2865 783 2943 amplitudine
806 2864 929 2925 deliniri.
952 2865 1095 2925 Nimirum
1110 2869 1135 2926 si
1160 2885 1219 2944 qua
1240 2886 1322 2928 mens
1344 2886 1380 2928 ex
1405 2869 1474 2929 Sole
1494 2872 1640 2946 prospicit

283 2954 570 3027 barmoniasjstas,
603 2953 646 3011 illi
670 2952 776 3013 desum
797 2952 976 3012 adminicula
999 2962 1097 3014 aratus
1120 2964 1150 3014 et
1172 2958 1331 3015 nationum
1354 2955 1536 3016 diversarum
1558 2957 1639 3017 sadis

284 3056 367 3115 suae,
392 3041 560 3119 exquibus
583 3047 682 3100 neunt
703 3042 944 3100 ratiocinationes
973 3050 1003 3100 et
1026 3041 1175 3102 discursus
1198 3044 1359 3103 intervallis
1383 3044 1566 3122 planetarum
1591 3044 1639 3103 di-

232 3154 235 3163 ¹
284 3129 654 3194 metiendismeoessarios.
686 3126 844 3205 comparat
867 3131 958 3205 igitur
980 3128 1100 3188 diurnos
1123 3130 1267 3206 cujusque
1290 3130 1428 3208 planetae
1450 3138 1557 3201 motus,
1580 3146 1640 3191 non

180 3248 185 3257 ι
284 3225 318 3278 nt
339 3220 361 3276 li
384 3223 457 3277 sunt
475 3218 504 3274 in
528 3219 590 3275 sois
613 3214 735 3288 orbitis,
766 3216 818 3274 sad
842 3218 884 3275 uti
915 3233 968 3292 per
990 3215 1116 3294 angulos
1142 3216 1180 3275 ad
1203 3228 1334 3278 centrum
1358 3219 1436 3279 Solis
1459 3218 1639 3279 allabuntur.

284 3306 389 3382 ltaque
413 3306 437 3364 sl
462 3306 658 3380 cognitionem
681 3301 771 3363 habet
792 3303 1004 3378 magnitudinis
1019 3304 1218 3382 sphaerarum,
1241 3306 1317 3366 bano
1331 3306 1374 3365 illi
1398 3315 1514 3383 oportet
1536 3325 1554 3366 a
1576 3309 1640 3383 pri-

286 3395 329 3453 orl
352 3397 457 3466 inmte,
480 3395 543 3451 sine
565 3391 824 3451 ratiocinationum
846 3391 964 3452 labora:
987 3391 1207 3468 quodquidam
1230 3394 1444 3470 quadamtenus
1468 3403 1497 3454 et
1520 3395 1555 3453 dc
1582 3395 1640 3454 lru·

284 3484 381 3541 manis
413 3476 560 3540 mentibus
589 3486 619 3540 et
650 3477 818 3539 denatura
849 3479 1001 3539 sublunari
1028 3497 1131 3542 verum
1165 3498 1245 3556 esse,
1278 3499 1367 3560 supra
1397 3500 1432 3541 ex
1456 3482 1582 3543 Platone
1605 3492 1637 3542 et

286 3568 392 3629 Proclo
413 3570 520 3646 patuit.

373 3654 458 3732 Quae
480 3670 546 3715 cum
567 3655 610 3714 lta
631 3655 705 3720 siut.
733 3668 791 3712 nou
819 3653 955 3729 equidem
978 3657 1081 3714 mirum
1111 3630 1221 3729 luerit?
1246 3658 1359 3732 siquis
1384 3674 1419 3715 ex
1442 3656 1499 3716 boc
1522 3656 1640 3734 Pytha·

286 3758 376 3821 goras
409 3751 534 3815 cratere„
566 3756 653 3817 quem
681 3740 804 3801 Procius
833 3744 862 3799 io
891 3742 956 3819 ipso
986 3744 1086 3801 statim
1117 3745 1211 3819 primo
1244 3758 1330 3802 versu
1362 3745 1460 3821 hymni
1491 3748 1638 3821 propinat,

288 3832 397 3892 haustu
421 3829 581 3890 liberaliori
604 3836 735 3888 assumto
758 3828 991 3902 concaleiaotus,
1021 3833 1048 3888 si
1069 3829 1224 3890 harmonia
1250 3831 1334 3891 ebori
1360 3832 1544 3908 planetarum
1568 3850 1640 3890 sua·

287 3921 409 3979 sissima
431 3920 460 3976 iu
483 3932 619 3994 soporem
641 3916 727 3976 datus
758 3918 905 3976 somniare
926 3917 1047 3995 incipiat
1076 3922 1170 3982 (licem
1187 3930 1216 3977 ct
1233 3922 1379 3978 fabulando
1402 3923 1522 3977 Platonis
1544 3923 1639 3978 Atlan-

287 4011 370 4068 tioaru
393 4016 421 4065 ct
448 4007 606 4063 somnlmdo
626 4007 771 4062 Ciceronis
781 4005 934 4075 Scipionem
960 4008 1085 4077 inuitaui:
1106 4023 1158 4083 per
1178 4004 1283 4083 globos
1306 4006 1423 4082 quidctu
1441 4007 1579 4082 reliquos,
1602 4005 1639 4065 de

287 4095 354 4155 loco
378 4094 408 4150 ln
430 4090 528 4151 locum
549 4089 740 4151 succedentes
763 4091 840 4149 circa
861 4089 971 4170 Solem,
995 4092 1200 4153 dbseminstas
1223 4111 1289 4154 esse
1312 4094 1491 4153 discussisse
1513 4112 1566 4153 seu
1589 4113 1639 4154 ra·

287 4180 475 4242 docleatinae
506 4177 679 4245 facultates,
712 4190 834 4254 quarum
868 4181 1120 4253 praestantissima
1151 4184 1255 4257 utique
1286 4193 1317 4240 et
1344 4182 1564 4241 absolutissima
1586 4182 1638 4240 illu

286 4270 400 4330 censeri
423 4265 524 4339 debat,
556 4282 633 4343 quae
655 4272 700 4324 est
722 4267 752 4322 in
776 4264 891 4324 illomm
913 4266 1069 4341 globorum
1091 4269 1208 4342 medio,
1231 4268 1362 4337 bumana
1382 4286 1423 4328 sc
1447 4271 1476 4325 in
1499 4268 1638 4335 Tellure,

287 4360 319 4415 lu
341 4354 410 4416 Sola
434 4369 503 4413 uero
525 4353 705 4414 intellectum
727 4350 900 4428 simplicem,
922 4372 981 4431 nvp
1003 4372 1178 4435 suspected
1201 4378 1269 4417 seve
1290 4356 1433 4429 habitare,
1457 4359 1552 4416 omnis
1568 4357 1638 4416 bar·

286 4443 403 4504 msulae
426 4442 544 4516 iontem,
567 4444 735 4519 quicunqne
757 4437 807 4501 ille
830 4442 877 4500 sit
973 4466 982 4475 ·

375 4529 451 4590 Nam
472 4532 498 4589 si
520 4528 568 4589 vel
592 4529 628 4589 de
657 4528 737 4588 nuda
762 4527 918 4604 globorum
941 4527 1058 4589 illorum
1079 4534 1219 4591 ιιιιιιιιι
1247 4532 1290 4591 sic
1312 4533 1410 4591 visum
1432 4538 1479 4590 est
1501 4530 1636 4608 'l'ycboni

289 4618 395 4693 Brabe,
416 4632 476 4678 uon
499 4634 563 4678 esse
584 4617 776 4677 frustraneum
790 4614 871 4674 illam
887 4618 918 4674 in
931 4617 1050 4691 mundo,
1073 4620 1125 4679 sad
1148 4619 1424 4679 ineolisraiertam:
1448 4629 1561 4693 quanto
1584 4636 1636 4676 ve·

288 4705 438 4766 risimilius
459 4722 514 4764 nos
535 4705 574 4765 ab
597 4704 650 4765 illa
671 4705 822 4776 varietata,
845 4720 935 4780 quem
957 4707 987 4762 iu
1009 4706 1205 4793 boess‘elluris
1227 4705 1316 4783 globo
1340 4708 1492 4777 caruimm,
1516 4724 1636 4784 operum

290 4792 536 4869 consiliorumque
557 4792 613 4853 Dei
636 4792 835 4869 conjecturam
857 4793 947 4850 etiam
970 4791 1006 4853 de
1029 4798 1132 4855 ceteris
1155 4795 1251 4871 globis
1266 4792 1440 4871 capiemus?
1476 4792 1535 4869 Qui
1559 4796 1633 4854 enim

290 4883 403 4963 species
425 4882 548 4959 creavit,
583 4897 658 4964 quae
680 4894 774 4963 aquas
795 4879 970 4959 incolerent,
1003 4882 1058 4942 sub
1082 4882 1188 4962 quibus
1212 4890 1307 4943 tanam
1331 4880 1429 4943 nullus
1457 4883 1519 4945 atri
1540 4881 1631 4955 locus,
