<?xml version="1.0" encoding="UTF-8"?>
<!DOCTYPE html PUBLIC "-//W3C//DTD XHTML 1.0 Transitional//EN"
    "http://www.w3.org/TR/xhtml1/DTD/xhtml1-transitional.dtd">
<html xmlns="http://www.w3.org/1999/xhtml" xml:lang="en" lang="en">
 <head>
  <title>
</title>
<meta http-equiv="Content-Type" content="text/html;charset=utf-8" />
  <meta name='ocr-system' content='tesseract 3.04.00' />
  <meta name='ocr-capabilities' content='ocr_page ocr_carea ocr_par ocr_line ocrx_word'/>
</head>
<body>
  <div class='ocr_page' id='page_1' title='image "./joanniskepleria24frisgoog_0471.png"; bbox 0 0 3567 5625; ppageno 0'>
   <div class='ocr_carea' id='block_1_1' title="bbox 776 409 1521 481">
    <p class='ocr_par' dir='ltr' id='par_1_1' title="bbox 776 409 1521 481">
     <span class='ocr_line' id='line_1_1' title="bbox 776 409 1521 481; baseline 0.004 -15"><span class='ocrx_word' id='word_1_1' title='bbox 776 410 919 481; x_wconf 78' lang='lat' dir='ltr'><strong>Apologia.</strong></span> <span class='ocrx_word' id='word_1_2' title='bbox 1458 409 1521 469; x_wconf 75' lang='lat'><strong>44⁷</strong></span> 
     </span>
    </p>
   </div>
   <div class='ocr_carea' id='block_1_2' title="bbox 134 569 1629 2222">
    <p class='ocr_par' dir='ltr' id='par_1_2' title="bbox 134 569 1629 2222">
     <span class='ocr_line' id='line_1_2' title="bbox 172 569 1524 652; baseline -0.006 -18"><span class='ocrx_word' id='word_1_3' title='bbox 172 575 321 652; x_wconf 90' lang='lat' dir='ltr'><strong>temporis.</strong></span> <span class='ocrx_word' id='word_1_4' title='bbox 367 573 443 649; x_wconf 87' lang='lat' dir='ltr'><strong>Quin</strong></span> <span class='ocrx_word' id='word_1_5' title='bbox 468 575 557 632; x_wconf 87' lang='lat' dir='ltr'><strong>etiam</strong></span> <span class='ocrx_word' id='word_1_6' title='bbox 586 571 646 632; x_wconf 87' lang='lat' dir='ltr'><strong>aiia</strong></span> <span class='ocrx_word' id='word_1_7' title='bbox 668 575 787 650; x_wconf 89' lang='lat' dir='ltr'><strong>ingenia</strong></span> <span class='ocrx_word' id='word_1_8' title='bbox 814 574 872 633; x_wconf 88' lang='lat' dir='ltr'><strong>iliis</strong></span> <span class='ocrx_word' id='word_1_9' title='bbox 896 573 1065 651; x_wconf 87' lang='lat' dir='ltr'><strong>Orphaicis,</strong></span> <span class='ocrx_word' id='word_1_10' title='bbox 1094 570 1153 630; x_wconf 80' lang='lat' dir='ltr'><strong>aiis</strong></span> <span class='ocrx_word' id='word_1_11' title='bbox 1174 570 1220 628; x_wconf 89' lang='lat' dir='ltr'><strong>his</strong></span> <span class='ocrx_word' id='word_1_12' title='bbox 1247 569 1431 644; x_wconf 75' lang='lat' dir='ltr'><strong>geometricis</strong></span> <span class='ocrx_word' id='word_1_13' title='bbox 1454 573 1524 643; x_wconf 87' lang='lat' dir='ltr'><strong>apta</strong></span> 
     </span>
     <span class='ocr_line' id='line_1_3' title="bbox 171 656 1522 738; baseline -0.006 -16"><span class='ocrx_word' id='word_1_14' title='bbox 171 674 249 736; x_wconf 89' lang='lat' dir='ltr'><strong>sunt,</strong></span> <span class='ocrx_word' id='word_1_15' title='bbox 274 671 306 721; x_wconf 92' lang='lat' dir='ltr'><strong>ut</strong></span> <span class='ocrx_word' id='word_1_16' title='bbox 328 671 469 738; x_wconf 89' lang='lat' dir='ltr'><strong>quantum</strong></span> <span class='ocrx_word' id='word_1_17' title='bbox 493 669 524 719; x_wconf 91' lang='lat' dir='ltr'><strong>tu</strong></span> <span class='ocrx_word' id='word_1_18' title='bbox 539 662 610 722; x_wconf 84' lang='lat' dir='ltr'><strong>abes</strong></span> <span class='ocrx_word' id='word_1_19' title='bbox 633 662 923 738; x_wconf 88' lang='lat' dir='ltr'><strong>acomprehensione</strong></span> <span class='ocrx_word' id='word_1_20' title='bbox 946 659 1125 720; x_wconf 78' lang='lat' dir='ltr'><strong>certitudinis</strong></span> <span class='ocrx_word' id='word_1_21' title='bbox 1148 656 1381 729; x_wconf 74' lang='lat' dir='ltr'><strong>mathematicae,</strong></span> <span class='ocrx_word' id='word_1_22' title='bbox 1410 661 1522 714; x_wconf 89' lang='lat' dir='ltr'><strong>tantum</strong></span> 
     </span>
     <span class='ocr_line' id='line_1_4' title="bbox 173 747 1188 827; baseline -0.006 -18"><span class='ocrx_word' id='word_1_23' title='bbox 173 768 227 827; x_wconf 86' lang='lat' dir='ltr'><strong>ago</strong></span> <span class='ocrx_word' id='word_1_24' title='bbox 250 751 306 809; x_wconf 90' lang='lat' dir='ltr'><strong>tihi</strong></span> <span class='ocrx_word' id='word_1_25' title='bbox 329 751 458 808; x_wconf 84' lang='lat' dir='ltr'><strong>vicissim</strong></span> <span class='ocrx_word' id='word_1_26' title='bbox 480 747 613 807; x_wconf 87' lang='lat' dir='ltr'><strong>cedam</strong></span> <span class='ocrx_word' id='word_1_27' title='bbox 605 766 633 805; x_wconf 90' lang='lat' dir='ltr'><strong>ru</strong></span> <span class='ocrx_word' id='word_1_28' title='bbox 660 748 861 824; x_wconf 77' lang='lat' dir='ltr'><strong>conJectandis</strong></span> <span class='ocrx_word' id='word_1_29' title='bbox 884 749 941 807; x_wconf 91' lang='lat' dir='ltr'><strong>illis</strong></span> <span class='ocrx_word' id='word_1_30' title='bbox 964 747 1188 822; x_wconf 78' lang='lat' dir='ltr'><strong>aenigmatibus.</strong></span> 
     </span>
     <span class='ocr_line' id='line_1_5' title="bbox 144 789 1522 916; baseline -0.006 -20"><span class='ocrx_word' id='word_1_31' title='bbox 144 891 147 896; x_wconf 77' lang='grc'>,</span> <span class='ocrx_word' id='word_1_32' title='bbox 259 835 347 912; x_wconf 85' lang='lat' dir='ltr'><strong>Quod</strong></span> <span class='ocrx_word' id='word_1_33' title='bbox 374 839 603 916; x_wconf 74' lang='lat' dir='ltr'><strong>europamque</strong></span> <span class='ocrx_word' id='word_1_34' title='bbox 629 854 759 911; x_wconf 73' lang='lat' dir='ltr'><strong>corpora</strong></span> <span class='ocrx_word' id='word_1_35' title='bbox 788 855 809 895; x_wconf 85' lang='lat' dir='ltr'><strong>a</strong></span> <span class='ocrx_word' id='word_1_36' title='bbox 829 835 1026 914; x_wconf 69' lang='lat' dir='ltr'><strong>synmoiisms</strong></span> <span class='ocrx_word' id='word_1_37' title='bbox 1053 833 1139 892; x_wconf 88' lang='lat' dir='ltr'><strong>nudis</strong></span> <span class='ocrx_word' id='word_1_38' title='bbox 1164 832 1372 909; x_wconf 66' lang='lat' dir='ltr'><strong>Pythagoricis</strong></span> <span class='ocrx_word' id='word_1_39' title='bbox 1402 829 1438 888; x_wconf 90' lang='lat' dir='ltr'><strong>ad</strong></span> <span class='ocrx_word' id='word_1_40' title='bbox 1469 789 1522 888; x_wconf 78' lang='grc' dir='ltr'><strong>ιιι-Ι</strong></span> 
     </span>
     <span class='ocr_line' id='line_1_6' title="bbox 173 919 1521 995; baseline -0.004 -12"><span class='ocrx_word' id='word_1_41' title='bbox 173 927 398 983; x_wconf 88' lang='lat' dir='ltr'><strong>monstratioues</strong></span> <span class='ocrx_word' id='word_1_42' title='bbox 431 926 642 982; x_wconf 83' lang='lat' dir='ltr'><strong>astronomicas</strong></span> <span class='ocrx_word' id='word_1_43' title='bbox 671 931 702 982; x_wconf 91' lang='lat' dir='ltr'><strong>et</strong></span> <span class='ocrx_word' id='word_1_44' title='bbox 727 923 949 983; x_wconf 88' lang='lat' dir='ltr'><strong>mathematicas</strong></span> <span class='ocrx_word' id='word_1_45' title='bbox 978 921 1107 991; x_wconf 82' lang='lat' dir='ltr'><strong>traduxi,</strong></span> <span class='ocrx_word' id='word_1_46' title='bbox 1142 920 1190 978; x_wconf 90' lang='lat' dir='ltr'><strong>hic</strong></span> <span class='ocrx_word' id='word_1_47' title='bbox 1213 935 1282 994; x_wconf 87' lang='lat' dir='ltr'><strong>ergo</strong></span> <span class='ocrx_word' id='word_1_48' title='bbox 1306 919 1357 976; x_wconf 90' lang='lat' dir='ltr'><strong>tibi</strong></span> <span class='ocrx_word' id='word_1_49' title='bbox 1382 934 1521 995; x_wconf 81' lang='lat' dir='ltr'><strong>pernego,</strong></span> 
     </span>
     <span class='ocr_line' id='line_1_7' title="bbox 173 1003 1593 1087; baseline -0.005 -17"><span class='ocrx_word' id='word_1_50' title='bbox 173 1029 194 1070; x_wconf 86' lang='lat' dir='ltr'><strong>a</strong></span> <span class='ocrx_word' id='word_1_51' title='bbox 214 1029 291 1070; x_wconf 82' lang='lat' dir='ltr'><strong>vcra</strong></span> <span class='ocrx_word' id='word_1_52' title='bbox 311 1011 502 1087; x_wconf 75' lang='lat' dir='ltr'><strong>philosophia</strong></span> <span class='ocrx_word' id='word_1_53' title='bbox 524 1011 716 1086; x_wconf 67' lang='lat' dir='ltr'><strong>adnationes</strong></span> <span class='ocrx_word' id='word_1_54' title='bbox 739 1018 767 1069; x_wconf 81' lang='grc' dir='ltr'><strong>ιι</strong></span> <span class='ocrx_word' id='word_1_55' title='bbox 788 1010 898 1070; x_wconf 78' lang='lat' dir='ltr'><strong>delirio</strong></span> <span class='ocrx_word' id='word_1_56' title='bbox 921 1028 967 1070; x_wconf 89' lang='lat' dir='ltr'><strong>me</strong></span> <span class='ocrx_word' id='word_1_57' title='bbox 990 1009 1182 1068; x_wconf 89' lang='lat' dir='ltr'><strong>transivisse.</strong></span> <span class='ocrx_word' id='word_1_58' title='bbox 1180 1003 1217 1085; x_wconf 85' lang='lat'><strong>¹)</strong></span> <span class='ocrx_word' id='word_1_59' title='bbox 1587 1065 1593 1075; x_wconf 61' lang='grc'><strong>,</strong></span> 
     </span>
     <span class='ocr_line' id='line_1_8' title="bbox 260 1093 1629 1175; baseline -0.004 -19"><span class='ocrx_word' id='word_1_60' title='bbox 260 1099 315 1157; x_wconf 80' lang='lat' dir='ltr'><strong>Ad</strong></span> <span class='ocrx_word' id='word_1_61' title='bbox 338 1099 523 1175; x_wconf 84' lang='lat' dir='ltr'><strong>Aualysin</strong></span> <span class='ocrx_word' id='word_1_62' title='bbox 546 1098 617 1160; x_wconf 84' lang='lat' dir='ltr'><strong>XV.</strong></span> <span class='ocrx_word' id='word_1_63' title='bbox 662 1097 750 1173; x_wconf 83' lang='lat' dir='ltr'><strong>Quod</strong></span> <span class='ocrx_word' id='word_1_64' title='bbox 777 1099 854 1170; x_wconf 85' lang='lat' dir='ltr'><strong>dixi,</strong></span> <span class='ocrx_word' id='word_1_65' title='bbox 885 1100 914 1156; x_wconf 87' lang='grc' dir='ltr'><strong>ιιι</strong></span> <span class='ocrx_word' id='word_1_66' title='bbox 945 1095 1210 1174; x_wconf 89' lang='lat' dir='ltr'><strong>comparationibus</strong></span> <span class='ocrx_word' id='word_1_67' title='bbox 1241 1095 1329 1170; x_wconf 82' lang='lat' dir='ltr'><strong>saepe</strong></span> <span class='ocrx_word' id='word_1_68' title='bbox 1358 1093 1522 1166; x_wconf 82' lang='lat' dir='ltr'><strong>usuvenire,</strong></span> <span class='ocrx_word' id='word_1_69' title='bbox 1624 1147 1629 1158; x_wconf 76' lang='grc'><strong>,</strong></span> 
     </span>
     <span class='ocr_line' id='line_1_9' title="bbox 175 1179 1524 1261; baseline -0.007 -16"><span class='ocrx_word' id='word_1_70' title='bbox 175 1195 208 1245; x_wconf 93' lang='lat' dir='ltr'><strong>ut</strong></span> <span class='ocrx_word' id='word_1_71' title='bbox 231 1188 359 1245; x_wconf 88' lang='lat' dir='ltr'><strong>crinibus</strong></span> <span class='ocrx_word' id='word_1_72' title='bbox 382 1184 523 1260; x_wconf 84' lang='lat' dir='ltr'><strong>trahenda</strong></span> <span class='ocrx_word' id='word_1_73' title='bbox 546 1189 612 1259; x_wconf 92' lang='lat' dir='ltr'><strong>sint,</strong></span> <span class='ocrx_word' id='word_1_74' title='bbox 637 1202 713 1259; x_wconf 88' lang='lat' dir='ltr'><strong>quae</strong></span> <span class='ocrx_word' id='word_1_75' title='bbox 737 1203 795 1245; x_wconf 91' lang='lat' dir='ltr'><strong>non</strong></span> <span class='ocrx_word' id='word_1_76' title='bbox 818 1187 895 1244; x_wconf 89' lang='lat' dir='ltr'><strong>ultro</strong></span> <span class='ocrx_word' id='word_1_77' title='bbox 918 1193 1086 1261; x_wconf 90' lang='lat' dir='ltr'><strong>sequuntur,</strong></span> <span class='ocrx_word' id='word_1_78' title='bbox 1111 1181 1141 1240; x_wconf 92' lang='lat' dir='ltr'><strong>id</strong></span> <span class='ocrx_word' id='word_1_79' title='bbox 1163 1181 1300 1258; x_wconf 86' lang='lat' dir='ltr'><strong>probrum</strong></span> <span class='ocrx_word' id='word_1_80' title='bbox 1316 1179 1428 1238; x_wconf 91' lang='lat' dir='ltr'><strong>nulium</strong></span> <span class='ocrx_word' id='word_1_81' title='bbox 1451 1196 1524 1239; x_wconf 90' lang='lat' dir='ltr'><strong>con-</strong></span> 
     </span>
     <span class='ocr_line' id='line_1_10' title="bbox 173 1266 1523 1350; baseline -0.006 -19"><span class='ocrx_word' id='word_1_82' title='bbox 173 1276 265 1345; x_wconf 83' lang='lat' dir='ltr'><strong>tinet,</strong></span> <span class='ocrx_word' id='word_1_83' title='bbox 301 1273 379 1349; x_wconf 93' lang='lat' dir='ltr'><strong>quod</strong></span> <span class='ocrx_word' id='word_1_84' title='bbox 408 1272 456 1331; x_wconf 84' lang='lat' dir='ltr'><strong>rel</strong></span> <span class='ocrx_word' id='word_1_85' title='bbox 486 1276 514 1329; x_wconf 93' lang='lat' dir='ltr'><strong>in</strong></span> <span class='ocrx_word' id='word_1_86' title='bbox 547 1280 595 1350; x_wconf 87' lang='lat' dir='ltr'><strong>te,</strong></span> <span class='ocrx_word' id='word_1_87' title='bbox 623 1272 766 1346; x_wconf 88' lang='lat' dir='ltr'><strong>Roberte,</strong></span> <span class='ocrx_word' id='word_1_88' title='bbox 799 1274 848 1333; x_wconf 87' lang='lat' dir='ltr'><strong>rel</strong></span> <span class='ocrx_word' id='word_1_89' title='bbox 877 1276 906 1329; x_wconf 92' lang='lat' dir='ltr'><strong>in</strong></span> <span class='ocrx_word' id='word_1_90' title='bbox 931 1285 997 1332; x_wconf 86' lang='lat' dir='ltr'><strong>tuor</strong></span> <span class='ocrx_word' id='word_1_91' title='bbox 1019 1269 1202 1342; x_wconf 81' lang='lat' dir='ltr'><strong>Hermoticos</strong></span> <span class='ocrx_word' id='word_1_92' title='bbox 1234 1268 1398 1343; x_wconf 91' lang='lat' dir='ltr'><strong>conjectum</strong></span> <span class='ocrx_word' id='word_1_93' title='bbox 1430 1266 1523 1325; x_wconf 86' lang='lat' dir='ltr'><strong>rideri</strong></span> 
     </span>
     <span class='ocr_line' id='line_1_11' title="bbox 173 1352 1525 1437; baseline -0.006 -16"><span class='ocrx_word' id='word_1_94' title='bbox 173 1364 276 1437; x_wconf 87' lang='lat' dir='ltr'><strong>possit.</strong></span> <span class='ocrx_word' id='word_1_95' title='bbox 321 1360 379 1420; x_wconf 88' lang='lat' dir='ltr'><strong>Res</strong></span> <span class='ocrx_word' id='word_1_96' title='bbox 409 1363 473 1437; x_wconf 80' lang='lat' dir='ltr'><strong>ipsa</strong></span> <span class='ocrx_word' id='word_1_97' title='bbox 494 1360 623 1436; x_wconf 89' lang='lat' dir='ltr'><strong>loquitur</strong></span> <span class='ocrx_word' id='word_1_98' title='bbox 651 1362 827 1436; x_wconf 80' lang='lat' dir='ltr'><strong>experienti,</strong></span> <span class='ocrx_word' id='word_1_99' title='bbox 856 1360 969 1419; x_wconf 88' lang='lat' dir='ltr'><strong>nulium</strong></span> <span class='ocrx_word' id='word_1_100' title='bbox 997 1362 1086 1436; x_wconf 90' lang='lat' dir='ltr'><strong>igitur</strong></span> <span class='ocrx_word' id='word_1_101' title='bbox 1114 1373 1210 1433; x_wconf 91' lang='lat' dir='ltr'><strong>neque</strong></span> <span class='ocrx_word' id='word_1_102' title='bbox 1233 1355 1303 1414; x_wconf 90' lang='lat' dir='ltr'><strong>mihi</strong></span> <span class='ocrx_word' id='word_1_103' title='bbox 1325 1356 1379 1414; x_wconf 90' lang='lat' dir='ltr'><strong>abs</strong></span> <span class='ocrx_word' id='word_1_104' title='bbox 1402 1362 1431 1414; x_wconf 93' lang='lat' dir='ltr'><strong>te</strong></span> <span class='ocrx_word' id='word_1_105' title='bbox 1455 1352 1525 1413; x_wconf 89' lang='lat' dir='ltr'><strong>iicet</strong></span> 
     </span>
     <span class='ocr_line' id='line_1_12' title="bbox 174 1441 1523 1524; baseline -0.004 -19"><span class='ocrx_word' id='word_1_106' title='bbox 174 1452 249 1507; x_wconf 90' lang='lat' dir='ltr'><strong>irato</strong></span> <span class='ocrx_word' id='word_1_107' title='bbox 279 1449 416 1524; x_wconf 88' lang='lat' dir='ltr'><strong>probrum</strong></span> <span class='ocrx_word' id='word_1_108' title='bbox 447 1457 595 1523; x_wconf 81' lang='lat' dir='ltr'><strong>regestum</strong></span> <span class='ocrx_word' id='word_1_109' title='bbox 627 1457 713 1523; x_wconf 88' lang='lat' dir='ltr'><strong>puto,</strong></span> <span class='ocrx_word' id='word_1_110' title='bbox 746 1447 815 1506; x_wconf 91' lang='lat' dir='ltr'><strong>dum</strong></span> <span class='ocrx_word' id='word_1_111' title='bbox 842 1456 1009 1523; x_wconf 81' lang='lat' dir='ltr'><strong>retorques,</strong></span> <span class='ocrx_word' id='word_1_112' title='bbox 1045 1462 1091 1505; x_wconf 93' lang='lat' dir='ltr'><strong>me</strong></span> <span class='ocrx_word' id='word_1_113' title='bbox 1123 1446 1314 1503; x_wconf 88' lang='lat' dir='ltr'><strong>intentionem</strong></span> <span class='ocrx_word' id='word_1_114' title='bbox 1337 1441 1523 1519; x_wconf 83' lang='lat' dir='ltr'><strong>Pythagorae</strong></span> 
     </span>
     <span class='ocr_line' id='line_1_13' title="bbox 134 1528 1523 1616; baseline -0.004 -24"><span class='ocrx_word' id='word_1_115' title='bbox 134 1587 136 1592; x_wconf 83' lang='lat'><strong>.</strong></span> <span class='ocrx_word' id='word_1_116' title='bbox 176 1531 261 1616; x_wconf 88' lang='lat' dir='ltr'><strong>(nam</strong></span> <span class='ocrx_word' id='word_1_117' title='bbox 286 1534 458 1596; x_wconf 77' lang='lat' dir='ltr'><strong>Aristoteles</strong></span> <span class='ocrx_word' id='word_1_118' title='bbox 481 1552 517 1593; x_wconf 87' lang='lat' dir='ltr'><strong>ex</strong></span> <span class='ocrx_word' id='word_1_119' title='bbox 540 1552 594 1593; x_wconf 90' lang='lat' dir='ltr'><strong>suo</strong></span> <span class='ocrx_word' id='word_1_120' title='bbox 617 1551 705 1594; x_wconf 88' lang='lat' dir='ltr'><strong>seusu</strong></span> <span class='ocrx_word' id='word_1_121' title='bbox 733 1552 790 1593; x_wconf 89' lang='lat' dir='ltr'><strong>non</strong></span> <span class='ocrx_word' id='word_1_122' title='bbox 814 1529 960 1615; x_wconf 82' lang='lat' dir='ltr'><strong>loquitur)</strong></span> <span class='ocrx_word' id='word_1_123' title='bbox 984 1534 1112 1593; x_wconf 87' lang='lat' dir='ltr'><strong>crinibus</strong></span> <span class='ocrx_word' id='word_1_124' title='bbox 1139 1533 1274 1591; x_wconf 83' lang='lat' dir='ltr'><strong>traxisse.</strong></span> <span class='ocrx_word' id='word_1_125' title='bbox 1319 1528 1523 1605; x_wconf 83' lang='lat' dir='ltr'><strong>Conjectnram</strong></span> 
     </span>
     <span class='ocr_line' id='line_1_14' title="bbox 179 1618 1524 1698; baseline -0.005 -17"><span class='ocrx_word' id='word_1_126' title='bbox 179 1624 256 1696; x_wconf 84' lang='lat' dir='ltr'><strong>dixi,</strong></span> <span class='ocrx_word' id='word_1_127' title='bbox 282 1623 405 1682; x_wconf 82' lang='lat' dir='ltr'><strong>vocibus</strong></span> <span class='ocrx_word' id='word_1_128' title='bbox 423 1623 533 1696; x_wconf 63' lang='grc' dir='ltr'><strong>ᾖιοιιι,</strong></span> <span class='ocrx_word' id='word_1_129' title='bbox 556 1625 698 1682; x_wconf 63' lang='lat' dir='ltr'><strong>tomum</strong></span> <span class='ocrx_word' id='word_1_130' title='bbox 725 1624 833 1698; x_wconf 87' lang='lat' dir='ltr'><strong>ubique</strong></span> <span class='ocrx_word' id='word_1_131' title='bbox 850 1623 1042 1697; x_wconf 87' lang='lat' dir='ltr'><strong>interspersis.</strong></span> <span class='ocrx_word' id='word_1_132' title='bbox 1086 1618 1153 1679; x_wconf 91' lang='lat' dir='ltr'><strong>Hoc</strong></span> <span class='ocrx_word' id='word_1_133' title='bbox 1175 1626 1237 1678; x_wconf 87' lang='lat' dir='ltr'><strong>erat</strong></span> <span class='ocrx_word' id='word_1_134' title='bbox 1263 1620 1405 1676; x_wconf 90' lang='lat' dir='ltr'><strong>intentum</strong></span> <span class='ocrx_word' id='word_1_135' title='bbox 1427 1624 1524 1675; x_wconf 82' lang='lat' dir='ltr'><strong>tortus</strong></span> 
     </span>
     <span class='ocr_line' id='line_1_15' title="bbox 177 1703 1524 1786; baseline -0.005 -18"><span class='ocrx_word' id='word_1_136' title='bbox 177 1711 251 1780; x_wconf 82' lang='lat' dir='ltr'><strong>mei,</strong></span> <span class='ocrx_word' id='word_1_137' title='bbox 275 1727 362 1785; x_wconf 85' lang='lat' dir='ltr'><strong>quem</strong></span> <span class='ocrx_word' id='word_1_138' title='bbox 386 1710 433 1768; x_wconf 90' lang='lat' dir='ltr'><strong>hic</strong></span> <span class='ocrx_word' id='word_1_139' title='bbox 456 1709 603 1784; x_wconf 85' lang='lat' dir='ltr'><strong>dissolvis,</strong></span> <span class='ocrx_word' id='word_1_140' title='bbox 628 1709 798 1780; x_wconf 89' lang='lat' dir='ltr'><strong>ostendere,</strong></span> <span class='ocrx_word' id='word_1_141' title='bbox 823 1721 851 1768; x_wconf 90' lang='lat' dir='ltr'><strong>te</strong></span> <span class='ocrx_word' id='word_1_142' title='bbox 873 1712 902 1767; x_wconf 91' lang='lat' dir='ltr'><strong>in</strong></span> <span class='ocrx_word' id='word_1_143' title='bbox 927 1708 1119 1786; x_wconf 87' lang='lat' dir='ltr'><strong>occupatione</strong></span> <span class='ocrx_word' id='word_1_144' title='bbox 1142 1708 1252 1766; x_wconf 78' lang='lat' dir='ltr'><strong>versari</strong></span> <span class='ocrx_word' id='word_1_145' title='bbox 1275 1706 1342 1778; x_wconf 90' lang='lat' dir='ltr'><strong>tali,</strong></span> <span class='ocrx_word' id='word_1_146' title='bbox 1367 1722 1442 1780; x_wconf 90' lang='lat' dir='ltr'><strong>quae</strong></span> <span class='ocrx_word' id='word_1_147' title='bbox 1466 1703 1524 1762; x_wconf 85' lang='lat' dir='ltr'><strong>dii·</strong></span> 
     </span>
     <span class='ocr_line' id='line_1_16' title="bbox 173 1793 1522 1873; baseline -0.004 -18"><span class='ocrx_word' id='word_1_148' title='bbox 173 1796 320 1856; x_wconf 87' lang='lat' dir='ltr'><strong>ficultates</strong></span> <span class='ocrx_word' id='word_1_149' title='bbox 351 1800 459 1872; x_wconf 88' lang='lat' dir='ltr'><strong>pariat,</strong></span> <span class='ocrx_word' id='word_1_150' title='bbox 492 1812 546 1855; x_wconf 92' lang='lat' dir='ltr'><strong>nec</strong></span> <span class='ocrx_word' id='word_1_151' title='bbox 574 1795 724 1873; x_wconf 76' lang='grc' dir='ltr'>ἀκριβιιαι</span> <span class='ocrx_word' id='word_1_152' title='bbox 751 1796 988 1855; x_wconf 89' lang='lat' dir='ltr'><strong>mathematicam</strong></span> <span class='ocrx_word' id='word_1_153' title='bbox 1015 1798 1150 1870; x_wconf 89' lang='lat' dir='ltr'><strong>patiatur.</strong></span> <span class='ocrx_word' id='word_1_154' title='bbox 1200 1793 1246 1853; x_wconf 81' lang='lat' dir='ltr'><strong>Tu</strong></span> <span class='ocrx_word' id='word_1_155' title='bbox 1278 1810 1348 1852; x_wconf 85' lang='lat' dir='ltr'><strong>vero</strong></span> <span class='ocrx_word' id='word_1_156' title='bbox 1381 1793 1522 1869; x_wconf 83' lang='lat' dir='ltr'><strong>pervertis</strong></span> 
     </span>
     <span class='ocr_line' id='line_1_17' title="bbox 174 1881 1522 1961; baseline -0.004 -18"><span class='ocrx_word' id='word_1_157' title='bbox 174 1902 297 1960; x_wconf 87' lang='lat' dir='ltr'><strong>scopum</strong></span> <span class='ocrx_word' id='word_1_158' title='bbox 319 1900 448 1943; x_wconf 91' lang='lat' dir='ltr'><strong>mearum</strong></span> <span class='ocrx_word' id='word_1_159' title='bbox 472 1902 691 1961; x_wconf 72' lang='grc' dir='ltr'>ιιιιχιιωσιωις</span> <span class='ocrx_word' id='word_1_160' title='bbox 720 1901 780 1943; x_wconf 89' lang='lat' dir='ltr'><strong>non</strong></span> <span class='ocrx_word' id='word_1_161' title='bbox 803 1894 868 1942; x_wconf 90' lang='lat' dir='ltr'><strong>sunt</strong></span> <span class='ocrx_word' id='word_1_162' title='bbox 891 1884 960 1943; x_wconf 90' lang='lat' dir='ltr'><strong>iliae</strong></span> <span class='ocrx_word' id='word_1_163' title='bbox 983 1892 1168 1961; x_wconf 88' lang='lat' dir='ltr'><strong>comparatae</strong></span> <span class='ocrx_word' id='word_1_164' title='bbox 1199 1889 1232 1939; x_wconf 93' lang='lat' dir='ltr'><strong>ut</strong></span> <span class='ocrx_word' id='word_1_165' title='bbox 1256 1881 1481 1957; x_wconf 73' lang='lat' dir='ltr'><strong>Pythoporne&#39;</strong></span> <span class='ocrx_word' id='word_1_166' title='bbox 1470 1897 1522 1938; x_wconf 85' lang='grc' dir='ltr'>ιιι-</span> 
     </span>
     <span class='ocr_line' id='line_1_18' title="bbox 175 1968 1523 2048; baseline -0.005 -18"><span class='ocrx_word' id='word_1_167' title='bbox 175 1975 331 2043; x_wconf 82' lang='lat' dir='ltr'><strong>tentiones,</strong></span> <span class='ocrx_word' id='word_1_168' title='bbox 354 1971 405 2029; x_wconf 88' lang='lat' dir='ltr'><strong>sed</strong></span> <span class='ocrx_word' id='word_1_169' title='bbox 429 1981 461 2029; x_wconf 92' lang='grc' dir='ltr'><strong>ιιι</strong></span> <span class='ocrx_word' id='word_1_170' title='bbox 483 1989 544 2030; x_wconf 89' lang='lat' dir='ltr'><strong>rem</strong></span> <span class='ocrx_word' id='word_1_171' title='bbox 566 1975 669 2048; x_wconf 90' lang='lat' dir='ltr'><strong>ipsam,</strong></span> <span class='ocrx_word' id='word_1_172' title='bbox 693 1974 823 2047; x_wconf 88' lang='lat' dir='ltr'><strong>quinque</strong></span> <span class='ocrx_word' id='word_1_173' title='bbox 846 1972 957 2030; x_wconf 90' lang='lat' dir='ltr'><strong>sciiicet</strong></span> <span class='ocrx_word' id='word_1_174' title='bbox 980 1987 1111 2047; x_wconf 89' lang='lat' dir='ltr'><strong>corpora,</strong></span> <span class='ocrx_word' id='word_1_175' title='bbox 1135 1968 1173 2027; x_wconf 89' lang='lat' dir='ltr'><strong>ad</strong></span> <span class='ocrx_word' id='word_1_176' title='bbox 1195 1970 1420 2026; x_wconf 87' lang='lat' dir='ltr'><strong>astronomicam</strong></span> <span class='ocrx_word' id='word_1_177' title='bbox 1444 1969 1523 2024; x_wconf 87' lang='lat' dir='ltr'><strong>veri-</strong></span> 
     </span>
     <span class='ocr_line' id='line_1_19' title="bbox 176 2045 1524 2134; baseline -0.004 -17"><span class='ocrx_word' id='word_1_178' title='bbox 176 2067 267 2118; x_wconf 88' lang='lat' dir='ltr'><strong>tatem</strong></span> <span class='ocrx_word' id='word_1_179' title='bbox 301 2059 530 2118; x_wconf 90' lang='lat' dir='ltr'><strong>accommodent</strong></span> <span class='ocrx_word' id='word_1_180' title='bbox 583 2059 714 2118; x_wconf 82' lang='lat' dir='ltr'><strong>Gratiani</strong></span> <span class='ocrx_word' id='word_1_181' title='bbox 747 2068 844 2118; x_wconf 89' lang='lat' dir='ltr'><strong>tamen</strong></span> <span class='ocrx_word' id='word_1_182' title='bbox 875 2059 987 2131; x_wconf 90' lang='lat' dir='ltr'><strong>habeo,</strong></span> <span class='ocrx_word' id='word_1_183' title='bbox 1022 2056 1103 2134; x_wconf 93' lang='lat' dir='ltr'><strong>quod</strong></span> <span class='ocrx_word' id='word_1_184' title='bbox 1136 2045 1399 2116; x_wconf 85' lang='lat' dir='ltr'><strong>demonstrationes</strong></span> <span class='ocrx_word' id='word_1_185' title='bbox 1433 2070 1524 2127; x_wconf 89' lang='lat' dir='ltr'><strong>meas,</strong></span> 
     </span>
     <span class='ocr_line' id='line_1_20' title="bbox 175 2142 1525 2222; baseline -0.005 -17"><span class='ocrx_word' id='word_1_186' title='bbox 175 2162 355 2222; x_wconf 88' lang='lat' dir='ltr'><strong>quamquam</strong></span> <span class='ocrx_word' id='word_1_187' title='bbox 379 2149 542 2222; x_wconf 88' lang='lat' dir='ltr'><strong>incogitans</strong></span> <span class='ocrx_word' id='word_1_188' title='bbox 565 2156 594 2205; x_wconf 89' lang='lat' dir='ltr'><strong>et</strong></span> <span class='ocrx_word' id='word_1_189' title='bbox 617 2148 796 2220; x_wconf 82' lang='lat' dir='ltr'><strong>obtrectans,</strong></span> <span class='ocrx_word' id='word_1_190' title='bbox 821 2148 931 2205; x_wconf 88' lang='lat' dir='ltr'><strong>ornasti</strong></span> <span class='ocrx_word' id='word_1_191' title='bbox 955 2145 1066 2221; x_wconf 85' lang='lat' dir='ltr'><strong>elogio,</strong></span> <span class='ocrx_word' id='word_1_192' title='bbox 1091 2142 1170 2219; x_wconf 93' lang='lat' dir='ltr'><strong>quod</strong></span> <span class='ocrx_word' id='word_1_193' title='bbox 1193 2146 1256 2201; x_wconf 86' lang='lat' dir='ltr'><strong>uim</strong></span> <span class='ocrx_word' id='word_1_194' title='bbox 1278 2149 1305 2200; x_wconf 88' lang='lat' dir='ltr'><strong>et</strong></span> <span class='ocrx_word' id='word_1_195' title='bbox 1327 2160 1432 2215; x_wconf 83' lang='lat' dir='ltr'><strong>arma,</strong></span> <span class='ocrx_word' id='word_1_196' title='bbox 1456 2159 1525 2199; x_wconf 84' lang='lat' dir='ltr'><strong>mc·</strong></span> 
     </span>
    </p>
   </div>
   <div class='ocr_carea' id='block_1_3' title="bbox 174 2228 1622 2309">
    <p class='ocr_par' dir='ltr' id='par_1_3' title="bbox 174 2228 1622 2309">
     <span class='ocr_line' id='line_1_21' title="bbox 174 2228 1622 2309; baseline -0.004 -16"><span class='ocrx_word' id='word_1_197' title='bbox 174 2251 276 2293; x_wconf 83' lang='lat' dir='ltr'><strong>nuum</strong></span> <span class='ocrx_word' id='word_1_198' title='bbox 295 2233 470 2309; x_wconf 81' lang='lat' dir='ltr'><strong>pedumque</strong></span> <span class='ocrx_word' id='word_1_199' title='bbox 491 2237 600 2294; x_wconf 71' lang='lat' dir='ltr'><strong>nixum</strong></span> <span class='ocrx_word' id='word_1_200' title='bbox 624 2236 770 2308; x_wconf 84' lang='lat' dir='ltr'><strong>agnoscis.</strong></span> <span class='ocrx_word' id='word_1_201' title='bbox 815 2233 861 2291; x_wconf 82' lang='lat' dir='ltr'><strong>Tu</strong></span> <span class='ocrx_word' id='word_1_202' title='bbox 886 2235 980 2291; x_wconf 86' lang='lat' dir='ltr'><strong>virum</strong></span> <span class='ocrx_word' id='word_1_203' title='bbox 1002 2240 1031 2290; x_wconf 89' lang='lat' dir='ltr'><strong>te</strong></span> <span class='ocrx_word' id='word_1_204' title='bbox 1044 2239 1171 2309; x_wconf 85' lang='lat' dir='ltr'><strong>praesta</strong></span> <span class='ocrx_word' id='word_1_205' title='bbox 1194 2229 1288 2289; x_wconf 90' lang='lat' dir='ltr'><strong>nodos</strong></span> <span class='ocrx_word' id='word_1_206' title='bbox 1303 2228 1369 2288; x_wconf 82' lang='lat' dir='ltr'><strong>ilios</strong></span> <span class='ocrx_word' id='word_1_207' title='bbox 1385 2228 1524 2301; x_wconf 83' lang='grc' dir='ltr'>(ιίιιοιιι,</span> <span class='ocrx_word' id='word_1_208' title='bbox 1617 2267 1622 2278; x_wconf 76' lang='lat'><em>-</em></span> 
     </span>
    </p>
   </div>
   <div class='ocr_carea' id='block_1_4' title="bbox 173 2314 1588 4841">
    <p class='ocr_par' dir='ltr' id='par_1_4' title="bbox 173 2314 1546 3709">
     <span class='ocr_line' id='line_1_22' title="bbox 175 2314 1526 2404; baseline -0.003 -26"><span class='ocrx_word' id='word_1_209' title='bbox 175 2331 208 2379; x_wconf 91' lang='lat' dir='ltr'><strong>ut</strong></span> <span class='ocrx_word' id='word_1_210' title='bbox 232 2322 329 2378; x_wconf 88' lang='lat' dir='ltr'><strong>irritos</strong></span> <span class='ocrx_word' id='word_1_211' title='bbox 359 2321 413 2379; x_wconf 92' lang='lat' dir='ltr'><strong>hos</strong></span> <span class='ocrx_word' id='word_1_212' title='bbox 441 2322 527 2379; x_wconf 87' lang='lat' dir='ltr'><strong>nixus</strong></span> <span class='ocrx_word' id='word_1_213' title='bbox 555 2321 744 2404; x_wconf 80' lang='lat' dir='ltr'><strong>demopstres.</strong></span> <span class='ocrx_word' id='word_1_214' title='bbox 796 2321 947 2379; x_wconf 79' lang='lat' dir='ltr'><strong>Violentic</strong></span> <span class='ocrx_word' id='word_1_215' title='bbox 978 2327 1020 2379; x_wconf 85' lang='lat' dir='ltr'><strong>est</strong></span> <span class='ocrx_word' id='word_1_216' title='bbox 1046 2336 1103 2378; x_wconf 91' lang='lat' dir='ltr'><strong>non</strong></span> <span class='ocrx_word' id='word_1_217' title='bbox 1134 2335 1213 2389; x_wconf 90' lang='lat' dir='ltr'><strong>mea,</strong></span> <span class='ocrx_word' id='word_1_218' title='bbox 1244 2314 1296 2375; x_wconf 91' lang='lat' dir='ltr'><strong>sed</strong></span> <span class='ocrx_word' id='word_1_219' title='bbox 1320 2315 1473 2391; x_wconf 83' lang='lat' dir='ltr'><strong>Cupernici</strong></span> <span class='ocrx_word' id='word_1_220' title='bbox 1496 2323 1526 2374; x_wconf 89' lang='lat' dir='ltr'><strong>et</strong></span> 
     </span>
     <span class='ocr_line' id='line_1_23' title="bbox 177 2403 1525 2507; baseline -0.003 -42"><span class='ocrx_word' id='word_1_221' title='bbox 177 2410 372 2467; x_wconf 83' lang='lat' dir='ltr'><strong>vetustissimi</strong></span> <span class='ocrx_word' id='word_1_222' title='bbox 396 2408 567 2480; x_wconf 81' lang='lat' dir='ltr'><strong>Aristarchi,</strong></span> <span class='ocrx_word' id='word_1_223' title='bbox 592 2425 651 2484; x_wconf 89' lang='lat' dir='ltr'><strong>qua</strong></span> <span class='ocrx_word' id='word_1_224' title='bbox 672 2415 800 2483; x_wconf 66' lang='lat' dir='ltr'><strong>urgetur·</strong></span> <span class='ocrx_word' id='word_1_225' title='bbox 823 2423 881 2465; x_wconf 92' lang='lat' dir='ltr'><strong>non</strong></span> <span class='ocrx_word' id='word_1_226' title='bbox 905 2416 1019 2479; x_wconf 90' lang='lat' dir='ltr'><strong>natura,</strong></span> <span class='ocrx_word' id='word_1_227' title='bbox 1043 2405 1096 2464; x_wconf 92' lang='lat' dir='ltr'><strong>sed</strong></span> <span class='ocrx_word' id='word_1_228' title='bbox 1116 2405 1266 2507; x_wconf 82' lang='lat' dir='ltr'><strong>popularis</strong></span> <span class='ocrx_word' id='word_1_229' title='bbox 1289 2403 1407 2461; x_wconf 87' lang='lat' dir='ltr'><strong>humani</strong></span> <span class='ocrx_word' id='word_1_230' title='bbox 1431 2419 1525 2478; x_wconf 88' lang='lat' dir='ltr'><strong>gene-</strong></span> 
     </span>
     <span class='ocr_line' id='line_1_24' title="bbox 173 2491 1546 2572; baseline -0.004 -19"><span class='ocrx_word' id='word_1_231' title='bbox 173 2497 214 2554; x_wconf 86' lang='lat' dir='ltr'><strong>ris</strong></span> <span class='ocrx_word' id='word_1_232' title='bbox 238 2498 338 2572; x_wconf 89' lang='lat' dir='ltr'><strong>opinio</strong></span> <span class='ocrx_word' id='word_1_233' title='bbox 362 2495 572 2571; x_wconf 88' lang='lat' dir='ltr'><strong>oculorumque</strong></span> <span class='ocrx_word' id='word_1_234' title='bbox 597 2496 816 2572; x_wconf 88' lang='lat' dir='ltr'><strong>deceptionibus</strong></span> <span class='ocrx_word' id='word_1_235' title='bbox 845 2496 965 2553; x_wconf 89' lang='lat' dir='ltr'><strong>nimium</strong></span> <span class='ocrx_word' id='word_1_236' title='bbox 993 2501 1101 2569; x_wconf 87' lang='lat' dir='ltr'><strong>agnata</strong></span> <span class='ocrx_word' id='word_1_237' title='bbox 1124 2494 1258 2567; x_wconf 89' lang='lat' dir='ltr'><strong>ingenia,</strong></span> <span class='ocrx_word' id='word_1_238' title='bbox 1291 2491 1370 2565; x_wconf 90' lang='lat' dir='ltr'><strong>qnod</strong></span> <span class='ocrx_word' id='word_1_239' title='bbox 1398 2491 1546 2562; x_wconf 72' lang='lat' dir='ltr'><strong>Terram¹</strong></span> 
     </span>
     <span class='ocr_line' id='line_1_25' title="bbox 175 2576 1525 2657; baseline -0.004 -17"><span class='ocrx_word' id='word_1_240' title='bbox 175 2587 255 2642; x_wconf 79' lang='lat' dir='ltr'><strong>inter</strong></span> <span class='ocrx_word' id='word_1_241' title='bbox 289 2590 375 2641; x_wconf 77' lang='grc' dir='ltr'>ιιιιιιι</span> <span class='ocrx_word' id='word_1_242' title='bbox 402 2584 475 2643; x_wconf 69' lang='lat' dir='ltr'><strong>buo.</strong></span> <span class='ocrx_word' id='word_1_243' title='bbox 520 2582 622 2657; x_wconf 85' lang='lat' dir='ltr'><strong>Neque</strong></span> <span class='ocrx_word' id='word_1_244' title='bbox 654 2591 749 2642; x_wconf 89' lang='lat' dir='ltr'><strong>tamen</strong></span> <span class='ocrx_word' id='word_1_245' title='bbox 780 2598 875 2657; x_wconf 76' lang='lat' dir='ltr'><strong>prave</strong></span> <span class='ocrx_word' id='word_1_246' title='bbox 903 2588 939 2640; x_wconf 86' lang='grc' dir='ltr'><strong>ιιι</strong></span> <span class='ocrx_word' id='word_1_247' title='bbox 966 2598 1089 2640; x_wconf 80' lang='lat' dir='ltr'><strong>saraam</strong></span> <span class='ocrx_word' id='word_1_248' title='bbox 1120 2579 1224 2638; x_wconf 79' lang='grc' dir='ltr'>ιιιιιιιι</span> <span class='ocrx_word' id='word_1_249' title='bbox 1246 2582 1378 2654; x_wconf 77' lang='lat' dir='ltr'><strong>copitar,</strong></span> <span class='ocrx_word' id='word_1_250' title='bbox 1410 2576 1463 2636; x_wconf 90' lang='lat' dir='ltr'><strong>sed</strong></span> <span class='ocrx_word' id='word_1_251' title='bbox 1491 2584 1525 2635; x_wconf 94' lang='lat' dir='ltr'><strong>ut</strong></span> 
     </span>
     <span class='ocr_line' id='line_1_26' title="bbox 174 2667 1524 2745; baseline -0.004 -17"><span class='ocrx_word' id='word_1_252' title='bbox 174 2669 267 2729; x_wconf 83' lang='lat' dir='ltr'><strong>Terra</strong></span> <span class='ocrx_word' id='word_1_253' title='bbox 289 2672 393 2729; x_wconf 85' lang='lat' dir='ltr'><strong>inertia</strong></span> <span class='ocrx_word' id='word_1_254' title='bbox 416 2688 471 2729; x_wconf 91' lang='lat' dir='ltr'><strong>sua</strong></span> <span class='ocrx_word' id='word_1_255' title='bbox 492 2669 612 2741; x_wconf 83' lang='lat' dir='ltr'><strong>fruatur,</strong></span> <span class='ocrx_word' id='word_1_256' title='bbox 637 2678 669 2728; x_wconf 91' lang='lat' dir='ltr'><strong>ut</strong></span> <span class='ocrx_word' id='word_1_257' title='bbox 691 2671 840 2745; x_wconf 77' lang='lat' dir='ltr'><strong>regionem</strong></span> <span class='ocrx_word' id='word_1_258' title='bbox 855 2673 1043 2744; x_wconf 84' lang='lat' dir='ltr'><strong>assignatam,</strong></span> <span class='ocrx_word' id='word_1_259' title='bbox 1068 2682 1150 2726; x_wconf 90' lang='lat' dir='ltr'><strong>motu</strong></span> <span class='ocrx_word' id='word_1_260' title='bbox 1166 2683 1276 2738; x_wconf 86' lang='lat' dir='ltr'><strong>careus,</strong></span> <span class='ocrx_word' id='word_1_261' title='bbox 1300 2667 1365 2742; x_wconf 90' lang='lat' dir='ltr'><strong>ipsa</strong></span> <span class='ocrx_word' id='word_1_262' title='bbox 1381 2682 1414 2725; x_wconf 88' lang='lat' dir='ltr'><strong>se</strong></span> <span class='ocrx_word' id='word_1_263' title='bbox 1430 2668 1524 2740; x_wconf 85' lang='lat' dir='ltr'><strong>ipsam</strong></span> 
     </span>
     <span class='ocr_line' id='line_1_27' title="bbox 175 2751 1526 2834; baseline -0.005 -18"><span class='ocrx_word' id='word_1_264' title='bbox 175 2758 318 2829; x_wconf 84' lang='lat' dir='ltr'><strong>obtineat,</strong></span> <span class='ocrx_word' id='word_1_265' title='bbox 343 2759 523 2834; x_wconf 87' lang='lat' dir='ltr'><strong>permittitur.</strong></span> <span class='ocrx_word' id='word_1_266' title='bbox 573 2758 637 2816; x_wconf 83' lang='lat' dir='ltr'><strong>Vim</strong></span> <span class='ocrx_word' id='word_1_267' title='bbox 662 2775 750 2816; x_wconf 91' lang='lat' dir='ltr'><strong>unam</strong></span> <span class='ocrx_word' id='word_1_268' title='bbox 771 2774 911 2832; x_wconf 87' lang='lat' dir='ltr'><strong>agnosco,</strong></span> <span class='ocrx_word' id='word_1_269' title='bbox 936 2757 1053 2833; x_wconf 91' lang='lat' dir='ltr'><strong>qualem</strong></span> <span class='ocrx_word' id='word_1_270' title='bbox 1076 2763 1137 2814; x_wconf 89' lang='lat' dir='ltr'><strong>tute</strong></span> <span class='ocrx_word' id='word_1_271' title='bbox 1160 2753 1288 2815; x_wconf 85' lang='lat' dir='ltr'><strong>Roberte</strong></span> <span class='ocrx_word' id='word_1_272' title='bbox 1311 2762 1379 2813; x_wconf 91' lang='lat' dir='ltr'><strong>tuae</strong></span> <span class='ocrx_word' id='word_1_273' title='bbox 1403 2751 1526 2811; x_wconf 84' lang='lat' dir='ltr'><strong>intulisti</strong></span> 
     </span>
     <span class='ocr_line' id='line_1_28' title="bbox 176 2843 1527 2919; baseline -0.004 -15"><span class='ocrx_word' id='word_1_274' title='bbox 176 2849 293 2913; x_wconf 83' lang='lat' dir='ltr'><strong>manui,</strong></span> <span class='ocrx_word' id='word_1_275' title='bbox 317 2844 386 2903; x_wconf 92' lang='lat' dir='ltr'><strong>dum</strong></span> <span class='ocrx_word' id='word_1_276' title='bbox 408 2849 465 2904; x_wconf 90' lang='lat' dir='ltr'><strong>ista</strong></span> <span class='ocrx_word' id='word_1_277' title='bbox 486 2845 644 2917; x_wconf 86' lang='lat' dir='ltr'><strong>scriberes,</strong></span> <span class='ocrx_word' id='word_1_278' title='bbox 677 2863 765 2919; x_wconf 91' lang='lat' dir='ltr'><strong>quam</strong></span> <span class='ocrx_word' id='word_1_279' title='bbox 788 2847 901 2905; x_wconf 87' lang='lat' dir='ltr'><strong>scilicet</strong></span> <span class='ocrx_word' id='word_1_280' title='bbox 923 2845 1032 2904; x_wconf 86' lang='lat' dir='ltr'><strong>Terrae</strong></span> <span class='ocrx_word' id='word_1_281' title='bbox 1054 2845 1141 2903; x_wconf 88' lang='lat' dir='ltr'><strong>iniert</strong></span> <span class='ocrx_word' id='word_1_282' title='bbox 1161 2846 1259 2902; x_wconf 89' lang='lat' dir='ltr'><strong>anima</strong></span> <span class='ocrx_word' id='word_1_283' title='bbox 1282 2844 1374 2918; x_wconf 88' lang='lat' dir='ltr'><strong>ipsius</strong></span> <span class='ocrx_word' id='word_1_284' title='bbox 1398 2843 1474 2899; x_wconf 89' lang='lat' dir='ltr'><strong>intus</strong></span> <span class='ocrx_word' id='word_1_285' title='bbox 1497 2849 1527 2899; x_wconf 91' lang='lat' dir='ltr'><strong>et</strong></span> 
     </span>
     <span class='ocr_line' id='line_1_29' title="bbox 175 2929 1525 3009; baseline -0.004 -18"><span class='ocrx_word' id='word_1_286' title='bbox 175 2935 290 3009; x_wconf 87' lang='lat' dir='ltr'><strong>species</strong></span> <span class='ocrx_word' id='word_1_287' title='bbox 314 2935 442 3007; x_wconf 83' lang='lat' dir='ltr'><strong>corporis</strong></span> <span class='ocrx_word' id='word_1_288' title='bbox 466 2931 577 2991; x_wconf 81' lang='lat' dir='ltr'><strong>Sciatis</strong></span> <span class='ocrx_word' id='word_1_289' title='bbox 601 2936 738 3003; x_wconf 85' lang='lat' dir='ltr'><strong>exterius,</strong></span> <span class='ocrx_word' id='word_1_290' title='bbox 762 2942 886 3008; x_wconf 85' lang='lat' dir='ltr'><strong>utraque</strong></span> <span class='ocrx_word' id='word_1_291' title='bbox 910 2931 989 2991; x_wconf 90' lang='lat' dir='ltr'><strong>iliam</strong></span> <span class='ocrx_word' id='word_1_292' title='bbox 1013 2949 1143 2991; x_wconf 88' lang='lat' dir='ltr'><strong>movens.</strong></span> <span class='ocrx_word' id='word_1_293' title='bbox 1188 2929 1275 3006; x_wconf 82' lang='lat' dir='ltr'><strong>Quod</strong></span> <span class='ocrx_word' id='word_1_294' title='bbox 1297 2930 1395 2988; x_wconf 89' lang='lat' dir='ltr'><strong>iumen</strong></span> <span class='ocrx_word' id='word_1_295' title='bbox 1418 2929 1525 2988; x_wconf 84' lang='lat' dir='ltr'><strong>Terrae</strong></span> 
     </span>
     <span class='ocr_line' id='line_1_30' title="bbox 173 3016 1524 3095; baseline -0.004 -17"><span class='ocrx_word' id='word_1_296' title='bbox 173 3021 273 3079; x_wconf 91' lang='lat' dir='ltr'><strong>tribuo</strong></span> <span class='ocrx_word' id='word_1_297' title='bbox 297 3022 494 3078; x_wconf 90' lang='lat' dir='ltr'><strong>mutuatitinm</strong></span> <span class='ocrx_word' id='word_1_298' title='bbox 523 3037 559 3078; x_wconf 83' lang='lat' dir='ltr'><strong>ex</strong></span> <span class='ocrx_word' id='word_1_299' title='bbox 581 3019 665 3091; x_wconf 87' lang='lat' dir='ltr'><strong>Sole,</strong></span> <span class='ocrx_word' id='word_1_300' title='bbox 697 3020 727 3078; x_wconf 90' lang='lat' dir='ltr'><strong>id</strong></span> <span class='ocrx_word' id='word_1_301' title='bbox 750 3037 808 3078; x_wconf 90' lang='lat' dir='ltr'><strong>non</strong></span> <span class='ocrx_word' id='word_1_302' title='bbox 837 3019 895 3079; x_wconf 88' lang='lat' dir='ltr'><strong>aiia</strong></span> <span class='ocrx_word' id='word_1_303' title='bbox 918 3023 964 3079; x_wconf 84' lang='lat' dir='ltr'><strong>vis</strong></span> <span class='ocrx_word' id='word_1_304' title='bbox 987 3028 1044 3093; x_wconf 90' lang='lat' dir='ltr'><strong>est,</strong></span> <span class='ocrx_word' id='word_1_305' title='bbox 1078 3022 1213 3095; x_wconf 89' lang='lat' dir='ltr'><strong>quamsi</strong></span> <span class='ocrx_word' id='word_1_306' title='bbox 1236 3018 1346 3076; x_wconf 90' lang='lat' dir='ltr'><strong>homini</strong></span> <span class='ocrx_word' id='word_1_307' title='bbox 1371 3016 1524 3076; x_wconf 88' lang='lat' dir='ltr'><strong>dormienti</strong></span> 
     </span>
     <span class='ocr_line' id='line_1_31' title="bbox 174 3104 1525 3183; baseline -0.005 -17"><span class='ocrx_word' id='word_1_308' title='bbox 174 3110 241 3182; x_wconf 89' lang='lat' dir='ltr'><strong>quis</strong></span> <span class='ocrx_word' id='word_1_309' title='bbox 265 3107 421 3183; x_wconf 84' lang='lat' dir='ltr'><strong>palpebras</strong></span> <span class='ocrx_word' id='word_1_310' title='bbox 445 3110 576 3183; x_wconf 88' lang='lat' dir='ltr'><strong>pervim</strong></span> <span class='ocrx_word' id='word_1_311' title='bbox 601 3106 733 3179; x_wconf 89' lang='lat' dir='ltr'><strong>divellat,</strong></span> <span class='ocrx_word' id='word_1_312' title='bbox 757 3116 790 3167; x_wconf 90' lang='lat' dir='ltr'><strong>ut</strong></span> <span class='ocrx_word' id='word_1_313' title='bbox 813 3106 943 3166; x_wconf 90' lang='lat' dir='ltr'><strong>Solem</strong></span> <span class='ocrx_word' id='word_1_314' title='bbox 932 3125 994 3183; x_wconf 84' lang='lat' dir='ltr'><strong>Jam</strong></span> <span class='ocrx_word' id='word_1_315' title='bbox 1018 3114 1113 3165; x_wconf 89' lang='lat' dir='ltr'><strong>ortum</strong></span> <span class='ocrx_word' id='word_1_316' title='bbox 1142 3105 1331 3180; x_wconf 87' lang='lat' dir='ltr'><strong>lucentesque</strong></span> <span class='ocrx_word' id='word_1_317' title='bbox 1354 3122 1391 3162; x_wconf 83' lang='lat' dir='ltr'><strong>ex</strong></span> <span class='ocrx_word' id='word_1_318' title='bbox 1414 3104 1525 3162; x_wconf 92' lang='lat' dir='ltr'><strong>iiiumi-</strong></span> 
     </span>
     <span class='ocr_line' id='line_1_32' title="bbox 173 3192 1525 3283; baseline -0.002 -32"><span class='ocrx_word' id='word_1_319' title='bbox 173 3197 293 3254; x_wconf 80' lang='lat' dir='ltr'><strong>trahone</strong></span> <span class='ocrx_word' id='word_1_320' title='bbox 315 3192 392 3252; x_wconf 82' lang='lat' dir='ltr'><strong>Soiis</strong></span> <span class='ocrx_word' id='word_1_321' title='bbox 421 3203 535 3252; x_wconf 89' lang='lat' dir='ltr'><strong>montes</strong></span> <span class='ocrx_word' id='word_1_322' title='bbox 557 3197 727 3283; x_wconf 89' lang='lat' dir='ltr'><strong>conspiciat.</strong></span> <span class='ocrx_word' id='word_1_323' title='bbox 772 3194 804 3254; x_wconf 88' lang='lat' dir='ltr'><strong>Si</strong></span> <span class='ocrx_word' id='word_1_324' title='bbox 828 3197 873 3252; x_wconf 87' lang='lat' dir='ltr'><strong>vis</strong></span> <span class='ocrx_word' id='word_1_325' title='bbox 904 3203 948 3253; x_wconf 89' lang='lat' dir='ltr'><strong>est</strong></span> <span class='ocrx_word' id='word_1_326' title='bbox 974 3193 1113 3266; x_wconf 88' lang='lat' dir='ltr'><strong>dicanda,</strong></span> <span class='ocrx_word' id='word_1_327' title='bbox 1143 3210 1222 3268; x_wconf 85' lang='lat' dir='ltr'><strong>qaue</strong></span> <span class='ocrx_word' id='word_1_328' title='bbox 1253 3198 1439 3267; x_wconf 83' lang='lat' dir='ltr'><strong>tempestates</strong></span> <span class='ocrx_word' id='word_1_329' title='bbox 1461 3195 1525 3264; x_wconf 82' lang='lat' dir='ltr'><strong>ciet,</strong></span> 
     </span>
     <span class='ocr_line' id='line_1_33' title="bbox 174 3280 1527 3357; baseline -0.001 -19"><span class='ocrx_word' id='word_1_330' title='bbox 174 3286 241 3340; x_wconf 73' lang='lat' dir='ltr'><strong>neti</strong></span> <span class='ocrx_word' id='word_1_331' title='bbox 265 3290 292 3339; x_wconf 85' lang='grc' dir='ltr'><strong>ιι</strong></span> <span class='ocrx_word' id='word_1_332' title='bbox 315 3284 403 3355; x_wconf 81' lang='lat' dir='ltr'><strong>aquis</strong></span> <span class='ocrx_word' id='word_1_333' title='bbox 425 3285 571 3356; x_wconf 82' lang='lat' dir='ltr'><strong>imperat,</strong></span> <span class='ocrx_word' id='word_1_334' title='bbox 602 3300 637 3340; x_wconf 92' lang='lat' dir='ltr'><strong>ea</strong></span> <span class='ocrx_word' id='word_1_335' title='bbox 660 3292 740 3340; x_wconf 89' lang='lat' dir='ltr'><strong>tauto</strong></span> <span class='ocrx_word' id='word_1_336' title='bbox 764 3281 858 3357; x_wconf 89' lang='lat' dir='ltr'><strong>major</strong></span> <span class='ocrx_word' id='word_1_337' title='bbox 881 3291 926 3340; x_wconf 89' lang='lat' dir='ltr'><strong>est</strong></span> <span class='ocrx_word' id='word_1_338' title='bbox 948 3300 984 3340; x_wconf 84' lang='lat' dir='ltr'><strong>ex</strong></span> <span class='ocrx_word' id='word_1_339' title='bbox 1006 3287 1072 3353; x_wconf 90' lang='lat' dir='ltr'><strong>tua,</strong></span> <span class='ocrx_word' id='word_1_340' title='bbox 1104 3298 1192 3355; x_wconf 89' lang='lat' dir='ltr'><strong>qnam</strong></span> <span class='ocrx_word' id='word_1_341' title='bbox 1223 3297 1259 3337; x_wconf 85' lang='lat' dir='ltr'><strong>err</strong></span> <span class='ocrx_word' id='word_1_342' title='bbox 1281 3298 1346 3338; x_wconf 89' lang='lat' dir='ltr'><strong>mea</strong></span> <span class='ocrx_word' id='word_1_343' title='bbox 1370 3280 1527 3356; x_wconf 85' lang='lat' dir='ltr'><strong>sententia,</strong></span> 
     </span>
     <span class='ocr_line' id='line_1_34' title="bbox 173 3366 1526 3444; baseline -0.003 -18"><span class='ocrx_word' id='word_1_344' title='bbox 173 3379 286 3444; x_wconf 91' lang='lat' dir='ltr'><strong>quanto</strong></span> <span class='ocrx_word' id='word_1_345' title='bbox 310 3368 404 3443; x_wconf 79' lang='lat' dir='ltr'><strong>maJor</strong></span> <span class='ocrx_word' id='word_1_346' title='bbox 429 3371 472 3425; x_wconf 86' lang='lat' dir='ltr'><strong>vis</strong></span> <span class='ocrx_word' id='word_1_347' title='bbox 496 3376 555 3439; x_wconf 92' lang='lat' dir='ltr'><strong>est,</strong></span> <span class='ocrx_word' id='word_1_348' title='bbox 590 3371 614 3427; x_wconf 92' lang='lat' dir='ltr'><strong>si</strong></span> <span class='ocrx_word' id='word_1_349' title='bbox 638 3368 809 3440; x_wconf 87' lang='lat' dir='ltr'><strong>Germania,</strong></span> <span class='ocrx_word' id='word_1_350' title='bbox 833 3371 858 3426; x_wconf 85' lang='lat' dir='ltr'><strong>si</strong></span> <span class='ocrx_word' id='word_1_351' title='bbox 881 3369 1034 3426; x_wconf 86' lang='lat' dir='ltr'><strong>Britannia</strong></span> <span class='ocrx_word' id='word_1_352' title='bbox 1057 3376 1220 3426; x_wconf 81' lang='lat' dir='ltr'><strong>exterorum</strong></span> <span class='ocrx_word' id='word_1_353' title='bbox 1244 3367 1414 3443; x_wconf 88' lang='lat' dir='ltr'><strong>tyrannide,</strong></span> <span class='ocrx_word' id='word_1_354' title='bbox 1446 3366 1526 3442; x_wconf 88' lang='lat' dir='ltr'><strong>quod</strong></span> 
     </span>
     <span class='ocr_line' id='line_1_35' title="bbox 175 3452 1526 3531; baseline -0.004 -16"><span class='ocrx_word' id='word_1_355' title='bbox 175 3457 264 3527; x_wconf 90' lang='lat' dir='ltr'><strong>absit,</strong></span> <span class='ocrx_word' id='word_1_356' title='bbox 289 3459 476 3531; x_wconf 86' lang='lat' dir='ltr'><strong>opprimatur,</strong></span> <span class='ocrx_word' id='word_1_357' title='bbox 502 3474 588 3529; x_wconf 88' lang='lat' dir='ltr'><strong>quarn</strong></span> <span class='ocrx_word' id='word_1_358' title='bbox 613 3457 637 3514; x_wconf 93' lang='lat' dir='ltr'><strong>si</strong></span> <span class='ocrx_word' id='word_1_359' title='bbox 662 3457 811 3531; x_wconf 90' lang='lat' dir='ltr'><strong>quaelibet</strong></span> <span class='ocrx_word' id='word_1_360' title='bbox 832 3457 987 3531; x_wconf 88' lang='lat' dir='ltr'><strong>provincia</strong></span> <span class='ocrx_word' id='word_1_361' title='bbox 1010 3454 1163 3530; x_wconf 74' lang='lat' dir='ltr'><strong>indigenae</strong></span> <span class='ocrx_word' id='word_1_362' title='bbox 1187 3455 1326 3529; x_wconf 86' lang='lat' dir='ltr'><strong>antiquae</strong></span> <span class='ocrx_word' id='word_1_363' title='bbox 1349 3455 1446 3529; x_wconf 88' lang='lat' dir='ltr'><strong>stirpis</strong></span> <span class='ocrx_word' id='word_1_364' title='bbox 1468 3452 1526 3521; x_wconf 83' lang='lat' dir='ltr'><strong>do·</strong></span> 
     </span>
     <span class='ocr_line' id='line_1_36' title="bbox 175 3540 1526 3618; baseline -0.002 -17"><span class='ocrx_word' id='word_1_365' title='bbox 175 3545 290 3602; x_wconf 88' lang='lat' dir='ltr'><strong>minata</strong></span> <span class='ocrx_word' id='word_1_366' title='bbox 313 3552 454 3602; x_wconf 89' lang='lat' dir='ltr'><strong>teneatur.</strong></span> <span class='ocrx_word' id='word_1_367' title='bbox 500 3543 602 3618; x_wconf 90' lang='lat' dir='ltr'><strong>Neque</strong></span> <span class='ocrx_word' id='word_1_368' title='bbox 626 3552 723 3603; x_wconf 91' lang='lat' dir='ltr'><strong>tamen</strong></span> <span class='ocrx_word' id='word_1_369' title='bbox 754 3543 826 3602; x_wconf 92' lang='lat' dir='ltr'><strong>mihi</strong></span> <span class='ocrx_word' id='word_1_370' title='bbox 848 3546 947 3601; x_wconf 87' lang='lat' dir='ltr'><strong>anima</strong></span> <span class='ocrx_word' id='word_1_371' title='bbox 969 3542 1077 3602; x_wconf 81' lang='lat' dir='ltr'><strong>Terrae</strong></span> <span class='ocrx_word' id='word_1_372' title='bbox 1105 3546 1163 3602; x_wconf 89' lang='lat' dir='ltr'><strong>ciet</strong></span> <span class='ocrx_word' id='word_1_373' title='bbox 1185 3542 1334 3615; x_wconf 73' lang='lat' dir='ltr'><strong>actiterca,</strong></span> <span class='ocrx_word' id='word_1_374' title='bbox 1363 3540 1526 3599; x_wconf 85' lang='lat' dir='ltr'><strong>auctarium</strong></span> 
     </span>
     <span class='ocr_line' id='line_1_37' title="bbox 174 3619 553 3709; baseline -0.003 -19"><span class='ocrx_word' id='word_1_375' title='bbox 174 3632 232 3690; x_wconf 94' lang='lat' dir='ltr'><strong>hoc</strong></span> <span class='ocrx_word' id='word_1_376' title='bbox 256 3640 336 3709; x_wconf 88' lang='lat' dir='ltr'><strong>tunm</strong></span> <span class='ocrx_word' id='word_1_377' title='bbox 360 3631 412 3688; x_wconf 89' lang='lat' dir='ltr'><strong>tibi</strong></span> <span class='ocrx_word' id='word_1_378' title='bbox 436 3619 553 3690; x_wconf 84' lang='lat' dir='ltr'><strong>habeto.</strong></span> 
     </span>
    </p>

    <p class='ocr_par' dir='ltr' id='par_1_5' title="bbox 173 3715 1525 4054">
     <span class='ocr_line' id='line_1_38' title="bbox 263 3715 1524 3789; baseline -0.003 -13"><span class='ocrx_word' id='word_1_379' title='bbox 263 3716 340 3777; x_wconf 88' lang='lat' dir='ltr'><strong>Soiis</strong></span> <span class='ocrx_word' id='word_1_380' title='bbox 373 3725 469 3775; x_wconf 87' lang='lat' dir='ltr'><strong>motus</strong></span> <span class='ocrx_word' id='word_1_381' title='bbox 500 3735 585 3788; x_wconf 83' lang='lat' dir='ltr'><strong>ame</strong></span> <span class='ocrx_word' id='word_1_382' title='bbox 616 3716 698 3775; x_wconf 89' lang='lat' dir='ltr'><strong>nulia</strong></span> <span class='ocrx_word' id='word_1_383' title='bbox 721 3720 750 3774; x_wconf 83' lang='lat' dir='ltr'><strong>ri</strong></span> <span class='ocrx_word' id='word_1_384' title='bbox 773 3717 962 3789; x_wconf 86' lang='lat' dir='ltr'><strong>cohibentur,</strong></span> <span class='ocrx_word' id='word_1_385' title='bbox 993 3715 1089 3775; x_wconf 89' lang='lat' dir='ltr'><strong>nullos</strong></span> <span class='ocrx_word' id='word_1_386' title='bbox 1119 3717 1196 3776; x_wconf 90' lang='lat' dir='ltr'><strong>enim</strong></span> <span class='ocrx_word' id='word_1_387' title='bbox 1224 3734 1288 3775; x_wconf 89' lang='lat' dir='ltr'><strong>esse</strong></span> <span class='ocrx_word' id='word_1_388' title='bbox 1315 3723 1412 3776; x_wconf 91' lang='lat' dir='ltr'><strong>motus</strong></span> <span class='ocrx_word' id='word_1_389' title='bbox 1435 3717 1524 3776; x_wconf 90' lang='lat' dir='ltr'><strong>centri</strong></span> 
     </span>
     <span class='ocr_line' id='line_1_39' title="bbox 173 3798 1525 3883; baseline -0.001 -20"><span class='ocrx_word' id='word_1_390' title='bbox 173 3805 277 3864; x_wconf 90' lang='lat' dir='ltr'><strong>doceo.</strong></span> <span class='ocrx_word' id='word_1_391' title='bbox 322 3802 362 3863; x_wconf 91' lang='lat' dir='ltr'><strong>Ut</strong></span> <span class='ocrx_word' id='word_1_392' title='bbox 384 3814 480 3863; x_wconf 79' lang='lat' dir='ltr'><strong>mmen</strong></span> <span class='ocrx_word' id='word_1_393' title='bbox 503 3806 529 3863; x_wconf 95' lang='lat' dir='ltr'><strong>is</strong></span> <span class='ocrx_word' id='word_1_394' title='bbox 552 3822 603 3880; x_wconf 87' lang='lat' dir='ltr'><strong>per</strong></span> <span class='ocrx_word' id='word_1_395' title='bbox 625 3807 753 3880; x_wconf 89' lang='lat' dir='ltr'><strong>speciem</strong></span> <span class='ocrx_word' id='word_1_396' title='bbox 776 3822 924 3879; x_wconf 88' lang='lat' dir='ltr'><strong>egressam</strong></span> <span class='ocrx_word' id='word_1_397' title='bbox 956 3807 1049 3864; x_wconf 87' lang='lat' dir='ltr'><strong>etsie</strong></span> <span class='ocrx_word' id='word_1_398' title='bbox 1072 3821 1150 3863; x_wconf 88' lang='lat' dir='ltr'><strong>mero</strong></span> <span class='ocrx_word' id='word_1_399' title='bbox 1174 3813 1246 3863; x_wconf 90' lang='lat' dir='ltr'><strong>nutu</strong></span> <span class='ocrx_word' id='word_1_400' title='bbox 1273 3798 1357 3883; x_wconf 88' lang='lat' dir='ltr'><strong>(ecee</strong></span> <span class='ocrx_word' id='word_1_401' title='bbox 1381 3804 1525 3880; x_wconf 89' lang='lat' dir='ltr'><strong>tranquil-</strong></span> 
     </span>
     <span class='ocr_line' id='line_1_40' title="bbox 174 3887 1523 3972; baseline 0 -23"><span class='ocrx_word' id='word_1_402' title='bbox 174 3887 308 3972; x_wconf 79' lang='lat' dir='ltr'><strong>litatem)</strong></span> <span class='ocrx_word' id='word_1_403' title='bbox 328 3892 461 3968; x_wconf 88' lang='lat' dir='ltr'><strong>pianetas</strong></span> <span class='ocrx_word' id='word_1_404' title='bbox 490 3909 608 3951; x_wconf 88' lang='lat' dir='ltr'><strong>movere</strong></span> <span class='ocrx_word' id='word_1_405' title='bbox 637 3894 746 3967; x_wconf 84' lang='lat' dir='ltr'><strong>possit,</strong></span> <span class='ocrx_word' id='word_1_406' title='bbox 778 3891 960 3951; x_wconf 83' lang='lat' dir='ltr'><strong>volutionem</strong></span> <span class='ocrx_word' id='word_1_407' title='bbox 990 3890 1032 3949; x_wconf 89' lang='lat' dir='ltr'><strong>iili</strong></span> <span class='ocrx_word' id='word_1_408' title='bbox 1064 3894 1192 3967; x_wconf 89' lang='lat' dir='ltr'><strong>corporis</strong></span> <span class='ocrx_word' id='word_1_409' title='bbox 1219 3892 1296 3950; x_wconf 88' lang='lat' dir='ltr'><strong>circa</strong></span> <span class='ocrx_word' id='word_1_410' title='bbox 1317 3907 1402 3947; x_wconf 79' lang='lat' dir='ltr'><strong>stram</strong></span> <span class='ocrx_word' id='word_1_411' title='bbox 1430 3908 1523 3963; x_wconf 82' lang='lat' dir='ltr'><strong>arem,</strong></span> 
     </span>
     <span class='ocr_line' id='line_1_41' title="bbox 178 3979 690 4054; baseline -0.006 -16"><span class='ocrx_word' id='word_1_412' title='bbox 178 3986 339 4039; x_wconf 88' lang='lat' dir='ltr'><strong>attestante</strong></span> <span class='ocrx_word' id='word_1_413' title='bbox 361 3997 448 4039; x_wconf 89' lang='lat' dir='ltr'><strong>sensu</strong></span> <span class='ocrx_word' id='word_1_414' title='bbox 471 3981 550 4054; x_wconf 87' lang='lat' dir='ltr'><strong>ipso,</strong></span> <span class='ocrx_word' id='word_1_415' title='bbox 574 3979 690 4053; x_wconf 86' lang='lat' dir='ltr'><strong>largior.</strong></span> 
     </span>
    </p>

    <p class='ocr_par' dir='ltr' id='par_1_6' title="bbox 174 4065 1588 4581">
     <span class='ocr_line' id='line_1_42' title="bbox 269 4065 1525 4143; baseline 0 -20"><span class='ocrx_word' id='word_1_416' title='bbox 269 4065 324 4124; x_wconf 81' lang='lat' dir='ltr'><strong>Ad</strong></span> <span class='ocrx_word' id='word_1_417' title='bbox 347 4067 527 4143; x_wconf 77' lang='lat' dir='ltr'><strong>AnaIysin</strong></span> <span class='ocrx_word' id='word_1_418' title='bbox 549 4066 635 4125; x_wconf 89' lang='lat' dir='ltr'><strong>XVI.</strong></span> <span class='ocrx_word' id='word_1_419' title='bbox 689 4066 831 4142; x_wconf 82' lang='lat' dir='ltr'><strong>anpiam</strong></span> <span class='ocrx_word' id='word_1_420' title='bbox 863 4067 969 4125; x_wconf 91' lang='lat' dir='ltr'><strong>ciarius</strong></span> <span class='ocrx_word' id='word_1_421' title='bbox 999 4073 1137 4143; x_wconf 88' lang='lat' dir='ltr'><strong>apparet,</strong></span> <span class='ocrx_word' id='word_1_422' title='bbox 1170 4073 1217 4123; x_wconf 85' lang='lat' dir='ltr'><strong>rire</strong></span> <span class='ocrx_word' id='word_1_423' title='bbox 1249 4067 1278 4122; x_wconf 90' lang='lat' dir='ltr'><strong>in</strong></span> <span class='ocrx_word' id='word_1_424' title='bbox 1309 4066 1525 4140; x_wconf 88' lang='lat' dir='ltr'><strong>comparatione</strong></span> 
     </span>
     <span class='ocr_line' id='line_1_43' title="bbox 176 4153 1526 4230; baseline -0.001 -18"><span class='ocrx_word' id='word_1_425' title='bbox 176 4156 289 4214; x_wconf 84' lang='lat' dir='ltr'><strong>versari</strong></span> <span class='ocrx_word' id='word_1_426' title='bbox 311 4163 475 4213; x_wconf 79' lang='lat' dir='ltr'><strong>noshorum</strong></span> <span class='ocrx_word' id='word_1_427' title='bbox 500 4172 637 4230; x_wconf 88' lang='lat' dir='ltr'><strong>operum,</strong></span> <span class='ocrx_word' id='word_1_428' title='bbox 670 4171 726 4211; x_wconf 90' lang='lat' dir='ltr'><strong>non</strong></span> <span class='ocrx_word' id='word_1_429' title='bbox 750 4156 779 4210; x_wconf 90' lang='lat' dir='ltr'><strong>in</strong></span> <span class='ocrx_word' id='word_1_430' title='bbox 805 4155 1029 4226; x_wconf 89' lang='lat' dir='ltr'><strong>obtrectatione,</strong></span> <span class='ocrx_word' id='word_1_431' title='bbox 1053 4170 1141 4229; x_wconf 88' lang='lat' dir='ltr'><strong>quam</strong></span> <span class='ocrx_word' id='word_1_432' title='bbox 1164 4153 1229 4225; x_wconf 85' lang='lat' dir='ltr'><strong>hio,</strong></span> <span class='ocrx_word' id='word_1_433' title='bbox 1257 4155 1305 4210; x_wconf 91' lang='lat' dir='ltr'><strong>uhi</strong></span> <span class='ocrx_word' id='word_1_434' title='bbox 1330 4171 1390 4228; x_wconf 79' lang='lat' dir='ltr'><strong>ego</strong></span> <span class='ocrx_word' id='word_1_435' title='bbox 1408 4153 1526 4227; x_wconf 89' lang='lat' dir='ltr'><strong>subjec-</strong></span> 
     </span>
     <span class='ocr_line' id='line_1_44' title="bbox 174 4240 1525 4316; baseline -0.002 -17"><span class='ocrx_word' id='word_1_436' title='bbox 174 4250 237 4300; x_wconf 89' lang='lat' dir='ltr'><strong>tum</strong></span> <span class='ocrx_word' id='word_1_437' title='bbox 260 4258 342 4300; x_wconf 89' lang='lat' dir='ltr'><strong>meae</strong></span> <span class='ocrx_word' id='word_1_438' title='bbox 364 4241 546 4301; x_wconf 79' lang='lat' dir='ltr'><strong>harmonicas</strong></span> <span class='ocrx_word' id='word_1_439' title='bbox 570 4244 598 4299; x_wconf 91' lang='lat' dir='ltr'><strong>in</strong></span> <span class='ocrx_word' id='word_1_440' title='bbox 622 4250 777 4315; x_wconf 88' lang='lat' dir='ltr'><strong>angustum</strong></span> <span class='ocrx_word' id='word_1_441' title='bbox 801 4241 951 4313; x_wconf 84' lang='lat' dir='ltr'><strong>contraho,</strong></span> <span class='ocrx_word' id='word_1_442' title='bbox 975 4242 1053 4316; x_wconf 91' lang='lat' dir='ltr'><strong>quod</strong></span> <span class='ocrx_word' id='word_1_443' title='bbox 1073 4248 1250 4299; x_wconf 87' lang='lat' dir='ltr'><strong>contemtum</strong></span> <span class='ocrx_word' id='word_1_444' title='bbox 1273 4240 1342 4316; x_wconf 90' lang='lat' dir='ltr'><strong>quid</strong></span> <span class='ocrx_word' id='word_1_445' title='bbox 1366 4251 1418 4311; x_wconf 86' lang='lat' dir='ltr'><strong>cst,</strong></span> <span class='ocrx_word' id='word_1_446' title='bbox 1443 4249 1525 4297; x_wconf 90' lang='lat' dir='ltr'><strong>tuum</strong></span> 
     </span>
     <span class='ocr_line' id='line_1_45' title="bbox 174 4325 1588 4407; baseline -0.004 -20"><span class='ocrx_word' id='word_1_447' title='bbox 174 4346 260 4400; x_wconf 84' lang='lat' dir='ltr'><strong>vero,</strong></span> <span class='ocrx_word' id='word_1_448' title='bbox 292 4327 437 4407; x_wconf 88' lang='lat' dir='ltr'><strong>Roberte,</strong></span> <span class='ocrx_word' id='word_1_449' title='bbox 467 4330 585 4404; x_wconf 89' lang='lat' dir='ltr'><strong>amplio.</strong></span> <span class='ocrx_word' id='word_1_450' title='bbox 632 4327 796 4403; x_wconf 71' lang='lat' dir='ltr'><strong>Quid-uon</strong></span> <span class='ocrx_word' id='word_1_451' title='bbox 825 4329 925 4387; x_wconf 89' lang='lat' dir='ltr'><strong>turbat</strong></span> <span class='ocrx_word' id='word_1_452' title='bbox 953 4328 1017 4387; x_wconf 83' lang='lat' dir='ltr'><strong>ira&#39;?</strong></span> <span class='ocrx_word' id='word_1_453' title='bbox 1061 4327 1105 4386; x_wconf 92' lang='lat' dir='ltr'><strong>Ne</strong></span> <span class='ocrx_word' id='word_1_454' title='bbox 1136 4325 1193 4386; x_wconf 91' lang='lat' dir='ltr'><strong>hoc</strong></span> <span class='ocrx_word' id='word_1_455' title='bbox 1215 4328 1332 4403; x_wconf 89' lang='lat' dir='ltr'><strong>qnidam</strong></span> <span class='ocrx_word' id='word_1_456' title='bbox 1356 4329 1524 4402; x_wconf 88' lang='lat' dir='ltr'><strong>concoquis,</strong></span> <span class='ocrx_word' id='word_1_457' title='bbox 1583 4344 1588 4365; x_wconf 59' lang='grc' dir='ltr'><strong>ι</strong></span> 
     </span>
     <span class='ocr_line' id='line_1_46' title="bbox 175 4413 1526 4493; baseline -0.002 -19"><span class='ocrx_word' id='word_1_458' title='bbox 175 4418 293 4493; x_wconf 89' lang='lat' dir='ltr'><strong>qnaeris</strong></span> <span class='ocrx_word' id='word_1_459' title='bbox 316 4415 519 4491; x_wconf 78' lang='lat' dir='ltr'><strong>qnodmutuo</strong></span> <span class='ocrx_word' id='word_1_460' title='bbox 543 4433 681 4492; x_wconf 86' lang='lat' dir='ltr'><strong>reponas,</strong></span> <span class='ocrx_word' id='word_1_461' title='bbox 715 4417 819 4492; x_wconf 86' lang='lat' dir='ltr'><strong>objicis</strong></span> <span class='ocrx_word' id='word_1_462' title='bbox 842 4417 1016 4476; x_wconf 85' lang='lat' dir='ltr'><strong>contrariam</strong></span> <span class='ocrx_word' id='word_1_463' title='bbox 1040 4413 1276 4490; x_wconf 85' lang='lat' dir='ltr'><strong>amplitudinem,</strong></span> <span class='ocrx_word' id='word_1_464' title='bbox 1300 4415 1526 4490; x_wconf 85' lang='lat' dir='ltr'><strong>exprobraturus</strong></span> 
     </span>
     <span class='ocr_line' id='line_1_47' title="bbox 176 4501 1525 4581; baseline -0.002 -19"><span class='ocrx_word' id='word_1_465' title='bbox 176 4505 279 4580; x_wconf 88' lang='lat' dir='ltr'><strong>utique</strong></span> <span class='ocrx_word' id='word_1_466' title='bbox 303 4505 462 4562; x_wconf 87' lang='lat' dir='ltr'><strong>contrarias</strong></span> <span class='ocrx_word' id='word_1_467' title='bbox 485 4507 645 4579; x_wconf 87' lang='lat' dir='ltr'><strong>angustias,</strong></span> <span class='ocrx_word' id='word_1_468' title='bbox 669 4506 693 4561; x_wconf 89' lang='lat' dir='ltr'><strong>si</strong></span> <span class='ocrx_word' id='word_1_469' title='bbox 717 4507 845 4581; x_wconf 87' lang='lat' dir='ltr'><strong>spatium</strong></span> <span class='ocrx_word' id='word_1_470' title='bbox 862 4520 917 4577; x_wconf 90' lang='lat' dir='ltr'><strong>ego</strong></span> <span class='ocrx_word' id='word_1_471' title='bbox 940 4503 1035 4577; x_wconf 90' lang='lat' dir='ltr'><strong>majus</strong></span> <span class='ocrx_word' id='word_1_472' title='bbox 1050 4501 1226 4560; x_wconf 85' lang='lat' dir='ltr'><strong>harmonicis</strong></span> <span class='ocrx_word' id='word_1_473' title='bbox 1241 4505 1313 4561; x_wconf 90' lang='lat' dir='ltr'><strong>meis</strong></span> <span class='ocrx_word' id='word_1_474' title='bbox 1334 4518 1525 4576; x_wconf 86' lang='lat' dir='ltr'><strong>arrogassem.</strong></span> 
     </span>
    </p>

    <p class='ocr_par' dir='ltr' id='par_1_7' title="bbox 174 4588 1527 4841">
     <span class='ocr_line' id='line_1_48' title="bbox 264 4588 1527 4669; baseline -0.002 -20"><span class='ocrx_word' id='word_1_475' title='bbox 264 4591 415 4662; x_wconf 86' lang='lat' dir='ltr'><strong>Causaris,</strong></span> <span class='ocrx_word' id='word_1_476' title='bbox 448 4609 495 4650; x_wconf 89' lang='lat' dir='ltr'><strong>rnc</strong></span> <span class='ocrx_word' id='word_1_477' title='bbox 518 4590 653 4651; x_wconf 89' lang='lat' dir='ltr'><strong>coelestis</strong></span> <span class='ocrx_word' id='word_1_478' title='bbox 676 4591 845 4669; x_wconf 88' lang='lat' dir='ltr'><strong>harmoniae</strong></span> <span class='ocrx_word' id='word_1_479' title='bbox 869 4590 1043 4650; x_wconf 89' lang='lat' dir='ltr'><strong>descensum</strong></span> <span class='ocrx_word' id='word_1_480' title='bbox 1064 4588 1102 4646; x_wconf 86' lang='lat' dir='ltr'><strong>ad</strong></span> <span class='ocrx_word' id='word_1_481' title='bbox 1125 4605 1178 4646; x_wconf 87' lang='lat' dir='ltr'><strong>nos</strong></span> <span class='ocrx_word' id='word_1_482' title='bbox 1209 4589 1287 4649; x_wconf 91' lang='lat' dir='ltr'><strong>nolle</strong></span> <span class='ocrx_word' id='word_1_483' title='bbox 1309 4590 1452 4664; x_wconf 90' lang='lat' dir='ltr'><strong>respicere</strong></span> <span class='ocrx_word' id='word_1_484' title='bbox 1475 4596 1527 4647; x_wconf 87' lang='lat' dir='ltr'><strong>aut</strong></span> 
     </span>
     <span class='ocr_line' id='line_1_49' title="bbox 174 4675 1524 4755; baseline -0.002 -18"><span class='ocrx_word' id='word_1_485' title='bbox 174 4676 336 4738; x_wconf 66' lang='lat' dir='ltr'><strong>estendere.</strong></span> <span class='ocrx_word' id='word_1_486' title='bbox 383 4676 459 4753; x_wconf 87' lang='lat' dir='ltr'><strong>Quid</strong></span> <span class='ocrx_word' id='word_1_487' title='bbox 483 4678 577 4750; x_wconf 89' lang='lat' dir='ltr'><strong>dicas,</strong></span> <span class='ocrx_word' id='word_1_488' title='bbox 610 4695 667 4737; x_wconf 92' lang='lat' dir='ltr'><strong>non</strong></span> <span class='ocrx_word' id='word_1_489' title='bbox 692 4681 792 4755; x_wconf 88' lang='lat' dir='ltr'><strong>capio;</strong></span> <span class='ocrx_word' id='word_1_490' title='bbox 822 4696 880 4738; x_wconf 91' lang='lat' dir='ltr'><strong>non</strong></span> <span class='ocrx_word' id='word_1_491' title='bbox 906 4696 970 4737; x_wconf 88' lang='lat' dir='ltr'><strong>sum</strong></span> <span class='ocrx_word' id='word_1_492' title='bbox 1000 4679 1077 4736; x_wconf 87' lang='lat' dir='ltr'><strong>enim</strong></span> <span class='ocrx_word' id='word_1_493' title='bbox 1109 4676 1185 4735; x_wconf 88' lang='lat' dir='ltr'><strong>tilius</strong></span> <span class='ocrx_word' id='word_1_494' title='bbox 1213 4678 1375 4753; x_wconf 90' lang='lat' dir='ltr'><strong>sapientiae</strong></span> <span class='ocrx_word' id='word_1_495' title='bbox 1398 4675 1524 4736; x_wconf 88' lang='lat' dir='ltr'><strong>Herme-</strong></span> 
     </span>
     <span class='ocr_line' id='line_1_50' title="bbox 176 4762 1526 4841; baseline -0.001 -18"><span class='ocrx_word' id='word_1_496' title='bbox 176 4766 261 4835; x_wconf 87' lang='lat' dir='ltr'><strong>tioae,</strong></span> <span class='ocrx_word' id='word_1_497' title='bbox 285 4782 340 4824; x_wconf 89' lang='lat' dir='ltr'><strong>nec</strong></span> <span class='ocrx_word' id='word_1_498' title='bbox 363 4768 481 4825; x_wconf 88' lang='lat' dir='ltr'><strong>assuevi</strong></span> <span class='ocrx_word' id='word_1_499' title='bbox 503 4766 698 4825; x_wconf 89' lang='lat' dir='ltr'><strong>locutionibus</strong></span> <span class='ocrx_word' id='word_1_500' title='bbox 721 4766 932 4841; x_wconf 87' lang='lat' dir='ltr'><strong>aenigmaticis.</strong></span> <span class='ocrx_word' id='word_1_501' title='bbox 978 4765 1054 4824; x_wconf 87' lang='lat' dir='ltr'><strong>Nam</strong></span> <span class='ocrx_word' id='word_1_502' title='bbox 1077 4763 1112 4823; x_wconf 92' lang='lat' dir='ltr'><strong>de</strong></span> <span class='ocrx_word' id='word_1_503' title='bbox 1127 4763 1286 4824; x_wconf 87' lang='lat' dir='ltr'><strong>Jamblichi</strong></span> <span class='ocrx_word' id='word_1_504' title='bbox 1303 4762 1421 4822; x_wconf 91' lang='lat' dir='ltr'><strong>oraculo</strong></span> <span class='ocrx_word' id='word_1_505' title='bbox 1435 4780 1526 4839; x_wconf 89' lang='lat' dir='ltr'><strong>supra</strong></span> 
     </span>
    </p>
   </div>
   <div class='ocr_carea' id='block_1_5' title="bbox 175 4852 1526 4931">
    <p class='ocr_par' dir='ltr' id='par_1_8' title="bbox 175 4852 1526 4931">
     <span class='ocr_line' id='line_1_51' title="bbox 175 4852 1526 4931; baseline -0.001 -19"><span class='ocrx_word' id='word_1_506' title='bbox 175 4855 248 4913; x_wconf 88' lang='lat' dir='ltr'><strong>satis</strong></span> <span class='ocrx_word' id='word_1_507' title='bbox 271 4856 354 4926; x_wconf 85' lang='lat' dir='ltr'><strong>cari,</strong></span> <span class='ocrx_word' id='word_1_508' title='bbox 378 4852 528 4928; x_wconf 88' lang='lat' dir='ltr'><strong>quomodo</strong></span> <span class='ocrx_word' id='word_1_509' title='bbox 551 4852 580 4910; x_wconf 89' lang='lat' dir='ltr'><strong>id</strong></span> <span class='ocrx_word' id='word_1_510' title='bbox 603 4854 691 4912; x_wconf 89' lang='lat' dir='ltr'><strong>etiam</strong></span> <span class='ocrx_word' id='word_1_511' title='bbox 714 4870 770 4931; x_wconf 86' lang='lat' dir='ltr'><strong>ego</strong></span> <span class='ocrx_word' id='word_1_512' title='bbox 793 4854 965 4930; x_wconf 85' lang='lat' dir='ltr'><strong>intelligam.</strong></span> <span class='ocrx_word' id='word_1_513' title='bbox 1014 4853 1064 4911; x_wconf 76' lang='grc' dir='ltr'><strong>ιῖιι</strong></span> <span class='ocrx_word' id='word_1_514' title='bbox 1085 4869 1145 4911; x_wconf 92' lang='lat' dir='ltr'><strong>una</strong></span> <span class='ocrx_word' id='word_1_515' title='bbox 1168 4870 1239 4914; x_wconf 86' lang='lat' dir='ltr'><strong>sane</strong></span> <span class='ocrx_word' id='word_1_516' title='bbox 1262 4854 1352 4927; x_wconf 88' lang='lat' dir='ltr'><strong>ratio,</strong></span> <span class='ocrx_word' id='word_1_517' title='bbox 1384 4867 1526 4926; x_wconf 88' lang='lat' dir='ltr'><strong>quanou</strong></span> 
     </span>
    </p>
   </div>
   <div class='ocr_carea' id='block_1_6' title="bbox 0 0 1792 5625">
    <p class='ocr_par' dir='ltr' id='par_1_9' title="bbox 0 0 1792 5625">
     <span class='ocr_line' id='line_1_52' title="bbox 0 0 1792 5625; baseline 0 0"><span class='ocrx_word' id='word_1_518' title='bbox 0 0 1792 5625; x_wconf 95' lang='lat' dir='ltr'><strong> </strong></span> 
     </span>
    </p>
   </div>
  </div>
 </body>
</html>
