3567 5625
637 453 642 462 ·
675 422 759 481 Idber
776 423 808 480 V.
827 423 916 494 caput
932 422 967 479 X.
1432 425 1523 488 libr

148 595 230 659 cedat
251 596 304 660 eor
326 599 473 662 sensibilis
497 600 610 664 Mariae
632 603 693 663 fllia
715 601 807 664 iillum
827 599 909 663 illurn
924 601 993 682 Dei,
1020 619 1107 679 quem
1121 600 1245 664 Procius
1260 600 1420 680 alloquitur
1441 602 1497 663 sub

145 685 258 746 Titanis
281 689 409 762 nomine,
432 685 585 768 ζωαρκοος,
608 687 716 760 dara,
739 712 825 770 πηγης
846 688 937 758 αὐτος
959 687 1033 768 ἔχων
1055 692 1167 765 alenda,
1190 698 1219 750 et
1233 689 1294 762 illa,
1318 711 1414 751 nane
1428 713 1495 767 reqc

146 770 274 851 luipone
295 772 465 853 lycpmroece
487 798 636 855 rrpororqc,
659 785 690 840 et
712 776 792 839 illam
815 784 991 859 potestatem
1014 778 1187 836 immensam
1207 798 1344 853 pernam,
1369 785 1498 855 atquae

146 863 174 919 in
196 860 280 921 nulla
303 862 489 943 philosophia
511 863 683 942 legebantur
704 874 772 930 arcte
804 865 1069 944 promulgationem
1093 863 1248 940 Evangelii
1256 860 1306 947 ⁴⁵),
1338 863 1498 926 daemonas

146 948 335 1010 formidantes
357 952 456 1010 minax
478 949 557 1014 illius
578 952 737 1031 flagellum
760 953 921 1015 daemonas
943 953 1097 1012 animabus
1119 951 1300 1025 insidiantes,
1323 949 1406 1030 ὀφρα
1428 949 1497 1030 ὕψι·

145 1053 243 1105 eamve
267 1040 406 1100 lederna
428 1060 540 1116 nareae
560 1061 743 1146 upprpryyaoa
764 1035 873 1120 adipe}
903 1046 933 1146 et
955 1041 1021 1116 quis
1042 1040 1099 1098 nisi
1122 1040 1245 1100 verbum
1267 1041 1358 1119 patris
1380 1046 1426 1100 est
1447 1037 1498 1100 ille
1578 1077 1582 1083 ›

147 1121 227 1185 riser
249 1146 421 1205 manaurae
443 1132 531 1202 deno,
563 1151 599 1189 ev
627 1150 767 1205 perennc
797 1126 846 1192 ἀπ’
872 1124 1006 1206 depereo
1027 1149 1176 1205 yererqpec
1198 1148 1332 1189 παυσατο
1352 1148 1499 1205 mergerer

146 1208 307 1291 dpouaydoc
329 1210 369 1274 ἐπ’
388 1207 556 1290 uliiqlorcre
574 1213 683 1285 lonae,
705 1216 867 1277 secundum
889 1213 980 1274 illud:
1003 1214 1095 1274 Terra
1110 1222 1173 1275 erat
1195 1213 1274 1273 rudis
1290 1212 1496 1291 indigestaque

146 1299 237 1360 noles
252 1308 283 1360 et
296 1301 433 1363 tenebrae
448 1318 536 1379 super
550 1302 654 1364 taciem
670 1304 780 1383 abyssi,
804 1313 834 1365 et
855 1303 956 1363 divisit
970 1301 1053 1361 Deus
1076 1299 1171 1361 lucem
1193 1318 1212 1361 a
1234 1301 1370 1374 tenebris,
1392 1318 1489 1378 aquas

145 1388 182 1446 ab
203 1388 306 1462 aquis,
337 1407 417 1449 mare
440 1388 478 1449 ah
501 1388 602 1463 arida;
633 1398 677 1452 et:
706 1395 804 1453 emnia
833 1408 885 1471 per
913 1393 1008 1470 ipsnrn
1031 1389 1162 1448 Verbum
1191 1388 1271 1449 iacta
1299 1396 1377 1449 suut.
1422 1386 1497 1464 Quis

146 1475 200 1533 nisi
225 1471 319 1536 ,Iesus
341 1476 519 1551 Nazarenus,
544 1476 601 1537 Del
623 1477 715 1554 tilius,
738 1465 1038 1559 evpae‘druyeprvm
1062 1485 1161 1555 pastor
1184 1471 1356 1550 animarum,
1380 1478 1427 1536 cui
1451 1477 1499 1536 oi·

146 1561 265 1623 terenda
287 1560 375 1640 ἱκεσιη
396 1567 606 1641 noivdaapooc,
629 1574 663 1627 ut
683 1585 738 1628 nos
760 1575 866 1645 purget
881 1584 901 1627 a
914 1566 1043 1643 peccatis
1066 1580 1162 1640 exque
1184 1563 1320 1623 sordibus
1342 1570 1427 1624 eruat
1447 1586 1499 1641 της
1544 1595 1549 1618 ι
1606 1585 1609 1593 ’

145 1652 282 1730 γηεθλης
304 1653 402 1727 (quasi
425 1653 539 1729 peccati
562 1655 713 1730 originalis
732 1657 863 1716 tomitem
887 1649 1036 1729 fateretur)
1059 1659 1089 1711 et
1110 1670 1129 1711 a
1151 1653 1254 1729 poenis
1276 1650 1421 1727 malisque
1444 1668 1499 1712 eu-

145 1735 269 1810 stodiat,
293 1760 427 1816 apparere
447 1743 524 1800 door
546 1735 625 1814 ὄμμα
644 1748 736 1821 donne,
759 1743 871 1804 seilicet
892 1743 965 1800 iram
981 1737 1101 1800 Patris?
1124 1746 1154 1797 et
1176 1755 1253 1814 quae
1275 1737 1336 1798 alia
1358 1737 1441 1798 velut
1462 1755 1499 1798 ex

145 1824 254 1902 hymno
278 1819 438 1887 Zacharlae
461 1826 613 1904 depromta
633 1829 768 1907 legimus,
790 1837 833 1904 (su
849 1838 927 1899 igitar
944 1834 1052 1894 hymnus
1069 1832 1122 1883 iste*
1150 1847 1207 1895 pare
1236 1837 1289 1883 erat
1305 1830 1499 1900 Mqrpparrpcl)

141 1909 248 1991 ‘Apim
269 1909 472 1986 uncmredeccc
493 1912 699 1992 ὀλεσιμβροτον
727 1918 908 1997 inlegentur,
942 1919 975 1973 ut
1002 1931 1043 1974 sa
1067 1914 1222 1973 animabus
1251 1913 1437 1972 versantibus
1467 1914 1499 1971 in

145 1999 273 2060 enebris
296 2008 326 2060 et
347 2002 450 2062 umbra
481 2002 583 2062 mortis
615 2002 666 2064 (lei
687 2027 766 2083 φαος
786 1999 872 2086 clyton
894 2010 924 2062 et
945 1999 1035 2074 ὄλβον
1056 1997 1269 2080 ἀστυφελικτον
1290 1996 1339 2060 ἀπ’
1365 1996 1498 2076 albedine
1603 1992 1609 1999 ⁶

145 2085 304 2167 §peccarem
321 2087 351 2148 id
366 2090 442 2149 enim
459 2097 502 2151 est
516 2090 625 2152 servire
639 2092 704 2154 Deo
719 2096 750 2153 in
764 2094 921 2154 sanctitate
936 2096 967 2148 et
977 2088 1096 2163 justitia
1110 2086 1245 2147 omnihus
1260 2084 1364 2146 diebus
1379 2091 1497 2147 nostris.

231 2172 318 2236 Haec
351 2178 438 2253 igitur
469 2184 499 2238 et
526 2177 636 2238 similia
666 2197 844 2260 seponamus
874 2195 930 2238 nos
958 2175 1022 2250 jam
1050 2174 1147 2251 adque
1170 2174 1332 2234 doctrinam
1356 2174 1499 2236 ecelesiae

148 2260 336 2337 Catholicae,
371 2264 455 2339 cujus
477 2273 547 2324 eunt
567 2269 702 2344 propria,
734 2271 926 2329 remittamus.
973 2262 1064 2338 Cujus
1092 2280 1162 2323 vero
1191 2277 1281 2321 causa
1313 2263 1500 2339 potissimum

146 2350 222 2410 lacta
247 2358 294 2410 est
315 2352 424 2412 mentio
446 2351 556 2431 hymni,
580 2352 610 2420 id
633 2356 794 2416 videamur.
841 2352 975 2414 Eundem
997 2352 1075 2411 eninr
1097 2348 1197 2410 Solem
1220 2349 1272 2424 qui

228 2432 363 2515 aaron
385 2434 520 2517 ἁρμονιης
542 2434 619 2519 ρυμα
642 2445 783 2504 elevator
804 2441 964 2522 ἐξοχηευει
986 2441 1037 2508 (sie
1059 2440 1140 2496 etiarn
1164 2437 1290 2507 Orpheus
1320 2457 1419 2503 soraee
1450 2443 1498 2494 r'ov
1605 2480 1607 2492 .

146 2527 302 2598 ἐναρμονων
319 2533 420 2600 opopa
437 2533 547 2602 itm),
564 2528 698 2606 eundem,
715 2530 750 2592 de
766 2533 849 2608 cnjus
864 2530 1003 2607 prosapia
1013 2515 1155 2585 oriundus
1167 2523 1306 2583 Phoebus
1321 2528 1431 2603 κιθαρῃ
1443 2518 1500 2585 ὑπο

145 2616 273 2674 amaia
289 2615 407 2686 μελπων
428 2611 539 2686 adsela
556 2641 627 2697 papa
641 2641 717 2692 κυμα
734 2618 966 2696 βαρυφλοισβοιο
981 2615 1126 2694 perediam,
1142 2617 1173 2671 et
1187 2615 1270 2681 culus
1286 2610 1366 2671 chori
1381 2627 1501 2671 censore

146 2708 191 2761 est
210 2717 321 2778 paean,
350 2703 463 2778 πλησας
491 2698 628 2782 deportem
649 2727 852 2783 aerumpnam
875 2699 965 2781 εὐρεα
979 2715 1100 2774 'aenaea
1123 2697 1246 2758 eundem
1268 2700 1389 2773 inquam
1407 2699 1501 2773 prime

144 2790 245 2850 suum
265 2788 367 2867 hymni
389 2791 534 2853 versiculo
556 2793 666 2855 salutat
687 2816 779 2873 rrvpoe
800 2816 903 2869 respon
924 2792 1056 2866 dauriae.
1107 2784 1174 2862 Quo
1199 2783 1319 2846 exordio
1342 2784 1430 2846 simul
1452 2787 1500 2844 in·

145 2876 240 2952 dicat,
256 2868 342 2954 'quid
363 2876 542 2956 Pythagorei
563 2881 619 2942 sub
642 2883 719 2957 ignis
741 2880 889 2942 vocabulo
922 2876 1122 2938 intellexerint
1143 2871 1188 2954 (ut
1201 2877 1316 2934 mirum
1337 2876 1386 2948 sit,
1410 2872 1500 2933 disci-

146 2965 251 3043 pulnm
271 2983 292 3025 a
313 2965 458 3041 magistris
481 2969 511 3027 in
534 2969 624 3029 centri
646 2967 731 3038 loco,
768 2968 846 3047 quod
870 2968 926 3044 ipsi
949 2964 1013 3026 Soli
1036 2961 1165 3034 dabant,
1199 2958 1381 3041 dissentire),
1410 2958 1498 3021 simul
1556 2950 1562 2963 '
1622 2992 1627 2996 ·

145 3051 403 3130 totumbymnum
426 3072 444 3116 a
467 3073 587 3133 corpore
603 3054 681 3116 Solis
703 3056 826 3134 ejusque
842 3053 996 3133 qualitate,
1020 3051 1094 3122 luce,
1117 3047 1284 3120 sensilibus,
1307 3048 1345 3109 ad
1367 3047 1502 3108 intellec·

147 3138 243 3200 tualia
264 3140 417 3220 transfert,
440 3151 469 3202 et
491 3142 533 3202 illi
555 3161 611 3204 suo
633 3166 703 3220 repr
723 3167 815 3221 eoapp
839 3139 916 3225 (igni
939 3141 1013 3201 torte
1028 3136 1193 3198 Stoicorum
1215 3131 1346 3218 artifici),
1370 3135 1413 3195 illi
1428 3133 1502 3195 Pla·

24 3234 26 3245 '
146 3229 225 3289 tonis
247 3229 294 3287 sui
317 3235 415 3288 creato
438 3230 513 3303 Deo,
536 3233 627 3292 menti
649 3232 772 3308 principi
795 3248 847 3291 seu
870 3225 1033 3303 αὐτονομῳ,
1062 3221 1161 3283 sedem
1184 3224 1295 3300 regiam
1323 3225 1352 3281 in
1382 3240 1503 3299 corpore

147 3314 227 3377 Sulis
250 3316 432 3391 assignavit,
456 3327 617 3379 creaturam
641 3325 671 3378 et
693 3335 776 3393 eum,
798 3335 851 3395 per
873 3331 962 3392 quem
984 3313 1084 3373 onmia
1105 3316 1300 3382 creatasunt,
1324 3308 1503 3370 contundens

146 3405 176 3462 in
200 3420 301 3463 uuum.
348 3402 387 3462 Ar
409 3420 463 3464 nos
486 3405 661 3479 Christiani,
685 3405 789 3466 melius
812 3405 995 3479 distinguere
1018 3394 1116 3469 docti,
1142 3400 1225 3476 iope
1247 3396 1330 3456 illum
1352 3406 1502 3457 aeternum

147 3497 179 3552 et
200 3494 372 3564 increatum,
396 3493 447 3567 qui
469 3501 530 3557 urat
553 3515 625 3571 προς
646 3516 698 3554 rer
718 3498 806 3568 deor,
824 3500 853 3552 et
877 3492 928 3566 qui
944 3486 1032 3547 nullis
1053 3483 1173 3545 sedibus
1196 3485 1367 3556 continetur,
1391 3500 1498 3560 quern-

147 3581 196 3639 via
217 3579 259 3637 sit
280 3579 356 3636 intra
378 3581 486 3655 omnia,
510 3579 598 3640 nullis
620 3578 796 3653 excluditur,
821 3578 957 3654 quamuis
979 3577 1043 3652 ipse
1066 3579 1148 3631 extra
1170 3572 1277 3644 omnia,
1301 3572 1409 3630 scimus
1432 3587 1499 3630 cer-

147 3684 216 3728 nam
239 3681 276 3725 ex
300 3671 383 3724 utero
405 3650 633 3743 gloriosisshnaa
657 3667 785 3744 Virginis
808 3665 920 3725 Mariae
942 3665 971 3721 in
994 3663 1136 3720 unitatem
1159 3674 1301 3735 personae
1323 3659 1499 3735 suscepisse,

147 3764 178 3816 et
201 3761 405 3815 consummate
427 3757 522 3815 cernis
544 3757 723 3828 ministerio,
748 3753 864 3827 coelos,
889 3754 919 3810 in
942 3750 1050 3827 quibus
1073 3754 1103 3805 et
1125 3755 1208 3825 pater
1230 3743 1374 3827 caelestis,
1399 3744 1499 3805 excel·
1564 3786 1567 3796 .

145 3843 222 3905 lenti
245 3839 462 3917 quedammodo
486 3860 554 3921 prae
577 3846 680 3903 ceteris
703 3840 802 3902 mnndi
825 3840 974 3919 partibus,
999 3851 1049 3914 per
1071 3833 1195 3910 gloriam
1217 3833 1331 3893 scilicet
1352 3840 1382 3892 et
1403 3833 1500 3909 maje-

147 3938 257 3992 statem
281 3912 413 3988 habit'are
436 3932 612 4007 agnoscitur,
635 3929 734 3991 sedern
748 3934 859 4007 regiam
883 3940 1043 4003 occupasse
1059 3923 1207 3997 etiamque
1228 3922 1291 3981 suis
1312 3919 1448 3980 fidelihus
1470 3922 1501 3978 in

147 4019 202 4079 illa
225 4018 314 4077 domu
336 4017 426 4093 patris
448 4020 493 4076 sui
517 4021 683 4080 mansiones
699 4035 764 4078 esse
785 4015 965 4095 pollicitum:
989 4011 1026 4071 de
1048 4017 1145 4070 cetero
1169 4026 1256 4085 super
1277 4006 1330 4068 illa
1354 4007 1424 4069 sede
1448 4024 1500 4068 eu-

145 4111 258 4170 riosius
286 4102 397 4180 aliquid
426 4106 570 4182 inquirere
600 4122 762 4182 sensusque
792 4103 840 4163 vel
864 4103 992 4162 rationes
1014 4097 1164 4158 naturales
1185 4096 1224 4156 ad
1247 4095 1277 4154 id
1300 4095 1500 4171 indagandum

147 4212 316 4267 arcessere,
350 4191 428 4267 qued
452 4191 553 4253 oculus
574 4210 633 4253 non
656 4191 745 4266 vidit,
775 4194 854 4251 auris
883 4207 943 4250 non
971 4186 1086 4248 audivit
1115 4188 1196 4245 etin
1220 4201 1269 4245 cor
1292 4183 1419 4243 hominis
1441 4199 1500 4242 uon

147 4283 299 4357 aseendit,
328 4294 542 4356 supervacuum
565 4282 784 4356 existimamus3
816 4285 943 4338 mentem
973 4291 1043 4334 vcro
1075 4280 1202 4333 maamnn
1213 4315 1223 4350 ,
1255 4279 1500 4347 quantaecunque

148 4376 191 4434 sit
214 4371 266 4431 iila
287 4369 488 4450 prestantiae,
523 4367 655 4428 Creatori
676 4385 730 4428 suo
763 4369 867 4427 merito
889 4364 1079 4441 subjicimus,
1109 4375 1165 4419 nse
1189 4359 1267 4418 Deos
1290 4356 1500 4433 intelligentias

149 4479 219 4522 cum
234 4453 393 4518 Aristotele
416 4463 446 4515 et
467 4455 651 4532 philosophis
673 4453 842 4532 gentilibus,
866 4469 922 4512 nac
936 4451 1091 4527 spirituum
1112 4445 1342 4523 planetariorum
1357 4444 1502 4504 exercitus
1587 4475 1595 4487 -

149 4543 380 4608 innumerabiles
408 4559 475 4602 curn
508 4541 606 4619 Magis
633 4542 858 4615 introducimus,
892 4535 1095 4600 adorandosre
1122 4540 1174 4592 aut
1205 4531 1363 4606 theurgicis
1396 4548 1502 4609 super-

149 4635 325 4697 stitionibus
347 4630 386 4691 ad
408 4637 540 4690 mutuum
563 4631 767 4690 commercium
789 4626 946 4690 exciendos
969 4623 1172 4702 proponimus,
1195 4619 1252 4678 hoc
1274 4618 1429 4696 diligenter
1449 4635 1502 4678 ea·

24 4786 25 4805 ἶ
148 4731 267 4798 ventes,
287 4721 350 4799 jarn
373 4735 460 4795 perro
475 4718 571 4795 qualis
594 4733 676 4777 meus
699 4733 834 4805 quaeque
855 4716 903 4789 sit,
925 4711 1096 4791 praesertim
1117 4710 1142 4767 si
1158 4724 1217 4783 qua
1238 4708 1268 4764 in
1292 4705 1379 4767 corde
1400 4704 1502 4766 mundi

223 4875 250 4945 *l
267 4878 367 4930 Similia
385 4879 468 4923 tamen
487 4873 609 4924 nonnulla
627 4872 725 4936 Orpheo
744 4871 912 4921 vetustissime
929 4873 955 4917 et
972 4880 1050 4930 prope
1068 4863 1148 4913 blesis
1165 4861 1272 4926 aequali,
1289 4867 1409 4922 tanquam
1426 4861 1514 4925 hujup·

151 4951 281 5018 discipule
299 4950 445 5001 tribuuntur
462 4944 530 5015 apud
547 4942 659 5001 suidam.
696 4941 761 4993 vida
779 4946 804 4991 et
820 4941 928 5015 hymnos
944 4937 1047 5005 Orphei,
1063 4936 1091 4985 tn
1109 4948 1172 5001 quos
1190 4933 1292 5009 scripsit
1308 4932 1421 4987 Procius.
