3567 5625
672 358 757 464 tuter
772 404 819 462 IV.
836 405 928 478 (laput
945 404 978 462 V.
1438 403 1501 467 285

147 595 207 636 cere
225 581 324 640 solent
359 582 415 639 ilcd
431 583 485 639 lroc
502 598 586 640 senaa
602 598 656 639 vox
673 598 728 637 non
746 588 803 637 tam
820 579 939 650 planetis
959 580 1097 650 competit,
1116 579 1301 651 quantique
1319 594 1369 634 seu
1387 576 1502 634 dudeco·
1551 634 1556 651 ,

35 706 37 717 ,
132 661 267 716 tenonis
283 663 405 731 aodiaci;
423 677 492 733 quae
510 679 571 718 cum
589 660 772 729 lonffl'nndines
789 659 921 726 habeant,
945 659 980 713 iis
999 658 1073 714 caris
1090 658 1142 714 sibi
1161 664 1256 713 mutuo
1274 657 1380 714 obverti
1406 671 1503 712 secun
1578 728 1580 735 Α

147 735 208 791 dum
226 741 314 809 magis
332 749 361 797 et
377 742 467 797 minua
483 748 609 812 possunt.
643 743 713 798 Nam
731 739 860 805 contigua
877 737 955 805 signa
973 752 1003 791 se
1015 744 1111 792 mutuo
1123 743 1263 807 nequeunt
1274 736 1383 807 intueri,
1401 736 1503 807 quippe

147 816 266 873 vultibus
283 835 339 877 non
356 821 384 875 in
401 836 431 875 se
449 829 558 890 mutuo,
579 820 628 876 scd
642 821 724 890 juxta
741 818 857 874 invicem
874 816 903 873 in
920 816 1035 872 eandem
1052 816 1160 885 plagam
1178 815 1273 870 versis.

214 896 322 953 Deinde
338 906 412 965 nota,
431 899 504 967 quod
522 915 576 969 qun
595 906 718 968 tenpore
735 898 789 954 duo
806 895 934 967 planetae
952 896 1082 965 angulum
1099 896 1128 949 in
1139 903 1213 951 terra
1230 895 1342 963 faciunt,
1362 894 1457 950 eodem
1475 899 1504 949 et

145 972 172 1027 in
192 972 255 1030 aliis
274 974 341 1031 locis
359 976 453 1031 mundi
470 977 573 1033 faciant
597 977 666 1032 alios
688 977 819 1047 angulos3
841 982 870 1030 at
886 976 1013 1045 nuspiam
1031 981 1139 1044 tantos,
1162 991 1244 1045 qnam
1267 974 1296 1028 iu
1318 989 1384 1028 aren
1410 971 1504 1027 circuli

146 1067 192 1119 per
210 1053 333 1122 ipsorum
350 1063 379 1111 et
396 1058 497 1112 Terrae
515 1073 632 1126 corpora
649 1055 785 1121 traducto,
804 1062 852 1110 aut
869 1056 943 1110 circa
955 1055 1065 1123 lineam,
1084 1070 1156 1123 quae
1173 1054 1294 1124 ipsorum
1308 1068 1423 1122 corpora
1441 1067 1504 1106 eon·

146 1131 236 1201 nectit
257 1133 341 1190 ueluti
358 1134 431 1190 circa
448 1149 529 1190 axem
547 1136 720 1190 umnmwto.
756 1135 845 1190 Extra
871 1135 940 1191 baec
959 1136 1020 1190 loca
1042 1135 1208 1191 radiationes
1227 1150 1321 1189 eorum
1339 1134 1437 1186 coeunt
1456 1145 1504 1184 an·

146 1210 214 1281 gulis
232 1211 318 1282 longe
335 1212 409 1283 aliia,
427 1214 484 1269 sive
501 1215 520 1269 ii
539 1214 594 1269 rint
611 1214 692 1269 etiam
711 1213 870 1282 harmonici,
888 1214 946 1269 sive
964 1215 1122 1282 incongrui,
1144 1220 1176 1268 ιιι
1193 1213 1251 1267 fere
1268 1227 1319 1282 per
1337 1217 1425 1265 totum
1443 1207 1504 1263 reli·
1610 1232 1614 1241 «

146 1307 226 1360 quum
238 1292 377 1359 mnndum.
412 1294 540 1363 Inprimis
548 1301 630 1357 ,ιιιιιιι
648 1293 722 1365 quod
739 1294 768 1348 in
786 1290 917 1349 alterutro
935 1311 1079 1363 corporum
1097 1293 1310 1364 planetariorum
1328 1287 1419 1343 nullus
1440 1302 1504 1340 con·

135 1370 275 1425 «stituatnr
292 1372 420 1440 angulus.
454 1373 498 1429 Ad
520 1372 651 1442 angulum
676 1373 747 1427 enim
764 1372 942 1442 requiruntur
965 1373 1019 1428 duo
1037 1372 1120 1438 radii3
1149 1379 1179 1428 ut
1200 1370 1293 1426 rudius
1312 1366 1399 1422 omnm
1425 1372 1504 1420 extra

147 1464 243 1517 corpus
262 1456 314 1517 est,
332 1450 424 1506 nullus
442 1450 548 1520 inipso
566 1465 687 1519 corpore.
725 1449 804 1519 Quod
822 1449 884 1506 ideo
903 1450 1063 1519 notandum,
1081 1451 1146 1520 quia
1158 1449 1361 1519 angulationem
1378 1446 1406 1500 in
1419 1447 1505 1501 Terra
1585 1491 1590 1509 ,
1619 1474 1627 1497 ι

147 1527 269 1597 sequitur
286 1527 400 1584 effectus
417 1529 446 1584 in
464 1534 548 1584 Terra
566 1529 656 1593 etlam,
674 1544 708 1583 ox
727 1541 782 1596 qua
799 1528 850 1583 sub
868 1536 979 1599 tempus
997 1538 1158 1600 aspectuum
1177 1528 1299 1597 exspirat
1314 1525 1427 1581 materia
1444 1524 1504 1595 plu·

146 1603 246 1659 riarum
265 1613 293 1661 et
312 1614 464 1663 ceterorum
489 1614 684 1675 meteororum3
708 1615 739 1662 nt
761 1604 795 1659 de
814 1607 880 1663 sede
904 1624 1018 1677 canem,
1044 1608 1177 1665 moventis
1202 1614 1336 1675 meteora,
1365 1603 1505 1673 disputare

146 1682 295 1752 possimus,
323 1685 396 1753 quod
413 1685 462 1741 illa
478 1692 539 1741 non
552 1685 589 1742 sit
605 1685 634 1740 in
652 1685 764 1755 planeta
790 1685 834 1740 sel
854 1704 910 1742 uno
935 1689 980 1743 vel
997 1688 1098 1758 altero,
1125 1704 1177 1742 nec
1201 1687 1229 1741 iu
1246 1685 1308 1740 locs
1334 1682 1388 1740 alio
1411 1682 1505 1738 mundi

147 1776 242 1832 sueno,
262 1764 312 1821 sed
329 1764 359 1819 in
376 1766 436 1835 ipsa
454 1768 547 1822 Terra.

212 1845 306 1898 Tertio
325 1860 381 1899 nou
398 1846 501 1900 frustra
517 1844 612 1900 additu
630 1850 673 1899 cst
690 1843 801 1911 mentio,
819 1845 896 1914 qnod
914 1846 1000 1901 Terra
1018 1846 1113 1914 puncti
1130 1845 1264 1899 rationem
1280 1842 1395 1910 habeat;
1419 1857 1453 1896 ex
1471 1857 1504 1895 eo

147 1918 214 1975 cuim
232 1923 365 1993 sequitur,
384 1924 436 1979 etsi
454 1926 603 1980 animantes
622 1924 651 1978 in
669 1924 755 1979 Terra
774 1922 909 1978 innumeri
926 1925 1050 1995 radiique
1070 1940 1104 1978 ex
1123 1923 1245 1994 quolibet
1262 1921 1374 1991 planeta
1396 1921 1425 1974 in
1442 1918 1505 1974 illos

148 2000 295 2070 etreliqua
313 2001 415 2061 Terrae
438 2009 541 2070 puncta
557 2001 668 2067 infiniti,
693 2000 810 2056 eundem
834 2008 925 2059 tamen
949 2004 985 2059 ad
1004 2019 1114 2060 sensum
1133 2018 1194 2058 esse
1212 1999 1344 2069 angulum
1369 1999 1505 2054 radiorum

150 2078 252 2134 ubiuis
271 2081 389 2150 planetis
407 2081 571 2137 uenientium
589 2080 686 2137 eodem
704 2092 825 2151 tempore
842 2098 894 2151 per
911 2083 1003 2138 omnia
1021 2084 1122 2139 Terrae
1140 2088 1254 2151 puncta,
1281 2079 1338 2134 siue
1356 2079 1385 2134 in
1403 2084 1505 2141 centro,

149 2156 247 2214 sivein
266 2161 418 2231 superficie,
437 2160 493 2216 sive
511 2161 539 2214 in
557 2161 678 2216 cavernis
697 2162 843 2229 montium
862 2178 957 2217 omues
975 2162 1017 2217 illi
1036 2170 1172 2231 aspectus,
1189 2159 1254 2215 licet
1270 2174 1381 2214 numero
1399 2156 1505 2225 infiniti,

150 2251 196 2304 pro
216 2255 273 2293 uno
290 2246 406 2308 aspectu
423 2239 566 2295 habentur.
602 2240 702 2296 Omnes
721 2241 823 2311 quippe
840 2240 875 2295 ad
893 2256 1004 2296 sensum
1022 2240 1093 2297 inter
1111 2257 1142 2298 sc
1159 2239 1288 2310 aequales
1306 2246 1377 2293 sunt.

232 2332 425 2390 Definitio
445 2331 486 2390 II.
538 2330 651 2390 Efficax
680 2331 874 2407 configuratio
906 2331 1026 2407 dicitur,
1063 2350 1128 2393 cum
1159 2335 1294 2393 binorum
1322 2298 1531 2409 planetarum⁹

150 2418 220 2477 radii
243 2419 334 2478 telem
357 2419 469 2478 faciunt
491 2419 641 2495 angulum,
666 2422 716 2494 qni
740 2420 778 2477 slt
800 2427 887 2496 aptus
911 2419 949 2477 ad
971 2421 1180 2481 stimulandam
1203 2428 1338 2479 naturam
1361 2418 1506 2477 subluna-

149 2522 204 2565 rem
228 2506 446 2582 facultatesque
467 2506 616 2566 inferiores
639 2507 831 2582 animantum,
857 2515 889 2567 ut
904 2509 981 2566 circa
996 2526 1070 2588 opus
1093 2526 1227 2586 quaeque
1250 2524 1336 2567 suum
1358 2505 1411 2564 fiat
1433 2521 1506 2582 ope·

152 2597 241 2655 rosior
265 2596 322 2654 sub
345 2603 460 2671 tempus
483 2593 730 2669 configurationis.
788 2642 793 2655 .

235 2678 379 2733 Tribuitnr
396 2676 519 2731 efficacia
536 2675 758 2747 configurationi,
778 2691 848 2746 quae
865 2675 1015 2733 formaliter
1032 2693 1081 2734 ens
1102 2678 1214 2734 rationis
1232 2684 1290 2747 est,
1309 2675 1358 2733 scd
1376 2690 1431 2730 non
1449 2672 1506 2729 effi·
1540 2743 1545 2760 .

151 2757 222 2811 moia
238 2757 269 2812 in
286 2773 344 2812 rem
362 2757 450 2826 ipsam
467 2756 635 2825 tumetum,
659 2756 738 2827 qnasi
758 2755 868 2827 pluviae
886 2762 915 2811 et
933 2754 1032 2813 similia
1050 2772 1085 2813 ex
1102 2758 1163 2828 ipso
1181 2756 1272 2827 coelo,
1294 2755 1398 2812 scilicet
1415 2767 1432 2807 a
1449 2750 1506 2822 pla·

151 2836 216 2889 notis
235 2835 414 2905 configuratio
433 2835 632 2894 delaberentur.
651 2852 720 2906 quun
739 2834 813 2905 vulgi
833 2835 919 2890 stulta
936 2839 1078 2905 persuasio
1096 2843 1154 2906 est,
1174 2839 1222 2892 sed
1234 2837 1353 2892 mediata
1372 2841 1400 2889 ct
1417 2832 1506 2901 objec-

148 2911 207 2966 tiva.
244 2915 316 2969 Nam
341 2914 412 2970 sicru
434 2914 542 2983 objecta
559 2924 668 2969 movent
685 2931 795 2984 sensus,
822 2930 907 2971 sonus
925 2914 1046 2969 auditum
1071 2933 1127 2971 non
1147 2916 1254 2983 oculos,
1278 2923 1306 2972 et
1327 2915 1402 2970 color
1420 2913 1506 2966 usum

148 2991 358 3062 mauditum,
387 2993 426 3048 sic
445 2993 526 3047 etiam
544 2993 589 3047 hic
606 3000 683 3048 certa
699 2994 819 3063 qualitas
837 2992 979 3050 relationis
997 2993 1094 3062 hujus,
1113 3011 1184 3064 quas
1201 2993 1381 3066 configuratio
1399 2992 1506 3062 dicitur,

150 3078 236 3126 mouet
255 3087 310 3125 nou
329 3087 426 3126 sensus
445 3073 578 3141 corporis,
606 3071 655 3127 sed
673 3071 832 3128 facultatem
858 3072 1016 3142 animalem,
1043 3074 1157 3130 rationis
1178 3090 1213 3129 ex
1231 3074 1360 3129 instinctu
1379 3084 1506 3140 capacem

150 3149 205 3203 siue
224 3149 359 3205 discursu.
394 3150 473 3206 Facit
489 3148 573 3219 igitur
589 3150 643 3207 hoc
660 3150 838 3219 configuratio
858 3152 885 3206 si
903 3168 957 3206 non
976 3153 1095 3223 propria,
1116 3152 1164 3208 sed
1183 3152 1211 3207 ri
1228 3155 1342 3221 anianae,
1361 3166 1432 3222 quae
1450 3148 1507 3218 pati

150 3226 255 3294 dicitur,
274 3243 336 3282 cum
348 3244 378 3282 re
391 3245 455 3284 vera
466 3229 558 3298 potius
572 3239 643 3300 ngat,
655 3230 717 3300 ipsa
732 3231 804 3286 inse
818 3232 915 3300 ipsam.
952 3232 1053 3286 Postea
1065 3233 1156 3288 anima
1173 3247 1221 3286 sen
1232 3238 1331 3287 natura
1343 3229 1507 3296 sublunaris,

148 3307 185 3360 sic
202 3314 278 3362 mota
296 3322 345 3362 seu
363 3308 502 3363 stimulata
520 3310 554 3365 ab
572 3317 688 3378 aspectu
705 3310 802 3377 aurique
821 3309 974 3377 admonitu,
1002 3325 1032 3364 ae
1055 3311 1143 3380 ipsam
1164 3311 1315 3367 exsmcitat
1341 3311 1375 3366 ad
1399 3309 1507 3365 elicien-

150 3386 211 3442 dam
230 3402 265 3442 ex
283 3388 385 3443 Terrae
404 3388 550 3444 visceribus
575 3389 717 3444 materiam
745 3387 832 3443 omma
855 3390 961 3456 generis
991 3397 1192 3460 tempestatum.
1229 3390 1258 3445 Si
1278 3390 1354 3445 nullu
1381 3395 1454 3442 essct
1479 3386 1507 3439 in

148 3465 244 3534 anima,
264 3480 346 3534 qnam
364 3465 478 3520 dicimus
496 3475 621 3520 naturam
639 3467 821 3535 sublunarem,
840 3467 967 3538 planetae
978 3468 1031 3537 ipsi
1049 3483 1139 3538 neque
1156 3484 1207 3539 per
1218 3484 1250 3525 sc
1267 3485 1356 3538 noque
1373 3483 1423 3537 por
1435 3481 1507 3520 com-

148 3544 257 3599 modum
275 3551 417 3612 aspectum
436 3544 580 3614 quicquum
598 3545 626 3599 in
645 3544 757 3599 Terram
775 3555 897 3614 possent
933 3548 1095 3603 absurdum
1109 3548 1180 3603 enim
1204 3557 1247 3604 est
1266 3550 1386 3616 cogitata
1409 3553 1436 3601 et
1451 3540 1507 3614 joci

107 3693 111 3702 Ι
148 3614 279 3692 lususque
295 3622 397 3692 poetici
414 3622 514 3691 simile,
540 3622 613 3690 quod
636 3639 670 3679 cx
689 3623 761 3679 coitu
780 3622 906 3679 binorum
924 3625 1060 3681 radiorum
1085 3626 1256 3695 harmonico,
1279 3625 1354 3681 velut
1372 3640 1406 3679 ex
1424 3622 1507 3678 mnis

150 3709 176 3753 et
194 3700 313 3756 feminae
332 3700 487 3768 concubitu,
506 3700 678 3769 concipiatur
694 3717 787 3770 vapor,
806 3704 922 3758 materia
939 3704 1012 3758 venti
1030 3704 1073 3758 sel
1090 3704 1212 3775 pluviae,
1230 3705 1398 3774 quasivero,
1417 3711 1448 3755 ut
1466 3717 1507 3756 se·

147 3795 207 3833 men
227 3789 270 3835 cst
288 3780 323 3835 de
341 3779 495 3836 substantia
513 3787 669 3850 parentum,
693 3780 732 3835 sic
750 3781 850 3836 humor
867 3788 895 3836 et
916 3791 1022 3848 cetera,
1049 3799 1119 3853 qnae
1137 3798 1171 3838 ex
1190 3785 1276 3840 Terra
1294 3784 1446 3852 exspirant,
1472 3781 1508 3838 sit

148 3858 180 3912 dc
199 3861 356 3916 substantia
374 3859 415 3914 vei
434 3859 599 3924 harmoniae,
618 3876 688 3930 qnae
707 3868 749 3915 cst
767 3862 872 3930 relatio,
891 3862 934 3916 vel
952 3861 1057 3930 anguli,
1076 3878 1146 3931 quac
1164 3868 1208 3918 est
1226 3861 1385 3934 qualitativa
1402 3861 1507 3934 quanti-

147 3943 198 4005 tas,
218 3937 261 3991 sel
279 3937 348 3993 lucis
368 3939 436 3995 adeo
455 3940 550 4010 ipsius,
569 3956 639 4009 quac
657 3940 775 4007 qualitas
795 3947 846 4008 est,
865 3956 1038 4009 nequaqnam
1053 3957 1117 3994 vcro
1131 3940 1292 3996 substantia.
1329 3939 1507 4008 Quemadmo-

148 4015 210 4070 dum
228 4033 293 4071 vero
312 4034 347 4072 cx
365 4020 450 4075 nihilo
468 4020 535 4075 nihil
552 4019 611 4073 fieri
630 4019 760 4089 dicimus,
785 4020 824 4074 sic
843 4019 924 4072 etiam
949 4034 985 4073 cx
1002 4019 1181 4074 immateriaro
1205 4018 1310 4088 aliquo,
1338 4017 1506 4088 naturaliter,

146 4097 317 4151 materiatum
336 4097 405 4152 nihil
423 4097 501 4152 educi
520 4103 618 4165 potest.
656 4097 725 4152 Vide
743 4098 823 4167 plura
841 4115 901 4166 cap.
920 4099 945 4152 l.

152 4181 158 4190 ’
235 4192 392 4249 Axioma
414 4190 438 4248 1.
486 4190 577 4247 Arctus
601 4190 701 4248 circuli
717 4189 839 4266 zodiaci,
863 4209 951 4266 quern
969 4189 1106 4251 rescindit
1121 4189 1198 4250 lutus
1213 4190 1324 4268 figurae
1342 4189 1388 4249 vel
1404 4190 1507 4249 stellae
1610 4235 1615 4240 .

148 4295 295 4354 congruae
318 4287 348 4338 et
369 4277 493 4349 scibilis,
517 4280 635 4336 metitur
658 4276 798 4353 angulum
821 4278 1062 4354 configurationis
1085 4278 1223 4338 efficacis.

236 4382 395 4441 Axioma
415 4381 457 4442 ll.
505 4381 638 4457 Angulus
660 4382 771 4459 figurae
800 4383 848 4443 vel
871 4384 976 4444 stellae
999 4382 1111 4443 scibilis
1141 4390 1171 4442 ct
1194 4399 1340 4459 congruae
1373 4389 1418 4441 est
1439 4395 1506 4439 mo-

147 4469 235 4528 dulus
260 4469 358 4543 anguli
382 4471 624 4546 configurationis
646 4471 782 4531 efficacis.
1069 4465 1072 4470 ’

236 4551 351 4607 Duobus
370 4552 551 4612 axiomatibus
571 4561 659 4608 totum
678 4554 816 4622 negotium
834 4554 939 4620 nititur,
959 4568 1030 4621 quae
1046 4551 1109 4606 ideo
1128 4550 1182 4605 dno
1200 4550 1264 4612 feci,
1290 4549 1353 4620 quia
1372 4550 1425 4604 dno
1444 4559 1508 4605 runt

146 4631 219 4686 modi
242 4630 409 4701 probabiles,
434 4633 535 4700 quibus
561 4633 666 4688 animae
689 4641 718 4687 et
740 4642 854 4689 naturae
873 4633 1036 4688 sublunares
1058 4631 1086 4684 in
1104 4630 1228 4685 notitiam
1252 4628 1506 4698 configurationem,

149 4723 221 4776 quae
240 4713 306 4764 sunt
323 4712 418 4778 quovis
436 4721 571 4784 tempere,
591 4712 682 4766 uenire
700 4718 824 4779 possunt.
926 4701 929 4710 Δ

234 4788 292 4842 Aut
308 4790 381 4843 euim
398 4790 512 4858 figuram
530 4789 604 4845 illam
622 4790 789 4859 percipiunt,
816 4790 895 4860 cnjus
913 4789 986 4845 latus
1006 4790 1040 4845 de
1057 4788 1159 4843 circulo
1177 4786 1289 4843 zodiaco
1314 4786 1446 4843 rescindit
1464 4804 1506 4842 ar·

147 4883 216 4934 cum,
236 4866 457 4937 configurationis
474 4882 524 4926 acu
542 4868 635 4937 anguli
651 4868 753 4926 radiosi
770 4884 933 4936 mensuram,
952 4873 1000 4922 ant
1017 4866 1133 4935 figuram
1150 4867 1233 4936 illam,
1250 4867 1331 4936 cujus
1343 4867 1506 4924 elementum
