3567 5625
251 395 312 456 622
622 393 655 449 ln
672 392 890 451 stereometriam
907 393 1049 450 Doliomm
1066 342 1219 465 appendia¹

339 566 372 621 Iu
389 567 543 623 inventione
561 567 700 626 Murenae
716 587 858 627 mensurae
877 570 948 625 idem
966 568 1061 641 procul
1080 568 1161 624 dubio
1187 583 1332 638 processus
1354 567 1408 623 iuit
1435 566 1604 622 observatus.

253 642 362 711 Alioqui
381 646 404 699 si
421 644 585 701 liberrimum
603 646 654 702 tuit
671 648 818 705 inventoris
836 650 986 718 arbitrium,
1006 664 1089 702 causa
1106 648 1181 702 nulla
1198 647 1261 716 fuit,
1286 665 1335 703 cur
1351 648 1437 703 librae
1455 646 1550 717 potius
1571 648 1603 702 18

253 722 355 776 solidos
373 722 485 791 pollices
503 725 631 779 fontanae
648 728 789 791 tribueret,
809 745 890 796 quam
911 728 941 784 to
960 728 1003 781 vel
1022 728 1063 781 12.
1099 725 1225 781 Notabile
1243 726 1350 802 interim
1367 733 1396 780 et
1408 726 1469 796 hoc,
1489 727 1604 782 eandem

252 801 339 856 tuisse
357 804 559 873 proportionem
578 806 705 874 ponderis
723 806 870 877 amphorae
896 807 931 862 sd
957 807 1072 874 libram,
1099 820 1169 874 quae
1194 805 1279 861 librae
1297 805 1331 859 ad
1351 806 1515 862 drachmam
1552 806 1607 862 Sed

251 888 317 951 puto
335 881 406 936 hane
423 883 616 950 aequalitatem
634 883 708 939 ultro
724 893 822 954 armm,
841 901 896 940 non
914 885 1073 954 quaesitam.
1109 886 1176 939 Cum
1202 886 1272 940 enim
1290 886 1517 957 deprehendisset
1534 888 1609 942 illius

256 962 427 1029 aequationis
446 970 549 1033 auctor,
567 963 645 1033 pedis
663 965 831 1020 usitatissimi
849 966 948 1019 cubam
967 980 1082 1033 aqueum
1101 964 1220 1033 pendere
1234 966 1292 1022 iere
1310 967 1395 1022 libras
1413 968 1608 1023 usitatissimas

251 1039 293 1107 96,
313 1047 341 1095 et
358 1042 546 1112 perpenderet,
565 1043 679 1099 eundem
697 1059 758 1098 ease
778 1058 919 1098 numerum
938 1043 1125 1097 drachmarum
1149 1043 1183 1112 inf
1201 1044 1271 1099 libra
1293 1046 1457 1114 antiquitus:
1487 1054 1607 1102 coutem-

251 1119 391 1189 peratione
409 1119 485 1191 pedis
504 1129 532 1176 et
549 1121 634 1176 librae
646 1138 702 1176 rem
715 1137 733 1175 a
744 1123 947 1193 propinquitate
965 1123 998 1179 ad
1011 1124 1100 1193 ipsum
1113 1130 1243 1192 puuctum
1262 1122 1383 1192 adduxit,
1402 1141 1456 1179 nan
1469 1125 1607 1180 electurus

252 1196 324 1252 hauc
342 1215 483 1254 numerum
502 1201 535 1256 96
553 1200 691 1268 librarum,
710 1201 767 1258 aia
793 1207 963 1271 receptarum
990 1201 1119 1257 librarum
1147 1219 1259 1257 numero
1284 1204 1438 1259 immaniter
1465 1204 1607 1259 absumet

251 1276 312 1333 Hoc
329 1278 411 1346 igitar
429 1280 452 1335 si
470 1289 498 1336 et
515 1297 564 1335 noa
583 1280 737 1347 imitemur,
768 1281 883 1336 satisfiet
911 1282 1033 1351 proxime
1060 1282 1147 1340 tribus
1175 1281 1227 1336 allis
1254 1283 1404 1337 rationibus
1430 1285 1458 1336 in
1477 1283 1608 1338 methodo

253 1355 384 1425 allegatis,
403 1357 547 1416 drachmae
565 1375 615 1414 sua
632 1358 802 1427 relinquetur
820 1362 984 1429 auctoritas,
1013 1369 1142 1429 quantum
1167 1376 1279 1416 necesse
1296 1368 1339 1416 est
1356 1371 1384 1416 et
1403 1369 1535 1432 quantum
1553 1377 1609 1417 me·

254 1449 343 1512 retur3
363 1439 516 1508 drachmae,
534 1438 639 1506 moise,
658 1453 765 1495 marcae
781 1439 943 1495 retinebitur
959 1441 1169 1511 nomenclatura,
1187 1455 1295 1509 unaque
1313 1447 1342 1495 et
1354 1441 1494 1496 cummim
1512 1439 1609 1497 solidis

252 1519 461 1577 familiarimima
479 1517 646 1589 progressio.
932 1517 934 1522 ’

703 1763 708 1774 κ
806 1681 858 1741 Ad
881 1680 1000 1758 Caput
1022 1681 1059 1742 V.

291 1851 294 1864 ¹
347 1836 495 1892 Processas
512 1832 658 1892 reducendi
676 1831 791 1888 solidam
809 1831 1067 1903 parallelepipedum
1085 1835 1271 1905 rectangulum
1298 1837 1326 1891 in
1343 1836 1458 1906 figuram
1475 1838 1610 1902 cubicum,

258 1915 383 1987 equidem
400 1931 526 1986 magnam
543 1912 664 1969 ostendit
680 1912 853 1981 dimentiam.
889 1912 989 1966 Tribus
1015 1914 1085 1968 enim
1110 1915 1197 1970 modis
1223 1916 1251 1970 in
1278 1934 1361 1972 anam
1388 1917 1610 1988 conspirantibus

257 2004 377 2054 constat:
390 2012 510 2064 nurnero,
523 1994 681 2065 capacitate,
694 1993 827 2064 pondere;
846 2007 897 2060 ego
916 1998 1042 2062 quartum
1060 1992 1168 2047 modum
1181 1993 1252 2049 inira
1264 1995 1359 2050 dicam.
1391 1997 1512 2064 Cumque
1525 1995 1610 2050 Scho-

259 2093 341 2133 nerus
360 2082 388 2131 et
405 2075 531 2130 Steviuus
551 2073 716 2142 quatientem
734 2071 799 2126 lima
816 2072 950 2127 subtiliori
969 2070 1165 2141 expolirerint,
1194 2071 1262 2127 nihil
1286 2074 1351 2128 mihi
1373 2074 1543 2142 reliquerunt
1559 2072 1608 2127 ad·

258 2156 383 2212 dandum.
407 2153 534 2207 Numeris
552 2161 642 2205 autem
660 2165 767 2219 semper
778 2149 864 2204 tutius
882 2156 925 2204 est
938 2150 984 2216 uti
1004 2165 1085 2216 quam
1104 2150 1191 2222 lineis,
1210 2168 1259 2222 per
1271 2154 1403 2209 mesolabi
1414 2154 1610 2209 aberrationes.
1690 2145 1694 2152 “

258 2236 322 2288 Non
335 2239 413 2303 putat
424 2232 477 2287 hoc
490 2230 644 2285 Schonerus
663 2229 758 2284 decere
776 2237 955 2297 geometram:
975 2237 1004 2282 at
1021 2229 1049 2282 in
1067 2230 1120 2286 hoc
1138 2232 1275 2300 praesenti
1293 2248 1359 2288 casu
1371 2234 1444 2288 omui
1456 2232 1611 2288 subtilitate

257 2312 438 2381 operandum,
465 2324 515 2364 nec
541 2309 645 2377 ignosci
672 2314 763 2378 potest
789 2307 927 2363 mesolabo
954 2309 1085 2376 peccanti.
1128 2312 1276 2380 Egregium
1303 2309 1371 2365 alias
1397 2312 1610 2366 instrumentum

256 2389 420 2458 mesolabus,
439 2387 548 2456 egregia
570 2385 744 2456 ermritatio,
772 2402 842 2454 quae
869 2402 918 2456 pro
934 2387 1046 2442 calculo
1070 2404 1127 2443 rem
1150 2389 1236 2457 ipsam
1259 2388 1310 2444 sub
1334 2405 1429 2444 manus
1454 2390 1551 2456 samit;
1578 2397 1611 2444 at

257 2467 380 2538 proiecto
397 2485 452 2523 non
469 2486 644 2535 yeaamomoa
662 2468 721 2534 hoc,
742 2467 790 2522 scd
807 2487 956 2536 μηχανικον,
975 2476 1003 2520 et
1021 2483 1084 2522 rere
1106 2466 1161 2522 tale
1188 2483 1241 2522 non
1261 2469 1320 2522 sola
1336 2468 1504 2536 ignoratione
1521 2468 1611 2522 homi·

257 2565 330 2619 num,
350 2547 422 2618 quod
442 2555 520 2618 putat
538 2546 673 2603 Sterinus.
709 2546 774 2615 Ipsa
790 2561 881 2614 rerum
900 2544 1125 2614 geometricarum
1143 2543 1246 2602 ‘natura
1267 2563 1322 2601 non
1347 2547 1400 2602 fert
1417 2548 1486 2602 duas
1505 2548 1611 2603 medias

259 2628 347 2694 aliter,
366 2628 418 2683 nisi
431 2645 480 2698 por
497 2627 571 2696 ipsas
588 2626 676 2682 cubos
694 2641 759 2680 suos
778 2622 958 2679 determinari.
987 2624 1025 2678 At
1038 2640 1091 2678 nou
1105 2625 1203 2680 dantur
1215 2626 1276 2681 cubi
1290 2625 1359 2681 alter
1376 2625 1487 2681 alterius
1506 2625 1611 2698 duplus

259 2723 290 2762 re
315 2708 381 2777 ipsa
416 2708 485 2763 Nam
504 2706 527 2761 si
545 2704 682 2773 darentur,
701 2710 749 2759 aut
766 2719 783 2756 a
800 2709 900 2757 natura
918 2703 1047 2760 darentur
1058 2712 1107 2758 aut
1118 2705 1153 2759 ab
1166 2705 1288 2774 hominc;
1309 2707 1436 2775 utrinque
1448 2722 1497 2777 per
1510 2714 1613 2775 ortum,

155 2785 160 2794 “
259 2804 362 2859 nempe
374 2793 424 2857 per
441 2787 514 2843 latus
532 2802 619 2849 suum,
638 2802 675 2841 sc.
694 2800 743 2856 per
760 2781 863 2839 medita
881 2783 1115 2853 proportionales,
1145 2800 1213 2852 quas
1238 2786 1294 2855 jam
1322 2786 1438 2841 dalmas
1463 2788 1491 2842 in
1518 2785 1612 2857 planis

171 2922 174 2937 ,
258 2871 333 2927 nullo
345 2877 426 2939 pacto
443 2869 570 2924 consutui
585 2867 754 2937 geometrice,
773 2881 862 2933 nequa
880 2864 942 2920 sciri
960 2881 1087 2934 uuquam,
1107 2882 1190 2936 quare
1209 2884 1259 2922 nec
1277 2870 1305 2923 in
1317 2875 1408 2920 mente
1425 2872 1488 2921 actu
1506 2866 1611 2923 insunt

257 2951 354 3018 Itaque
371 2949 448 3004 cubis
466 2947 648 3018 proportionis
665 2945 763 3014 duplas
781 2944 915 3012 denegato
934 2954 995 3000 ortu
1012 2946 1083 3012 (cum
1102 2955 1177 2999 recta
1195 2962 1248 3000 uon
1260 2950 1329 3001 'ante
1346 2946 1508 3015 commutant,
1527 2962 1612 3015 quam

258 3029 391 3091 oriantur,
409 3043 444 3083 ue
460 3027 488 3080 in
507 3032 596 3081 mente
615 3024 746 3093 quidem),
764 3024 970 3093 negaturetiam
988 3024 1164 3079 subsistentia
1176 3040 1224 3079 seu
1236 3025 1308 3080 intra
1320 3041 1367 3079 seu
1387 3033 1464 3079 erma
1481 3035 1612 3081 mentem.

258 3106 318 3161 Hoc
335 3107 440 3159 imitata
456 3119 545 3158 rerum
564 3110 670 3171 natura,
689 3104 808 3158 rabones
826 3103 1010 3169 harmonicas,
1037 3106 1182 3160 intercluso
1201 3106 1348 3160 mediarum
1366 3104 1613 3175 proportionalium

259 3184 384 3252 transitu,
401 3185 472 3239 intra
489 3199 629 3241 numerum
647 3182 814 3238 octonarium
831 3184 976 3238 terminare
994 3192 1089 3244 cosam
1106 3192 1154 3239 est.

346 3265 442 3331 ltaque
470 3262 550 3331 hujus
574 3264 704 3319 instinctu
727 3264 785 3331 jam
811 3263 873 3319 vilis
905 3265 984 3319 etiam
1012 3260 1253 3334 amicola'rocum
1281 3268 1483 3335 proportionem
1510 3267 1614 3321 adlata

260 3343 370 3399 dammi
387 3350 416 3397 et
435 3350 583 3411 aversatur,
602 3342 666 3410 quia
678 3343 797 3397 adillam
815 3360 869 3398 nou
887 3351 980 3412 potest
999 3345 1161 3414 geometrice
1178 3345 1320 3415 perveniri,
1340 3345 1391 3400 nisi
1408 3345 1613 3415 parmenas

261 3438 332 3492 quae
349 3427 412 3477 actu
430 3422 554 3491 nuspiam
574 3429 645 3487 sunt,
663 3437 714 3477 nec
732 3423 760 3478 iu
778 3430 868 3478 mente
885 3423 1062 3479 adumbratae
1080 3440 1130 3479 nee
1147 3423 1175 3478 iu
1193 3422 1295 3503 mundo
1313 3440 1468 3494 expressae.

346 3502 464 3572 Objieiat
490 3501 588 3572 aliquis
612 3496 707 3558 corius
732 3503 803 3559 hauc
820 3502 1029 3573 philosophiam,
1048 3520 1085 3559 aa
1101 3521 1155 3559 uon
1169 3505 1256 3559 cubas
1273 3502 1402 3573 lduplus
1415 3504 1451 3559 sit
1462 3504 1498 3559 sd
1510 3505 1615 3559 cubum

260 3583 295 3637 1?
313 3582 484 3652 Respondeo,
503 3582 616 3652 perinde
633 3582 687 3638 hoc
705 3599 811 3650 souare,
839 3599 870 3636 ao
888 3583 912 3637 si
930 3584 991 3651 quis
1009 3585 1062 3638 hoc
1079 3584 1186 3640 dicendi
1204 3600 1303 3652 genere
1325 3591 1464 3653 uteretur,
1492 3601 1528 3639 an
1555 3600 1615 3639 non

262 3663 347 3717 cubus
366 3663 465 3731 duplus
484 3662 520 3717 ad
537 3662 663 3732 simplum
682 3662 781 3733 duplas
800 3665 862 3720 eat?
897 3664 1009 3718 Numeri
1028 3664 1099 3718 enim
1117 3671 1180 3720 sunt
1198 3680 1287 3718 sermo
1305 3671 1516 3732 geometrarum,
1543 3660 1613 3717 nssril

261 3747 393 3810 praetera
431 3740 563 3810 Suntque,
582 3749 613 3796 nt
631 3749 780 3811 conceptas
797 3743 912 3809 mentis,
939 3743 1116 3813 applicabiles
1142 3750 1198 3798 tam
1221 3743 1290 3798 reris
1309 3759 1390 3811 quam
1408 3741 1612 3811 conditionatis,

264 3818 380 3887 denique
397 3817 468 3874 fictis
487 3828 515 3874 et
533 3819 613 3888 plane
631 3819 842 3889 impossibilibus
861 3821 979 3885 entibus,
999 3823 1027 3876 h.
1045 3838 1069 3877 e.
1087 3839 1142 3877 uon
1161 3823 1268 3877 entibus
1286 3828 1335 3875 aut
1352 3823 1503 3877 chimaeris.

349 3897 436 3953 Aliter
454 3899 575 3969 objicias,
594 3915 629 3954 an
647 3917 701 3955 non
719 3900 806 3969 possit
824 3900 938 3969 cogitari
960 3904 1046 3957 cubus
1071 3901 1140 3957 ulter
1157 3901 1270 3955 alterius
1289 3900 1405 3969 duplus,
1430 3900 1478 3955 abi
1504 3901 1615 3956 ridetur

261 3993 306 4033 res
323 3978 393 4033 haec
410 3979 438 4033 in
456 3986 546 4035 mente
563 3980 732 4036 subsistere?
750 3980 914 4049 Respondeo
929 3981 1066 4049 similiter3
1079 3981 1199 4049 cogitare
1214 3981 1284 4034 enim
1296 3988 1384 4050 potes,
1402 3979 1616 4035 contradictoris

262 4056 343 4112 simul
361 4071 421 4111 esse
438 4072 510 4126 vera,
530 4059 604 4125 quod
621 4064 712 4113 tamen
729 4065 772 4115 est
788 4059 963 4127 impossibile,
1001 4061 1077 4114 Haec
1093 4060 1175 4127 igitur
1193 4059 1286 4113 insunt
1305 4059 1394 4113 verius
1411 4058 1439 4111 iu
1457 4057 1615 4127 phantasia,

262 4151 433 4204 nequaquam
451 4136 480 4190 in
497 4144 596 4191 mente.
630 4137 699 4191 Nam
718 4137 765 4206 qui
784 4138 823 4191 sic
842 4138 951 4205 cogitat.
970 4139 1008 4193 nil
1025 4138 1076 4192 nisi
1093 4139 1177 4192 verba
1188 4139 1290 4207 cogitat
1305 4145 1332 4191 et
1346 4152 1435 4206 sonas,
1453 4152 1488 4191 ex
1506 4138 1616 4191 aurium

193 4268 199 4281 ,
262 4213 419 4269 resonantia
436 4229 486 4283 per
503 4215 620 4284 speciem
638 4214 881 4284 phantasisealim
900 4225 1119 4286 repraesentatos
1143 4219 1272 4286 varieque
1294 4218 1367 4271 iuter
1389 4231 1420 4271 se
1437 4216 1615 4285 compositos,

262 4293 394 4350 diauoese
418 4295 526 4364 quidem
551 4312 647 4365 opera,
675 4294 724 4351 sed
750 4313 803 4350 non
826 4296 903 4365 justo
926 4313 976 4352 nec
998 4298 1050 4351 nisi
1074 4296 1205 4351 imitativa
1228 4311 1367 4365 processu.
1404 4288 1480 4363 Quae
1504 4312 1568 4351 vero
1586 4296 1616 4350 in

262 4382 360 4443 mente,
380 4390 413 4430 ea
430 4390 480 4444 per
498 4391 594 4431 causas
614 4391 677 4431 suaa
695 4377 802 4444 insunt,
830 4392 885 4429 non
912 4391 961 4445 per
984 4375 1057 4431 nuda
1085 4375 1204 4430 uomina.
1241 4373 1413 4443 Intelligatur
1427 4373 1509 4438 igitur
1526 4374 1616 4430 cubus

266 4451 336 4507 alter
352 4451 464 4509 alienum
483 4453 592 4524 duplas,
610 4455 638 4511 h.
656 4470 680 4510 e.
698 4469 748 4524 per
766 4469 876 4509 causam
894 4470 970 4510 susm
989 4454 1232 4523 comprehendatur
1258 4460 1285 4507 et
1309 4452 1456 4507 concedam
1477 4452 1506 4506 in
1523 4456 1617 4507 mente

262 4532 362 4587 inesse.
397 4530 467 4587 Nam
484 4547 559 4588 meus
578 4532 613 4588 ad
630 4548 727 4589 causus
745 4533 858 4588 remissa
869 4535 1022 4590 revolvetur
1033 4534 1068 4589 ad
1080 4533 1183 4589 medias
1195 4530 1420 4603 proportionales,
1440 4548 1511 4600 quae
1524 4540 1617 4587 ortum

264 4611 335 4680 cubi,
353 4619 385 4666 ut
400 4612 481 4668 tertio
500 4619 564 4668 actu
582 4614 711 4683 generati,
729 4613 804 4681 ipsae
822 4614 909 4682 prima
927 4621 1003 4681 actu,
1027 4631 1053 4669 n.
1072 4614 1167 4683 puncti
1184 4611 1275 4680 fluxu,
1294 4612 1476 4680 generandae,
1504 4626 1618 4680 praece·

265 4687 331 4744 daut
342 4704 454 4746 necesse
467 4698 518 4748 est.
540 4693 598 4748 Has
615 4708 680 4748 vero
697 4708 753 4747 nou
764 4693 867 4749 inuenit
883 4708 959 4748 meus
977 4694 1049 4747 intra
1060 4707 1101 4764 se,
1117 4692 1145 4746 h.
1163 4706 1187 4746 e.
1204 4692 1234 4746 iu
1250 4689 1390 4746 scibilibus
1408 4688 1615 4758 quantitatibus.

120 4770 125 4783 '
163 4790 169 4803 =
265 4767 302 4822 Ut
318 4769 419 4825 metius
436 4771 482 4827 hic
499 4771 621 4827 deiectus
640 4771 753 4826 duarum
770 4772 921 4827 mediarum
938 4771 1117 4841 intelligatur,
1142 4769 1328 4839 perpendatur
1344 4767 1523 4823 subsistentia
1539 4782 1616 4823 men-

265 4845 327 4904 talis
344 4846 425 4904 uuius
442 4850 555 4907 mediae.
589 4851 668 4906 Datis
686 4848 793 4907 duabus
811 4850 1019 4921 quibuscunque
1035 4849 1123 4917 haus,
1149 4847 1231 4905 datar
1246 4846 1372 4918 cuculus,
1389 4848 1469 4917 cuius
1481 4846 1617 4903 demetet
