3567 5625
220 406 223 413 “
254 406 320 467 254
501 331 508 358 Ι
671 402 713 457 De
732 401 996 471 configurationibus
1013 403 1193 461 limenius.

339 579 398 640 Hic
422 579 509 640 valde
530 597 577 640 me
600 580 784 641 confirmarit
805 579 836 638 id
858 581 969 656 ipsum,
998 580 1078 658 quod
1100 582 1191 641 alium
1213 583 1344 659 aliquem
1368 585 1528 644 absterrere
1549 601 1605 660 po·
1713 606 1717 609 ·

251 670 317 737 tuit,
341 668 453 728 scilieet
475 668 555 744 quod
575 685 634 727 nou
657 686 771 746 semper
793 668 832 726 ad
854 670 993 726 amussim
1017 669 1193 744 respondent
1215 675 1423 731 commotiones
1446 680 1606 751 tempesta-

249 767 313 819 tum
340 757 523 832 aspectibns3
546 754 599 814 sed
615 755 705 815 Terra
727 756 852 814 subinde
876 758 976 831 segnis
1001 756 1115 815 videtur
1136 768 1166 816 et
1188 768 1360 832 contumax,
1393 759 1453 818 alio
1475 770 1605 835 tempere

251 841 375 922 (scilicet
396 852 464 919 post
486 860 591 918 graves
614 851 644 902 et
665 843 817 902 diutsrrnas
839 840 1102 924 configurationes)
1126 848 1312 918 exacerbata,
1337 846 1471 923 indulget
1493 864 1605 924 evapo-

251 932 421 1003 rationibus,
446 934 533 990 etiam
557 932 620 990 siue
643 940 815 1007 aspectuum
838 932 1065 991 continuatione.
1095 932 1161 990 Non
1184 943 1230 991 est
1252 937 1360 1010 quippe
1383 933 1474 993 Terra
1496 935 1605 993 animal

251 1017 319 1088 tale,
343 1018 430 1094 quale
454 1020 548 1090 canis,
573 1017 611 1077 ad
634 1035 750 1078 omnem
772 1026 873 1076 nutum
897 1026 1077 1094 promptum,
1107 1019 1158 1078 sed
1182 1021 1259 1092 tale,
1283 1022 1369 1097 quale
1393 1023 1446 1080 hos
1468 1030 1520 1081 ant
1543 1022 1606 1081 cle-

251 1105 333 1183 phas,
358 1106 473 1164 tardum
495 1105 533 1163 ad
556 1107 628 1165 iram
651 1116 792 1181 tantoque
815 1105 981 1177 violentius,
1006 1124 1072 1164 cum
1094 1107 1260 1166 excanduit.

338 1192 421 1266 Quae
444 1193 582 1269 analogia
612 1210 678 1252 cum
708 1193 877 1253 succederet
899 1194 1006 1266 effecit,
1037 1203 1070 1252 nt
1102 1193 1223 1253 eandem
1252 1196 1374 1255 ulterius
1406 1213 1605 1273 prosequerer,

251 1296 423 1357 comparans
445 1285 536 1340 etiam
557 1297 679 1358 corpora
701 1285 882 1339 animantum
905 1297 971 1339 cnm
1001 1297 1121 1357 corpore
1143 1282 1270 1341 Terrae:
1306 1283 1442 1342 ridebam
1466 1283 1605 1361 pleraque

251 1371 367 1441 omuia,
391 1386 466 1443 quae
490 1386 525 1428 ex
548 1384 669 1444 corpore
691 1371 848 1449 animantis
869 1370 1076 1442 provenientia
1104 1377 1247 1428 testantur
1278 1374 1406 1429 animem
1428 1374 1457 1428 in
1480 1372 1532 1430 illo
1555 1375 1603 1429 in·

251 1472 325 1527 ease,
348 1458 502 1531 provenire
525 1458 614 1514 etiam
637 1473 673 1515 ex
695 1455 821 1517 Telluris
844 1472 973 1531 corpore.
1014 1454 1054 1515 Ut
1076 1458 1153 1514 enim
1175 1474 1279 1535 eorpus
1303 1460 1332 1516 in
1355 1461 1429 1517 cutis
1451 1459 1606 1535 superficie

251 1542 336 1618 pilos,
360 1545 403 1603 sio
426 1542 518 1602 Terra
539 1541 658 1618 plantas
678 1544 856 1618 arboresque
878 1544 987 1619 profert
1009 1545 1098 1617 inque
1121 1547 1156 1603 iis
1179 1547 1220 1604 ihi
1242 1545 1386 1621 pediculi,
1417 1547 1466 1605 hic
1488 1563 1604 1619 erucae,

251 1629 370 1689 ciendae
392 1633 536 1705 variaque
557 1632 670 1689 insecta
692 1639 865 1690 etmoustra
887 1634 1002 1688 marina
1016 1641 1191 1705 nascuntnr3
1215 1641 1245 1692 et
1268 1642 1300 1690 ut
1322 1650 1427 1710 corpus
1449 1635 1605 1711 lacrymas,
1651 1656 1653 1665 s

252 1717 388 1777 biennum
408 1720 581 1792 auriumque
604 1725 790 1791 recrementa,
815 1725 860 1776 est
882 1719 933 1776 ubi
957 1726 987 1776 st
1007 1721 1117 1794 gummi
1140 1736 1176 1777 er
1199 1719 1283 1780 faciei
1307 1720 1443 1797 pustulis,
1467 1723 1510 1779 sic
1532 1721 1606 1781 Tel·

250 1803 298 1864 lus
320 1805 476 1877 electrum,
501 1806 647 1880 bitumeu3
675 1814 766 1880 utque
788 1807 887 1863 vesica
909 1808 1037 1879 urinam,
1068 1808 1110 1865 sic
1132 1818 1245 1867 montes
1268 1808 1388 1866 flumina
1409 1807 1552 1883 tundnut3
1575 1818 1606 1868 et

251 1900 285 1950 ut
307 1909 411 1968 corpus
435 1902 649 1951 excrementum
664 1891 813 1969 sulphurei
835 1891 932 1950 odoris
947 1896 1141 1969 crepitusque,
1163 1897 1213 1970 qui
1236 1898 1325 1954 etiem
1340 1895 1510 1954 inflammari
1533 1912 1607 1973 pos-
1634 1935 1643 1957 e

252 1987 329 2053 sunt,
353 1982 397 2039 sic
418 1979 509 2038 Terra
530 1978 661 2055 sulphur,
684 1982 768 2055 ignes
789 1980 1011 2053 subterraneos,
1035 1984 1177 2054 tonitrua,
1200 1983 1328 2058 fulgura:
1354 1995 1444 2058 ntqne
1466 1986 1495 2040 iu
1520 1986 1605 2042 venis

253 2068 410 2125 animantis
432 2075 586 2142 generatur
608 2069 728 2141 sanguis
751 2073 861 2125 etcum
883 2083 919 2125 eo
941 2066 1039 2140 sudor,
1064 2077 1145 2127 extra
1160 2085 1264 2145 corpus
1288 2070 1408 2146 ejectus,
1430 2073 1474 2129 sie
1496 2073 1525 2128 in
1550 2087 1605 2130 re·

168 2144 171 2151 ⁴
252 2155 297 2213 nis
320 2153 427 2213 Terrae
449 2152 568 2213 metalla
591 2164 621 2213 et
641 2154 756 2213 sossilia
779 2170 929 2231 vaporque
952 2154 1078 2232 pluvius.

339 2238 463 2318 Oportet
484 2243 588 2317 igitur,
612 2249 645 2299 ut
666 2243 743 2300 sieut
765 2242 926 2300 animantia
947 2242 1060 2317 reliqua
1082 2243 1179 2301 cibum
1200 2249 1363 2319 potumque
1386 2244 1534 2318 haunuut,
1557 2247 1602 2303 sio

150 2404 153 2409 Ι
252 2331 342 2388 etiam
364 2328 466 2388 Tellus
488 2326 640 2389 canalibus
664 2327 883 2404 certisaliquid
906 2332 1045 2389 materiae
1068 2329 1177 2403 trahat,
1207 2348 1242 2391 cx
1266 2348 1325 2406 qua
1347 2331 1399 2390 illa
1420 2342 1480 2391 tam
1503 2332 1606 2391 multi-

252 2415 342 2493 plicia
364 2425 525 2491 excoquat,
557 2418 627 2492 quia
649 2433 685 2475 ex
706 2415 798 2474 uihilo
821 2416 894 2473 nihil
915 2415 964 2491 fit3
996 2417 1084 2475 trahit
1108 2426 1207 2477 autem
1228 2419 1385 2494 sorbetque
1408 2437 1515 2495 aquam
1539 2437 1606 2479 ma·

252 2508 355 2575 rinam,
380 2521 456 2581 quae
479 2521 570 2564 eausa
591 2511 650 2578 est,
664 2506 725 2562 'cur
748 2507 872 2562 aeternis
897 2512 941 2563 tot
963 2504 1113 2563 fluminum
1135 2506 1329 2565 inlusionibus
1352 2524 1432 2566 mare
1453 2524 1606 2582 nunquam

252 2590 419 2651 redundet
435 2589 494 2651 Hie
516 2608 604 2666 quam
625 2590 745 2650 absurdi
766 2593 833 2663 sint,
858 2594 908 2666 qui
931 2590 1051 2650 metalla
1072 2592 1164 2652 solius
1186 2592 1264 2652 Solia
1287 2597 1448 2669 operationi
1472 2597 1606 2653 tribuunt

251 2681 326 2738 citra
348 2678 474 2756 Telluris
498 2695 625 2755 operam,
649 2695 686 2736 ex
707 2677 862 2737 antedictis
885 2678 1023 2751 colligere
1045 2687 1138 2754 potes.

338 2765 489 2843 Respondi
518 2767 606 2825 etiam
628 2768 658 2823 in
679 2764 755 2825 libro
778 2765 815 2826 de
836 2764 930 2825 Stella
951 2766 1039 2826 Nova
1059 2767 1098 2826 ad
1122 2767 1271 2842 vulgarem
1295 2767 1376 2827 illam
1398 2769 1605 2846 abiectionem,

252 2853 332 2929 quod
354 2853 459 2927 Terra,
490 2857 515 2912 si
538 2856 664 2913 animam
686 2854 822 2926 haberet,
855 2857 945 2914 etiam
974 2872 1101 2915 erescere
1130 2855 1236 2920 dehere
1260 2856 1395 2916 videatur
1416 2858 1606 2934 membraque

252 2943 343 3000 motui
366 2948 438 3017 apta
458 2940 576 3000 habere.
609 2941 684 2999 Nam
706 2950 795 3019 prout
817 2958 923 3016 corpus
947 2950 1000 3012 est,
1023 2960 1076 3018 pro
1099 2959 1134 3001 eo
1157 2951 1187 3001 et
1208 2945 1307 3002 anima
1327 2945 1485 3020 respondet
1506 2946 1604 3005 tacul-

251 3037 387 3103 totosque
409 3028 491 3103 ejua3
515 3045 581 3087 cum
605 3027 677 3088 haec
698 3031 798 3087 anima
820 3031 857 3086 sit
879 3029 918 3087 ob
934 3027 1042 3088 Tcnae
1064 3046 1178 3106 corpus,
1201 3047 1258 3089 non
1282 3048 1351 3090 vero
1366 3033 1423 3092 hoc
1439 3051 1544 3111 corpus
1559 3036 1605 3092 sic

251 3117 290 3174 sit
313 3116 350 3173 oh
374 3117 510 3188 animam,
534 3119 609 3175 sieut
632 3133 736 3192 corpus
758 3116 884 3175 hominis
907 3124 951 3175 est
974 3118 1012 3175 oh
1026 3127 1162 3191 mentem,
1185 3120 1345 3195 prinoipem
1369 3124 1484 3180 animae
1505 3121 1606 3180 iacul-

251 3209 358 3261 tatem:
392 3204 417 3261 si
439 3205 529 3277 igitur
550 3205 733 3261 incrementis
755 3203 845 3261 Terra
868 3221 942 3279 opus
965 3204 1132 3273 habuisset,
1160 3209 1186 3265 si
1208 3216 1294 3280 pastu
1316 3208 1390 3278 alio,
1420 3225 1508 3283 qnam
1532 3208 1604 3281 dixi,

254 3289 334 3349 velut
355 3307 390 3348 ex
415 3299 531 3361 venatu,
554 3291 677 3350 luissent
700 3299 729 3351 ct
750 3294 807 3349 iata
830 3295 930 3349 munia
953 3291 1021 3350 huic
1042 3294 1157 3352 animae
1187 3297 1343 3353 commissa
1370 3304 1400 3353 et
1428 3295 1534 3354 idonea
1555 3297 1607 3353 in-

228 3384 412 3436 ·strumenta
433 3376 518 3451 data3
551 3395 626 3453 quae
649 3377 777 3437 Socratis
801 3381 930 3436 morituri
954 3380 1143 3456 philosophia
1164 3380 1219 3438 luit
1242 3384 1270 3437 iu
1293 3381 1468 3450 Phaedone,
1502 3386 1605 3442 omnia

251 3466 340 3523 menti
363 3466 568 3539 gnbematrici,
592 3467 692 3523 omnia
714 3464 915 3524 deliberationi
930 3466 966 3527 de
989 3484 1034 3538 eo,
1058 3467 1136 3542 quod
1160 3471 1309 3543 optimum,
1335 3472 1473 3530 tribuens.
1497 3472 1606 3547 ltaque

206 3559 214 3575 ‘
251 3554 277 3611 si
300 3554 365 3627 quis
388 3561 618 3628 argumentetur:
643 3559 769 3627 quatuor
782 3553 862 3611 solas
884 3572 948 3636 esse
963 3554 1117 3613 facultates
1133 3557 1259 3626 animae,
1283 3574 1406 3632 quarum
1428 3559 1511 3618 nulla
1534 3559 1606 3617 huic

250 3642 366 3699 animae
389 3640 535 3700 Tenenae
558 3647 721 3715 competat,
752 3657 810 3699 nou
839 3659 903 3700 esse
933 3659 1002 3718 crgo
1031 3643 1161 3717 aliquam
1184 3644 1214 3700 in
1236 3644 1327 3703 Terra
1349 3649 1493 3720 animam,
1526 3647 1606 3704 huno

251 3744 306 3803 ego
326 3728 438 3801 jubebo
462 3728 538 3787 hunc
559 3730 691 3804 quintam
714 3725 753 3785 ad
777 3746 929 3789 numerum
944 3729 1060 3803 addere,
1084 3730 1187 3789 eodem
1211 3732 1345 3808 exemplo
1368 3733 1529 3809 iisdemque
1553 3752 1605 3792 ar-

250 3814 440 3891 gumentandi
468 3815 599 3892 legibus,
628 3816 736 3890 quibus
767 3815 835 3876 illae
865 3834 986 3876 numero
1009 3826 1152 3893 quatuor,
1183 3821 1212 3876 in
1244 3819 1362 3879 homine
1392 3821 1521 3898 scilicet,
1554 3823 1605 3879 in·

250 3910 356 3960 ventae
379 3909 456 3961 suni.

165 4059 177 4072 ,
339 3986 378 4048 Ut
406 3996 504 4049 autem
532 3989 639 4049 Terrae
668 3998 749 4049 tanto
784 3990 976 4049 confidentius
1006 3993 1135 4050 animam
1166 3993 1336 4066 tribuerem,
1376 4000 1530 4053 moverunt
1557 4012 1607 4052 me

252 4076 340 4134 ctiam
362 4076 429 4152 alia,
453 4095 538 4153 quae,
560 4081 744 4154 passimper
766 4078 856 4136 libros
878 4095 959 4138 meos
982 4086 1094 4137 ceteros
1116 4079 1271 4151 inculcata,
1294 4084 1324 4138 in
1337 4082 1472 4157 Epitome
1496 4081 1606 4140 Astro-

250 4167 366 4222 uomiae
396 4164 616 4242 Goperuicanae,
644 4165 693 4224 lol.
725 4168 796 4224 125.
827 4165 968 4225 lascicule
998 4164 1118 4240 collegi,
1149 4171 1304 4243 praecipue
1338 4168 1409 4241 hoc,
1439 4166 1519 4243 quod
1541 4170 1606 4227 lor-

250 4253 356 4309 matrix
377 4249 503 4311 facultas
525 4255 621 4312 est'in
647 4254 805 4312 visceribus
828 4252 948 4328 Terrae,
972 4271 1048 4328 quae
1070 4254 1195 4314 feminae
1216 4260 1404 4330 praegnantis
1438 4272 1518 4314 more
1551 4250 1606 4316 o'c·

252 4346 401 4399 mrsantm
424 4339 494 4399 foris
515 4358 562 4400 res
584 4340 742 4412 humanas,
774 4339 865 4398 veluti
889 4358 939 4399 eas
963 4340 1089 4413 videret,
1120 4344 1148 4398 in
1171 4342 1310 4406 fissilibus
1334 4343 1481 4421 lapidibus
1504 4347 1605 4419 expri-

250 4428 311 4499 mit,
334 4433 368 4494 ut
389 4425 522 4500 militum,
546 4428 776 4500 monarchorum,
799 4427 979 4503 pontificum,
1002 4445 1104 4504 regum
1126 4439 1156 4488 et
1170 4431 1310 4506 quicquid
1334 4434 1362 4491 in
1380 4449 1429 4491 ore
1451 4430 1605 4490 hominum

250 4521 305 4586 cst,
329 4529 424 4573 novos
447 4514 663 4591 insolentesque
686 4515 813 4574 habitus.
847 4514 914 4574 Hoc
936 4516 1053 4591 quidem
1075 4519 1177 4588 rarius,
1201 4517 1272 4576 illud
1294 4527 1445 4595 perpetuo,
1468 4518 1550 4593 quod
1573 4521 1605 4575 iu

250 4602 373 4677 gemmis
396 4609 426 4661 et
448 4603 597 4663 fossilibus
621 4605 755 4680 exprimit
777 4604 906 4678 quinque
936 4620 1058 4680 corpora
1080 4604 1228 4679 regularia
1249 4609 1441 4682 geometrica:
1473 4623 1544 4664 narn
1567 4604 1606 4664 de

251 4688 354 4764 opifice
382 4697 506 4749 testatur
533 4708 616 4766 opus.
665 4690 778 4764 Quibus
809 4689 915 4765 addat,
945 4694 993 4767 qui
1024 4690 1216 4766 Copernicum
1244 4698 1389 4770 sequitur,
1420 4692 1605 4754 volutionem

251 4776 333 4851 globi
355 4775 481 4836 Telluris
504 4777 644 4850 diurnam,
668 4785 839 4854 perpetuam
860 4787 890 4837 et
912 4779 1194 4855 aequabilissimam,
1217 4798 1305 4855 qnam
1327 4783 1401 4841 inter
1422 4779 1511 4854 hujus
1536 4783 1605 4841 ani·

251 4879 317 4923 mae
338 4866 439 4923 munia
460 4866 620 4925 rectissime
642 4866 817 4925 accensebit.
1460 4865 1462 4870 ’
