3567 5625
1071 326 1084 359 Ι

667 405 988 479 mmmm
1300 445 1309 455 -
1443 397 1504 479 w

228 581 302 640 Nota
318 584 351 640 V.
386 584 418 638 ln
436 598 509 656 6666ς
521 582 776 639 accuratissime
794 582 865 638 inest
882 582 923 636 vis
941 583 1093 654 argpmenti
1110 581 1182 640 talis.
1200 582 1275 651 quali
1293 585 1506 654 666.1.116.ΙΠ.
1585 577 1597 591 '

161 661 670 732 1666666666661666666666666,
698 663 804 731 specics
829 660 1035 716 mathematicas
1059 676 1120 734 6666
1147 668 1286 731 separatas
1312 680 1329 717 a
1351 664 1506 722 sensilibus.

161 741 230 796 Nam
247 743 275 797 in
292 742 409 797 mixtura
427 741 619 797 elementorum
638 738 712 794 nulla
730 746 881 795 661666616
898 740 976 794 ratio.
995 738 1149 808 Operantur
1167 741 1238 793 enirn
1256 742 1341 797 mirta
1359 746 1507 802 secundum

161 822 245 891 magis
262 829 291 876 et
307 823 405 889 minus,
423 825 506 891 prout
516 820 599 876 fuerit
610 819 712 883 mixtio,
729 821 821 889 itaque
839 819 1035 874 elementorum
1046 820 1166 874 mixtura
1183 824 1226 874 est
1243 818 1352 876 affectio
1370 826 1507 895 materiae,

160 916 209 955 666
227 899 338 955 66116616
357 899 439 954 allam
456 906 581 954 naturam
597 898 725 952 imitatur.
760 898 840 953 1116
858 896 1014 951 harmonica
1030 896 1160 953 facultate
1184 901 1387 957 accuratissima
1405 904 1506 959 66161-

161 977 269 1034 61166116
295 994 404 1045 rerum,
429 993 553 1048 quaeque
579 976 707 1032 materfae
734 992 854 1031 erassem
881 984 1005 1032 naturam
1032 977 1181 1046 subtilitate
1206 977 1361 1046 longissime
1389 990 1507 1050 superat

161 1055 243 1111 Verbi
261 1072 357 1112 causa:
377 1053 518 1110 61616666
537 1053 656 1109 chordae
674 1054 805 1108 tensionis
825 1054 955 1123 ejusdem,
973 1055 1060 1110 altera
1078 1058 1129 1112 120
1148 1063 1241 1125 partes
1252 1056 1340 1125 longa,
1358 1057 1444 1114 altera
1460 1061 1508 1114 mi-

161 1143 261 1190 nuatur
278 1136 414 1205 continue,
432 1133 642 1203 6666666166,
661 1135 696 1190 10
714 1141 764 1189 616.
791 1134 843 1188 Η16
861 1135 885 1189 61
903 1135 1079 1189 consonantia
1096 1135 1211 1191 baberet
1228 1145 1353 1191 naturam
1370 1137 1508 1193 mixtionis

162 1211 339 1283 elementaris,
359 1218 497 1282 oporteret
508 1211 638 1267 chordam
651 1211 852 1267 decrescentem
865 1212 979 1267 subinde
992 1214 1076 1282 magis
1088 1215 1229 1284 magisque
1248 1230 1404 1286 consonare,
1423 1218 1510 1273 donec

161 1289 238 1345 66661
255 1290 297 1359 66,
314 1295 381 1345 1666
398 1293 535 1360 oporteret
553 1290 756 1345 consonantiam
774 1306 835 1346 esse
861 1291 1100 1360 perfectissimam,
1127 1292 1244 1362 indeque
1275 1292 1373 1349 iterum
1400 1294 1509 1351 decres-
1616 1299 1619 1304 '

161 1384 222 1424 cere
241 1369 453 1423 consonantiam.
489 1371 526 1423 At
543 1369 595 1422 boc
612 1384 666 1422 non
689 1367 733 1422 fit:
760 1368 1088 1437 666616611666663,
1114 1370 1163 1438 e2,
1192 1373 1223 1425 61
1259 1380 1365 1439 666166,
1391 1373 1511 1430 noudum

161 1455 307 1510 consonat,
326 1454 354 1502 61
373 1447 395 1502 61
414 1448 464 1517 to,
483 1448 589 1517 161666
607 1447 779 1517 hocpuncto
798 1455 946 1512 consonat,
961 1448 1024 1504 inde
1043 1446 1132 1502 61661
1151 1447 1315 1517 69,1166666
1335 1451 1512 1522 6166666161

161 1541 214 1579 non
233 1526 318 1594 magis
334 1526 492 1595 magisque,
516 1527 582 1596 quin
599 1526 690 1595 potius
708 1527 731 1581 si
748 1526 796 1581 661
813 1526 923 1582 tandem
942 1529 993 1596 10,
1020 1526 1047 1580 16
1066 1527 1118 1580 666
1136 1533 1237 1595 666616
1256 1526 1355 1583 iterum
1381 1537 1512 1586 consonat

162 1611 188 1657 et
205 1604 235 1656 in
254 1603 288 1659 39
305 1611 413 1658 rursum
431 1604 571 1660 dissonare
588 1606 692 1675 incipit.
730 1606 773 1660 lta
790 1606 967 1661 consenantia
984 1611 1085 1675 puncta
1102 1622 1152 1661 sua
1168 1606 1253 1674 1660,
1270 1608 1305 1663 10
1317 1618 1368 1665 616.
1387 1609 1512 1665 observat

162 1683 374 1738 accuratissime.
398 1681 459 1736 Hoc
476 1690 567 1737 autem
587 1691 628 1737 661
640 1683 758 1738 rationis
776 1701 853 1754 opus.
889 1685 964 1752 Ergo
992 1683 1107 1739 facultas
1125 1685 1284 1739 harmonica
1301 1696 1343 1741 est
1359 1687 1511 1743 rationalis·

162 1763 237 1816 sima
255 1762 315 1831 Ego
333 1763 386 1818 boc
404 1769 590 1830 argumentum
608 1762 758 1818 evidentius
776 1765 913 1834 proposui,
932 1763 1005 1833 quod
1017 1764 1209 1820 consonantiae
1220 1763 1341 1820 existunt
1357 1766 1385 1821 16
1403 1764 1512 1835 6666116

163 1839 263 1909 6166616,
282 1856 299 1895 a
316 1841 404 1911 figura
421 1839 537 1907 regulari
557 1841 760 1897 demonstrabili
777 1841 865 1898 166116.
901 1841 962 1896 Jsm
981 1841 1191 1898 demonstrabile
1217 1843 1283 1914 quid
1301 1844 1352 1914 sit,
1379 1861 1433 1902 non
1460 1845 1513 1900 nisi

162 1925 252 1973 mente
270 1919 399 1988 66661166,
418 1933 467 1972 666
484 1918 598 1973 66116616
616 1935 675 1974 666.
711 1917 785 1988 Ergo
803 1919 850 1974 1116
867 1927 973 1985 661666,
990 1936 1061 1990 6666
1079 1920 1232 1978 delectatur
1248 1923 1404 1981 harmonico
1423 1933 1513 1995 66616,

165 1995 246 2052 66661
264 2013 325 2054 esse
343 1998 458 2052 rationis
476 1998 613 2068 particeps
632 1998 886 2070 quomodocunque.

248 2096 321 2152 Nota
339 2096 387 2151 VI.
422 2095 531 2158 Genera
546 2110 637 2154 rernm
660 2110 730 2165 quae
747 2094 834 2165 61661,
862 2112 896 2150 ex
914 2095 1090 2165 sequentibus
1108 2103 1199 2166 patet,
1217 2104 1298 2166 puta,
1323 2113 1389 2152 num
1407 2099 1443 2154 sit
1459 2115 1514 2155 ma-
1603 2105 1607 2116 “

164 2173 232 2229 teris
249 2191 285 2230 an
303 2174 408 2243 ferma,
436 2173 556 2228 efficiens
574 2191 610 2229 an
627 2172 706 2242 finis,
733 2190 797 2230 num
815 2175 851 2229 611
876 2174 966 2229 anima
983 2190 1018 2229 au
1036 2191 1135 2243 corpus
1155 2182 1206 2231 616
1241 2175 1364 2231 Pertinet
1381 2176 1463 2245 igitur
1479 2180 1515 2233 ad

165 2250 349 2308 definitionem
366 2250 565 2323 quodammodo
583 2253 652 2309 baec
670 2254 804 2322 quaestio,
822 2268 877 2308 non
896 2253 930 2307 66
949 2252 1110 2321 subjectum.
1141 2254 1210 2309 Nam
1228 2254 1263 2310 ad
1279 2255 1333 2310 lucc
1351 2255 1436 2324 magis
1454 2270 1515 2325 per·

164 2329 250 2385 tinere
267 2330 392 2386 ridentur
411 2331 554 2401 sequentia
571 2334 666 2387 verba:
683 2332 766 2387 Num
784 2347 850 2401 qua
867 2333 939 2386 sint
956 2330 1038 2402 elia,
1057 2346 1216 2388 connexa
1232 2332 1435 2396 harmoniis.
1461 2332 1515 2388 Sed
1550 2363 1553 2369 ,
1617 2340 1621 2352 '

166 2409 199 2463 de
238 2410 245 2421 .

216 2409 343 2553 banarges
358 2411 447 2572 ipgliqrut
467 2493 676 2572 speculationis
702 2495 870 2572 6666661166
900 2470 1182 2570 parternresiduam
1214 2493 1367 2572 deinceps,
1402 2501 1515 2571 quante

166 2580 356 2656 poterit-fleri
379 2585 532 2658 brevitate,
556 2581 648 2642 661611
670 2583 827 2641 summaria
849 2583 961 2641 ratione
984 2581 1161 2658 subjungere
1185 2583 1371 2642 conabimur:
1404 2589 1437 2641 ut
1458 2582 1515 2641 hoc

166 2673 253 2815 66666
283 2668 453 2746 magnitudo
485 2677 514 2730 et
537 2669 711 2730 excellentia
742 2667 830 2743 hujus
864 2667 1045 2766 admirabilis
1074 2667 1222 2729 1666116116
1246 2671 1410 2731 6616661166
1432 2685 1515 2768 com7

168 2772 219 2833 pro
243 2762 314 2814 etur.

253 2843 312 2903 Res
335 2847 488 2906 universae
510 2845 658 2923 principiis
681 2851 800 2904 utuntur
822 2843 918 2904 hisce:
942 2847 1074 2918 materia,
1096 2854 1179 2905 motu
1202 2854 1230 2904 61
1253 2848 1371 2928 speeie,
1394 2847 1517 2905 materia

172 2941 203 2988 ut
225 2931 359 3007 subjecto
383 2942 470 2992 6166
493 2949 571 3008 666,
594 2939 676 2992 motu
699 2938 733 2991 ut
754 2949 845 2992 cansa
867 2940 898 2992 et
920 2949 939 2991 a
961 2949 1036 3009 quo,
1058 2936 1157 3009 speeie
1186 2941 1219 2993 ut
1240 2932 1297 2992 666
1320 2934 1410 2993 6166
1434 2932 1515 3009 6666

171 3016 216 3076 661
240 3018 324 3093 cujus
347 3036 446 3080 cauea.
473 3014 531 3095 1111)

254 3119 329 3173 Nota
346 3118 406 3173 VII.
441 3118 614 3174 Ptolemaeus
630 3118 701 3173 inter
719 3132 816 3174 causas
842 3117 959 3173 hicnon
977 3119 1098 3173 meminit
1115 3118 1218 3174 formae
1239 3119 1327 3188 ipsius
1348 3136 1398 3190 per
1416 3136 1459 3181 66,
1486 3126 1517 3176 61

170 3196 240 3265 16116,
259 3196 330 3250 16616
347 3195 412 3265 6616
432 3195 585 3255 1116666666
602 3196 642 3251 661
659 3196 742 3251 babet
760 3212 810 3266 pro
828 3197 889 3266 ipsa
907 3212 949 3263 re,
977 3197 1116 3252 materiam
1133 3213 1213 3267 6666,
1243 3205 1274 3252 ut
1291 3197 1425 3254 diversum
1444 3201 1517 3270 quid,

171 3291 186 3329 6
203 3290 233 3353 re
251 3275 313 3344 ipsa
331 3274 485 3343 distinguit3
513 3275 539 3343 2)
557 3279 605 3329 661
623 3275 696 3343 6666
713 3275 828 3343 6666166,
846 3291 907 3329 cum
927 3274 1007 3330 sitin
1027 3284 1130 3331 certum
1148 3277 1230 3331 finem
1248 3276 1390 3347 destinata,
1410 3278 1517 3334 confer·

170 3354 314 3409 mationem
332 3368 408 3408 suam
427 3368 441 3405 e
460 3352 514 3407 666
532 3353 639 3409 babeat.
677 3355 762 3408 Voces
781 3353 889 3422 quidem
916 3360 944 3408 6ι
971 3362 1066 3409 cantus
1093 3355 1207 3409 materie
1233 3360 1260 3408 6ι
1284 3355 1436 3423 subjectum
1454 3364 1519 3413 sunt

170 3433 335 3501 barmoniae,
354 3448 423 3501 quae
441 3431 470 3484 in
487 3430 555 3501 ipsis
573 3434 644 3488 inest
660 3440 691 3487 61
709 3431 844 3488 disemum
862 3431 927 3503 qnid
945 3431 1060 3487 abillis.
1088 3433 1113 3495 3)
1130 3435 1185 3488 Aut
1202 3433 1260 3488 6611
1278 3433 1367 3488 dicere
1385 3433 1517 3504 fortassis,

171 3511 237 3566 baec
255 3510 307 3566 sibi
325 3510 392 3579 ipsis
409 3509 490 3565 finem
508 3526 578 3582 6666,
595 3528 646 3567 666
664 3520 777 3582 6666166
795 3512 869 3568 61166
888 3511 962 3582 6616,
980 3512 1027 3567 666
1046 3520 1152 3567 mutum
1169 3518 1282 3580 propter
1300 3528 1329 3566 se
1348 3513 1447 3581 expeti.
1477 3512 1518 3566 Si·

172 3598 216 3644 661
234 3589 378 3644 Aristoteli
395 3588 481 3643 forma
500 3590 598 3647 dieitur
614 3591 675 3646 finis
694 3607 764 3660 quo,
791 3608 845 3660 quo
872 3591 975 3645 scilicet
1002 3598 1029 3645 et
1054 3591 1165 3645 6616166
1191 3604 1240 3644 666
1258 3589 1417 3643 terminetur
1435 3590 1519 3644 61616

173 3668 356 3724 conformetur
382 3672 442 3722 res:
470 3666 519 3722 sed
535 3667 708 3723 Ptolemaeus
735 3667 879 3724 manifeste
900 3669 1021 3737 loquitur
1039 3668 1075 3723 de
1101 3667 1173 3722 1166
1198 3668 1299 3736 cujus
1317 3683 1437 3723 66666.
1473 3667 1518 3721 Vi·

172 3749 270 3807 dentur
288 3754 379 3801 autem
397 3746 451 3801 ista
468 3745 592 3803 desumta
610 3762 644 3800 ex
661 3746 825 3815 Aristotele,
853 3745 933 3815 cujus
951 3747 1020 3800 baec
1047 3752 1111 3801 suut
1128 3745 1222 3801 verba:
1258 3744 1517 3814 arcessuros.

171 3843 223 3881 xa·
239 3827 396 3894 6666666161
411 3846 443 3894 τι,
462 3846 504 3877 aaa
520 3826 570 3879 6116
587 3844 664 3894 τινος,
683 3846 726 3879 και
742 3826 793 3881 decr
809 3823 852 3889 ὑφ’
872 3824 903 3878 oi
915 3846 970 3893 666,
988 3845 1035 3878 tec
1046 3841 1149 3894 apesov
1167 3845 1311 3890 6166666666
1330 3823 1408 3892 oribe,
1425 3823 1440 3894 ἢ
1458 3824 1517 3893 aliq,

173 3905 187 3959 i
206 3910 294 3973 1666
312 3903 389 3966 61666
425 3903 530 3973 Quibus
547 3904 636 3959 verbis
653 3903 814 3959 Aristoteles
836 3903 885 3958 ills
903 3903 1184 3975 selumperstringit,
1209 3916 1279 3971 quae
1296 3901 1439 3959 mutationi
1456 3906 1520 3956 sunt

173 3984 305 4051 obnoxia;
322 3982 439 4053 primum
456 3991 586 4038 meterem
605 3983 715 4052 6661611,
733 3991 764 4038 61
782 3998 863 4052 quem
882 3999 916 4036 66
934 3984 994 4052 1666
1011 3983 1162 4038 mutatione
1179 3998 1268 4037 rerum
1286 3980 1393 4036 6616611.

260 4088 306 4145 De
329 4085 481 4145 harmonia
501 4101 596 4161 neque
620 4093 653 4143 ut
674 4083 711 4144 de
732 4085 866 4160 subjecto
881 4082 1093 4160 disputandum
1113 4091 1173 4155 est,
1196 4086 1326 4144 activum
1347 4081 1424 4139 enim
1448 4078 1519 4156 quid
1565 4150 1573 4163 Ι

174 4183 217 4235 eat
238 4176 417 4249 minimeque
438 4175 591 4250 paratuum
619 4168 703 4251 vm),
736 4188 833 4247 nequo
855 4180 888 4230 ut
910 4170 946 4231 66
968 4171 1025 4231 666
1047 4168 1115 4249 11),
1148 4172 1213 4246 1666
1236 4170 1313 4227 enirn
1335 4185 1351 4226 e
1374 4168 1518 4227 66666616

174 4262 261 4322 duem
293 4263 460 4339 quempiam
492 4259 609 4319 coniicit
637 4256 684 4339 ¹),
714 4260 794 4318 verbi
827 4275 919 4319 causa
947 4259 1188 4328 concinnitatem,
1211 4254 1414 4334 aptitudinem,
1438 4254 1519 4314 ordi-

174 4367 250 4422 nem,
275 4347 454 4423 decentiam,
487 4345 539 4407 sed
561 4354 605 4407 est
627 4352 703 4406 ieter
725 4363 829 4406 causas
862 4346 1008 4406 censenda
1030 4341 1097 4426 111),
1129 4345 1199 4420 6616
1221 4344 1286 4420 1666
1308 4342 1441 4418 subjecto
1464 4359 1518 4402 suo

151 4436 462 4515 ,66661116166661666
484 4435 706 4495 convenientem
728 4446 757 4493 et
779 4435 934 4512 propriam.

261 4544 335 4599 Nota
350 4543 424 4599 VIII.
459 4543 630 4598 Ptolemaeus
648 4542 860 4613 praesupponit,
887 4542 916 4597 id
943 4539 1200 4611 66666666661611
1226 4555 1283 4594 non
1305 4539 1362 4609 jam
1387 4539 1519 4595 16166666

180 4622 467 4692 1666666666666666,
496 4620 544 4677 sed
563 4622 633 4676 inter
650 4621 782 4691 principia
799 4638 898 4676 rerum.
933 4622 1014 4677 Patet
1036 4627 1144 4687 autem,
1172 4634 1279 4687 semper
1303 4615 1405 4685 aliquid
1432 4616 1519 4686 primo

181 4700 265 4770 ipsum
282 4717 334 4771 per
351 4716 381 4755 se
398 4716 459 4756 6666
477 4699 591 4770 6116616,
620 4699 717 4755 661666
734 4700 805 4756 idem
823 4716 884 4756 esse
903 4699 956 4754 alio
975 4699 1056 4754 alicui
1074 4698 1234 4754 efficientem
1252 4702 1301 4752 aut
1316 4695 1456 4750 materiam
1472 4701 1521 4752 aut

182 4779 269 4835 finem.
302 4780 372 4835 Nam
390 4777 546 4833 facultatem
565 4778 730 4847 dijudicandi
748 4777 905 4835 harmonica
923 4785 951 4833 et
962 4779 996 4834 ad
1015 4794 1048 4834 es
1065 4776 1285 4843 accommodandi
1303 4774 1453 4843 subjectum
1472 4774 1520 4830 ali·

183 4858 251 4929 qaod
278 4873 339 4914 esse
357 4857 544 4927 substantiam,
563 4856 659 4913 mentis
677 4854 781 4927 66111661
797 4857 970 4928 facultatem,
988 4857 1017 4914 id
1033 4857 1140 4913 ridetur
1157 4857 1203 4912 bic
1219 4866 1440 4927 praesupponere
1455 4852 1519 4909 Pto·

230 4963 451 5020 xerocepu-u.
731 4958 736 4973 ·
1322 4948 1362 5009 22
