3567 5625
292 407 355 471 ³80
647 423 650 424 ⁷
752 483 756 500 ι
804 403 1122 464 Ριοιιιιιιιιιιιιιιοιιιι

292 581 382 639 solute
399 580 586 639 conlimatur
604 581 665 650 tnui
689 582 773 652 inire,
799 584 846 639 nbi
870 584 906 639 de
930 582 1043 654 siugulis
1070 582 1160 653 agitur
1175 582 1305 653 planetis,
1328 583 1390 653 ipsa
1412 579 1528 638 intensio
1545 587 1637 637 motus

211 711 214 717 .
291 661 435 733 cujusque)
457 660 656 733 comparandus
681 669 724 718 est
747 662 913 720 successioni
936 673 1078 732 sonorum,
1102 661 1218 733 primum
1236 659 1344 730 quidem
1368 669 1396 717 et
1413 663 1523 734 proprie
1546 663 1580 719 ab
1598 666 1637 720 in·

291 742 369 800 mim
391 741 513 798 acumine
536 755 644 812 semper
661 757 756 799 versus
779 743 902 811 grarima
923 757 1010 813 usque
1027 741 1062 797 ad
1085 741 1284 811 gravissimum,
1307 742 1353 810 qui
1375 747 1467 796 tamen
1489 757 1552 798 cum
1568 759 1637 803 sono

291 822 376 879 totins
394 820 514 878 chordae
532 819 616 877 meat
633 822 764 892 diapason
783 837 878 879 versus
897 828 1019 892 acutum,
1039 820 1102 876 iude
1121 821 1217 876 iterum
1233 834 1328 875 sersus
1345 826 1426 876 acuta
1443 820 1471 875 iu
1488 821 1636 898 inlinitum

293 907 322 955 et
339 898 394 956 hoc
410 898 520 969 quidem
539 900 749 970 comparandum
768 910 907 980 segmento
925 901 1020 958 circuli
1037 918 1055 956 a
1072 900 1178 957 duabus
1196 898 1285 956 stellis
1301 899 1458 971 intercepti,
1474 902 1549 973 quud
1566 917 1637 958 cres

292 979 330 1035 cit
347 996 364 1035 ι
381 978 491 1035 minimo
508 978 545 1035 ad
562 980 723 1037 sambuculi
741 983 953 1051 magnitudinem
971 983 1051 1051 inque
1069 979 1196 1051 opposita
1212 977 1305 1034 ιίιιιιιι
1321 986 1400 1049 parte
1416 979 1515 1037 iterum
1532 981 1637 1038 uuilli-

291 1060 377 1128 latur;
404 1059 501 1116 deinde
520 1073 584 1115 vero
602 1069 630 1115 et
648 1060 671 1115 si
689 1066 763 1116 totus
781 1061 897 1118 ιίιιιιιιιι
914 1074 1022 1117 rursum
1040 1064 1211 1128 comparetur
1228 1072 1295 1111 sono
1312 1057 1483 1128 gravissimo,
1501 1075 1639 1131 compara·

231 1149 234 1152 ·
291 1139 366 1195 bitur
382 1137 436 1196 ista
453 1138 589 1210 separatio
607 1140 733 1209 planetae
751 1141 831 1197 unius
848 1142 883 1197 ab
906 1141 960 1197 alio
976 1155 1030 1195 uon
1049 1145 1176 1209 respectu
1193 1138 1326 1205 segmenti
1347 1137 1502 1210 intercepti,
1529 1139 1580 1196 ιώ
1596 1155 1638 1197 re

291 1226 387 1290 spectu
405 1217 507 1273 residui
523 1219 552 1274 in
570 1219 679 1290 circulo,
698 1221 783 1277 motui
801 1222 875 1278 vocis
893 1238 910 1277 a
927 1219 1085 1292 gravissima
1108 1232 1202 1272 uersus
1219 1215 1367 1272 acutiorem
1388 1232 1475 1288 usque
1491 1218 1526 1274 ad
1545 1217 1638 1291 diapa-

291 1314 354 1368 son,
373 1296 443 1353 'lude
460 1297 558 1353 iterum
577 1315 670 1356 versus
687 1301 810 1370 graviora
828 1315 914 1373 usque
932 1300 966 1356 ιι
986 1312 1078 1354 vocem
1096 1295 1240 1364 initialem,
1264 1294 1408 1364 quiscum
1428 1297 1557 1367 planetae
1574 1308 1639 1355 sunt

280 1378 388 1448 iuncti,
414 1392 478 1448 pars
500 1380 650 1448 interceptu
675 1378 767 1434 circuli
794 1386 836 1435 est
859 1377 939 1450 nibil,
964 1394 1028 1451 pars
1045 1375 1155 1432 residua
1176 1382 1219 1431 ast
1235 1376 1295 1445 lpse
1311 1381 1386 1430 tutus
1409 1374 1539 1442 ιιιοιιιιιι,
1567 1394 1638 1449 qnae

291 1457 421 1528 paulatim
441 1464 598 1514 ιιιιιιιιιιιιι
615 1475 703 1529 usque
729 1462 764 1514 ad
783 1459 934 1528 dimidium
957 1467 1023 1514 tuuc
1042 1457 1114 1511 euim
1136 1455 1255 1525 planetis
1281 1455 1316 1511 ab
1334 1453 1507 1524 oppositione
1523 1457 1637 1513 tenden-

290 1536 365 1592 tibus
382 1535 417 1592 ad
436 1537 667 1606 mnjuncuouem.
686 1553 749 1608 pars
768 1537 877 1594 residua
894 1539 992 1609 migrat
1009 1537 1037 1590 in
1056 1535 1212 1605 oppositum
1229 1534 1384 1601 iterumque
1400 1540 1527 1604 angetur,
1552 1552 1640 1606 usqne

291 1614 356 1670 dum
373 1615 423 1671 dat
439 1621 514 1670 totus
532 1614 657 1671 circulus
694 1616 787 1672 Sexto.
823 1616 884 1671 Jaru
902 1615 1045 1673 ffiaemmen
1063 1628 1113 1668 seu
1124 1609 1308 1681 discrepantia
1318 1609 1484 1668 iudicaretur
1494 1613 1640 1683 utriusque

290 1700 463 1767 comparatae
487 1694 527 1749 rei
544 1695 612 1764 ista,
640 1695 712 1764 quod
735 1699 872 1766 separatio
896 1695 1065 1766 planetarum
1083 1695 1119 1748 ab
1138 1690 1251 1746 invicem
1268 1688 1355 1761 (uua
1377 1691 1459 1748 etiam
1475 1693 1594 1749 intensio
1612 1702 1640 1750 et

290 1773 413 1833 mmissio
430 1778 520 1829 motus
537 1772 718 1845 singulorum)
736 1775 773 1830 sit
790 1776 933 1844 mutiana,
957 1782 1053 1830 cautus
1072 1788 1135 1828 vero
1153 1771 1291 1830 ιιιιιιιιὶιι
1311 1770 1421 1827 incedat
1437 1785 1487 1841 per
1504 1769 1640 1828 discretos

291 1868 388 1922 sonos,
414 1870 447 1908 ac
465 1853 488 1906 si
506 1852 549 1906 vel
567 1867 651 1908 sonus
668 1852 812 1909 eliceretur
829 1848 862 1909 e'r
880 1853 984 1909 chorda
1005 1851 1134 1908 continue
1151 1849 1256 1904 minuta
1279 1849 1322 1904 rel
1340 1854 1434 1915 auom,
1458 1855 1491 1905 ut
1506 1849 1540 1905 lit
1556 1850 1639 1908 inter·

291 1933 355 1990 dum
377 1932 405 1989 iu
429 1930 518 1987 uersis
541 1932 693 2002 pandurae,
720 1948 782 1988 cum
806 1933 913 1989 sinister
937 1933 1038 2003 digitus
1063 1931 1191 1987 chordam
1214 1939 1330 2000 tangens
1355 1935 1479 1985 movetur
1508 1935 1539 1983 et
1560 1930 1640 1986 simul

293 2010 392 2067 dextre
408 2025 504 2066 manns
521 2017 614 2065 arcum
633 2017 661 2064 et
677 2017 764 2067 setam
782 2026 831 2080 per
848 2012 977 2068 chordam
994 2012 1086 2078 trahit,
1104 2019 1153 2066 aut
1170 2017 1201 2066 ut
1212 2010 1253 2078 lit,
1270 2023 1332 2064 cum
1343 2008 1463 2064 chordae
1476 2007 1518 2063 vel
1531 2009 1642 2066 fistulae

290 2091 319 2148 in
342 2090 471 2146 mannua
494 2090 619 2145 tensione
642 2100 795 2154 versamur,
821 2091 927 2147 interim
945 2093 1064 2148 sonitum
1087 2090 1130 2146 sui
1147 2095 1280 2161 perpetuo
1298 2086 1456 2144 dissimilem
1474 2086 1572 2156 edum,
1599 2090 1641 2145 rel

291 2186 324 2226 ac
342 2168 365 2225 ιι
383 2167 552 2224 econtrario
570 2167 650 2238 plane
669 2187 686 2224 a
703 2171 848 2225 semisextu
867 2169 992 2225 tardioris
1010 2169 1136 2239 planetae
1155 2168 1246 2223 subito
1259 2168 1373 2223 saltaret
1391 2168 1425 2223 ιι
1444 2167 1559 2224 decrlem
1572 2171 1640 2239 ejus,

292 2247 355 2304 iude
371 2247 407 2302 ad
425 2243 562 2316 sextilem,
590 2263 643 2303 uon
662 2250 772 2304 veniens
790 2249 824 2305 ad
843 2248 944 2319 grados
961 2247 1149 2310 intermedius,
1176 2254 1225 2303 aut
1242 2265 1276 2303 ac
1293 2246 1316 2302 si
1334 2245 1474 2304 celerrimo
1492 2256 1569 2305 motu
1588 2258 1642 2307 tra·
1756 2317 1757 2320 Ἴ

285 2327 383 2396 jiceret
407 2326 459 2382 hos
484 2342 565 2381 arcus
585 2327 774 2396 intermedius,
809 2330 835 2382 in
861 2326 928 2399 ipsis
954 2343 1018 2383 vero
1044 2326 1200 2395 aspectibus
1225 2324 1390 2394 aliquamdiu
1413 2328 1577 2385 subsisteret
1593 2330 1641 2386 iru-

291 2404 407 2463 mobilis.
443 2405 546 2462 Similia
563 2405 597 2461 de
615 2406 768 2463 intensione
793 2416 820 2462 ct
837 2409 994 2464 remissione
1017 2404 1171 2476 cogitanda.
1208 2405 1344 2460 Sicorim
1367 2412 1396 2459 et
1414 2405 1487 2459 uocis
1509 2420 1641 2464 mcensus

291 2484 325 2539 ab
343 2499 398 2539 uuo
416 2485 549 2541 concinno
568 2484 693 2542 adalind
712 2486 739 2540 in
758 2494 892 2540 momento
911 2486 951 2554 tit,
971 2502 1019 2540 nee
1042 2483 1087 2539 ille
1105 2491 1196 2539 motus
1214 2484 1330 2539 sonitum
1357 2482 1469 2552 emittit3
1493 2490 1523 2538 ιι
1541 2485 1589 2541 ιιι
1607 2485 1641 2542 ad

182 2578 191 2584 ·
291 2563 381 2621 locum
404 2563 566 2619 concinnum
589 2565 677 2633 venit,
700 2553 757 2634 ianr
779 2567 806 2620 iu
831 2582 863 2620 eo
886 2572 964 2620 tauto
988 2573 1110 2633 tempore
1127 2563 1297 2627 immoratur,
1322 2561 1492 2631 aequabilem
1514 2564 1641 2620 emittens

294 2657 397 2705 sonum,
415 2649 546 2711 quantum
564 2643 688 2699 ιιιιειιιί
706 2651 734 2700 et
751 2646 894 2715 quantitati
912 2653 1038 2701 courum
1062 2643 1228 2713 singularum
1250 2640 1412 2711 praescribit
1429 2640 1574 2713 rhythmus
1593 2659 1642 2700 seu

292 2727 393 2775 tactus.
429 2718 554 2790 Inferius,
574 2720 618 2776 ubi
637 2722 671 2778 de
689 2724 900 2794 planetariorum
919 2731 1040 2778 moturum
1060 2720 1256 2777 intersionibus
1277 2729 1305 2775 et
1322 2719 1526 2775 remissionibus
1543 2720 1642 2790 agitur,

288 2793 355 2846 loca
376 2790 532 2861 systematis
555 2792 687 2849 concinna
709 2793 838 2849 definient
855 2793 981 2865 planetae
999 2801 1120 2849 motuum
1139 2799 1321 2850 extremorum
1341 2788 1517 2846 diuturnitate
1536 2798 1565 2849 et
1583 2807 1646 2847 con·

239 2880 240 2885 ’
292 2870 399 2936 stands,
417 2887 478 2926 cum
496 2872 669 2928 intermedius
689 2874 813 2930 celeriter
831 2873 1000 2941 perrobseut.
1038 2871 1170 2942 Septimo,
1199 2873 1274 2927 Sicut
1287 2881 1378 2926 motus
1391 2869 1436 2925 dle
1455 2871 1529 2926 uocis
1542 2873 1642 2930 surdus

291 2950 326 3005 ab
344 2965 399 3004 uuo
417 2950 532 3005 arteriae
550 2950 652 3005 circulo
670 2950 817 3019 edulium,
843 2962 890 3008 aut
909 2952 1008 3023 plectri
1026 2951 1245 3023 plectrorumque
1263 2951 1292 3006 in
1309 2950 1368 3019 lyra
1386 2958 1413 3006 et
1432 2951 1555 3021 organis,
1575 2952 1641 3024 digi-

174 3046 176 3049 ’
292 3038 379 3084 torum
398 3030 426 3084 iu
443 3031 580 3086 testudine
598 3039 626 3086 et
642 3029 767 3100 pandura
786 3032 820 3086 ab
839 3047 892 3085 uuo
911 3031 969 3086 loco
988 3029 1106 3087 chordae
1123 3030 1157 3085 ιιι
1170 3030 1260 3099 abum,
1280 3030 1358 3099 siem,
1376 3031 1495 3101 iuquam,
1513 3031 1644 3089 sehabet

227 3167 232 3178 ,
292 3108 336 3162 bic
354 3116 443 3163 motus
461 3108 503 3162 vel
522 3108 607 3163 saltus
626 3108 660 3163 ad
679 3109 894 3178 percussionem,
921 3126 992 3180 quae
1014 3109 1047 3166 ιι
1062 3110 1181 3181 plectro,
1199 3111 1234 3166 ad
1253 3109 1467 3178 asperationem,
1491 3124 1563 3180 quae
1582 3118 1642 3169 seta

300 3188 389 3259 nens,
414 3189 498 3244 etsie
522 3188 556 3241 ad
575 3188 778 3257 expressionem
800 3188 867 3243 clari
886 3190 945 3245 soni
969 3190 995 3243 in
1014 3188 1128 3258 singulis
1152 3205 1266 3260 asperae
1284 3188 1400 3244 amesiae
1417 3189 1525 3244 circulis
1548 3199 1599 3247 aut
1615 3192 1642 3247 iu

292 3266 406 3335 nugulis
433 3267 542 3324 chordis
565 3268 765 3345 immorantem,
798 3270 838 3321 sic
862 3284 1005 3338 possemus
1032 3267 1123 3324 dicere
1148 3283 1179 3323 se
1204 3267 1306 3327 babere
1331 3267 1509 3322 cemationem
1538 3269 1643 3326 stimuli

292 3345 381 3415 hujus,
400 3361 470 3415 quae
488 3354 531 3400 est
548 3361 597 3414 par
614 3354 687 3400 totos
705 3361 784 3401 arcus
802 3345 959 3416 aspectrbus
976 3346 1141 3417 interiectos,
1160 3346 1195 3402 ad
1211 3348 1396 3417 operationem
1414 3361 1463 3401 seu
1481 3346 1642 3417 efficaciam,

291 3439 362 3493 quae
380 3424 514 3494 sequitur,
532 3423 643 3494 planeta
660 3424 687 3478 iu
706 3432 846 3492 aspectum
863 3424 1012 3481 incedente.
1168 3437 1173 3447 ’
1497 3432 1523 3497 0

361 3504 501 3574 Denique,
529 3503 594 3573 quia
613 3502 670 3571 jam
688 3502 756 3558 baec
774 3505 943 3573 comparatio
961 3503 1083 3569 linietur,
1108 3504 1261 3561 addendum
1279 3514 1329 3575 est,
1349 3503 1421 3575 quod
1439 3504 1574 3561 hactenus
1593 3508 1644 3564 ruis

294 3584 407 3641 dilatum
428 3592 456 3640 et
473 3584 521 3649 iis,
547 3598 617 3652 quae
644 3582 738 3637 ultimo
765 3583 839 3638 dicta
861 3584 907 3640 hic
930 3591 1008 3653 sunt,
1036 3584 1182 3655 praecipue
1205 3584 1293 3641 lucem
1322 3583 1415 3652 affert,
1443 3582 1515 3652 quod
1542 3585 1647 3643 scilicet
1714 3640 1717 3650 ,

293 3672 352 3720 toto
369 3680 469 3734 genere
487 3664 595 3720 ιιιιιιιι
618 3678 713 3719 anea
732 3664 906 3733 philosophia
923 3665 1104 3719 Ptolemaeus.
1140 3664 1209 3721 llam
1232 3663 1278 3718 ille
1297 3672 1421 3720 versatur
1442 3662 1470 3716 in
1489 3676 1541 3716 sna
1557 3662 1643 3735 hypo-

293 3741 373 3807 thesi,
391 3750 560 3804 ostensurus
579 3743 651 3813 quod
670 3743 827 3800 harmonica
846 3745 1077 3813 comparationum
1094 3744 1189 3800 harum
1208 3742 1386 3800 fundamenta
1397 3748 1544 3813 propterea
1561 3743 1644 3803 insint
1756 3774 1757 3801 ι

293 3820 383 3891 coelo,
411 3823 475 3891 quia
492 3822 519 3877 id
544 3823 582 3878 ait
598 3822 804 3891 praestantioris
832 3831 953 3878 naturae
987 3824 1049 3892 Ego
1067 3838 1131 3879 uero
1149 3822 1223 3891 dico,
1249 3822 1407 3877 harmonica
1423 3821 1477 3879 ista
1497 3829 1644 3892 propterea
1756 3822 1757 3841 ¹

293 3900 479 3957 tantummodo
506 3900 618 3969 reperiri
641 3901 668 3955 iu
694 3902 912 3972 separationibus
934 3902 1106 3972 planetarum
1127 3901 1163 3965 ab
1185 3901 1311 3971 invicem,
1338 3901 1403 3972 quia
1419 3901 1488 3956 baec
1505 3905 1643 3971 separatio

295 3988 385 4034 motus
403 3978 498 4035 localis
515 3988 558 4034 est
575 3978 739 4047 conticitque
757 3987 859 4035 certam
877 3980 994 4049 aliquam
1013 3979 1221 4052 longitudinem,
1245 3986 1312 4051 puta
1328 3981 1425 4037 cuculi
1440 3983 1543 4042 ruffiaci
1562 4001 1644 4059 appa·

292 4066 394 4116 rentes.
430 4059 489 4128 llle,
507 4057 531 4114 si
548 4065 637 4113 ortum
657 4058 749 4114 muudi
767 4059 909 4128 receperit,
927 4059 1081 4130 contendet,
1099 4058 1228 4128 singulari
1245 4057 1336 4115 studio
1349 4059 1519 4120 introductas
1537 4066 1565 4120 in
1585 4080 1644 4121 eum
1756 4072 1757 4121 ἶ

294 4142 345 4196 bas
362 4139 561 4209 proportiones,
580 4153 631 4208 ego
649 4155 718 4206 nego
736 4137 867 4206 possibile
884 4137 980 4203 icisse,
1004 4146 1034 4192 ut
1052 4137 1270 4201 excluderentur,
1288 4135 1353 4192 data
1370 4141 1453 4196 semel
1470 4143 1644 4213 separatione
1756 4158 1757 4201 ι

279 4219 465 4287 planetarum
488 4220 516 4273 iu
539 4217 658 4289 longum,
681 4217 750 4271 adeo
773 4223 804 4272 ut
826 4219 881 4275 siut
903 4217 1011 4274 soboles
1036 4218 1205 4274 necessitatis
1223 4217 1644 4287 mansuetissimum

293 4296 513 4368 quantitativae),
532 4312 588 4349 nou
605 4294 719 4351 consilii.
756 4295 805 4351 llle
823 4303 913 4365 putat,
931 4296 999 4366 ipsis
1016 4297 1097 4353 etiam
1115 4298 1273 4354 coelestium
1291 4313 1435 4366 corporum
1451 4299 1550 4357 formis
1568 4316 1643 4372 prae

294 4374 400 4431 sidibus
417 4374 512 4431 mutas
532 4390 592 4431 esse
608 4375 773 4446 harmonias,
792 4377 856 4445 quia
873 4382 991 4432 testetur
1008 4376 1189 4448 experientia,
1207 4375 1299 4432 radios
1317 4390 1410 4432 eorum
1428 4378 1505 4435 reiut
1521 4380 1601 4451 ipsos
1617 4396 1644 4437 ιι

294 4454 362 4525 ipsis
385 4471 440 4509 uon
466 4452 546 4508 aliter
570 4454 696 4511 efficaces
721 4469 794 4526 esse,
822 4471 903 4525 quam
926 4454 1082 4510 harmonice
1098 4462 1292 4525 congruentem
1319 4471 1370 4525 ego
1391 4471 1473 4529 nego,
1499 4466 1644 4530 propbmea
1756 4464 1757 4467 ’

294 4534 362 4605 ipsis
380 4534 540 4590 coelestium
559 4532 653 4590 formis
671 4533 767 4591 insitas
785 4533 896 4604 probari
914 4533 1081 4604 harmoniam
1100 4534 1165 4604 quia
1182 4535 1347 4605 operationis
1365 4535 1437 4609 ejus,
1456 4552 1527 4608 quse
1546 4540 1643 4612 allega·
1756 4572 1757 4599 ;

294 4621 340 4668 tur
356 4615 393 4670 ab
408 4612 588 4686 expemeutia,
607 4612 741 4684 principia
758 4613 873 4669 ostendo
891 4611 964 4681 alia,
986 4614 1088 4669 animm
1106 4612 1276 4685 sublunares,
1302 4615 1557 4686 congruentiamm,
1577 4633 1645 4688 quaa

295 4692 455 4763 mudugnut
477 4691 504 4747 in
528 4691 598 4747 binis
621 4691 793 4761 planetarum
818 4691 918 4757 radim,
945 4689 1141 4748 observatrices
1164 4701 1192 4750 et
1208 4695 1406 4764 percsptrices,
1434 4694 1536 4765 qmbm
1553 4697 1643 4763 etiam

295 4772 402 4842 quoties
419 4772 594 4842 contingunt,
617 4770 645 4824 iu
663 4770 791 4841 operibus
810 4770 865 4826 suis
884 4769 1089 4841 sublunambus,
1113 4771 1140 4827 iu
1159 4788 1271 4829 suorum
1293 4771 1402 4842 inquam
1426 4788 1572 4844 corporum
1590 4788 1643 4828 mo·
