3567 5625
710 373 857 430 mnerru
880 373 970 445 ospes
985 375 1046 431 vu.
1423 356 1427 363 ’
1464 375 1525 437 251

139 554 143 563 '
173 554 278 612 mantis
302 552 482 629 astrologiae
504 553 676 613 oerhoribns
697 552 823 613 subinde
843 551 894 617 rel
924 554 1073 629 praefatam
1097 551 1144 612 vei
1158 553 1322 613 interfatur
1344 571 1424 629 sum,
1455 562 1529 613 eon-

174 640 251 700 suito
273 648 438 716 praetereo,
462 650 494 699 ut
516 659 593 717 quae
616 658 674 699 non
697 640 756 700 iaie
779 658 882 718 sparsa
903 648 979 699 suut

259 727 334 786 Cum
357 737 456 788 autern
479 730 674 789 celeberrimis
696 728 843 787 nonnullis
864 728 1070 804 philosophiae
1085 733 1115 786 et
1129 726 1291 788 medicinae
1313 728 1529 805 professoribus

173 818 254 874 risus
277 817 332 874 sim
357 832 463 875 noram
485 816 704 893 philosophiam
719 816 843 876 condere
859 833 983 891 eamque
998 816 1190 888 verissimam,
1213 818 1291 874 omni
1308 833 1377 876 cura
1399 816 1529 877 fovenda

174 912 202 963 et
231 902 384 963 educanda
417 912 460 961 est
491 903 600 963 tenella
626 902 771 978 plantula,
806 912 838 962 ut
866 911 936 961 sunt
963 904 1178 976 uerecundia,
1214 912 1247 962 ut
1268 903 1382 964 radices
1405 910 1476 978 agat
1498 906 1528 961 in

173 992 278 1050 animis
300 990 584 1068 philosophantium,
618 1007 713 1066 neque
740 991 897 1049 suffocetur
930 990 1051 1049 bumore
1073 992 1164 1049 nimio
1187 1008 1327 1050 vanarum
1348 991 1529 1075 popbistica-

172 1082 297 1155 tionum,
318 1095 395 1138 neve
419 1078 602 1154 vulgaturum
626 1079 796 1155 opinionum
810 1080 985 1137 torrentibus
1009 1078 1132 1151 eluatur,
1156 1088 1210 1137 aut
1231 1080 1428 1154 negligentiae
1449 1080 1529 1155 pub·

172 1167 246 1225 iicae
278 1166 434 1240 frigoribus
463 1167 644 1241 obrigescat:
679 1165 758 1239 quod
789 1168 813 1224 si
843 1165 914 1223 mibi
943 1182 1047 1225 carere
1078 1168 1245 1240 contigerit,
1279 1183 1337 1225 non
1366 1182 1422 1242 ego
1446 1166 1529 1225 iilia
1604 1195 1608 1203 ·

174 1256 268 1313 ventis
292 1252 516 1322 calumniarum,
539 1272 575 1314 ne
598 1254 761 1330 frangatur,
785 1269 844 1312 non
866 1271 885 1312 a
909 1251 1023 1313 subdas
1041 1270 1186 1313 censurae
1210 1253 1297 1327 Sole,
1319 1270 1357 1312 ne
1380 1262 1526 1327 exuratur,

176 1345 335 1418 qnisquam
357 1347 467 1399 metuo.

261 1427 337 1487 Cum
358 1429 448 1505 igitur
470 1444 534 1503 cap.
552 1429 578 1484 1.
595 1428 711 1487 animae
734 1426 851 1502 quidem
874 1428 1210 1502 tetigerim-essentiam,
1235 1426 1288 1485 sed
1310 1436 1429 1504 propter
1449 1428 1529 1487 soles

176 1516 362 1588 barmoniae,
387 1512 452 1575 cum
474 1513 637 1574 secundnm
656 1521 745 1589 caput
768 1531 825 1573 nou
849 1532 885 1573 er
909 1514 1041 1590 professo
1064 1514 1100 1573 de
1124 1515 1302 1587 animarit,
1326 1514 1378 1577 sed
1402 1515 1438 1576 de
1460 1515 1530 1575 bar-

175 1605 279 1663 moniis
302 1611 419 1679 propter
441 1605 580 1662 animamr
604 1602 686 1661 lubet
700 1618 777 1661 nunc
797 1603 859 1676 jnm
874 1601 1044 1677 haccepite
1066 1601 1207 1661 disserere
1230 1600 1268 1661 de
1289 1605 1389 1662 anima
1410 1611 1529 1679 propter

176 1693 322 1766 seipsam
344 1691 434 1767 paulo
457 1689 636 1765 generalius,
667 1688 751 1749 iubet
773 1707 808 1749 ex
838 1689 957 1766 epilego
987 1688 1135 1766 epilogum
1158 1690 1254 1749 facere
1277 1693 1421 1763 omniurn,
1453 1706 1529 1766 quae

176 1778 212 1837 ud
235 1786 418 1853 praesentem
439 1779 589 1836 materiam
604 1784 748 1851 spectant,
772 1792 907 1852 quaeque
921 1780 1057 1855 sparsim,
1080 1794 1156 1852 quae
1181 1778 1283 1850 obiter,
1307 1796 1384 1854 quae
1406 1778 1530 1838 latenter

176 1867 261 1937 dicta,
285 1866 333 1923 hic
355 1866 410 1924 sub
433 1881 521 1923 uuum
545 1873 696 1940 aspectum
711 1865 816 1924 referre
839 1873 991 1941 totamque
1006 1867 1048 1924 rei
1072 1873 1207 1924 naturam
1230 1867 1368 1925 continuo
1392 1867 1530 1925 orationis

170 1953 224 2011 iilo
247 1953 402 2027 explicare.

262 2040 333 2099 Esse
355 2040 486 2114 aliquam
507 2040 598 2097 totius
622 2038 749 2098 universi
772 2040 917 2112 animam,
940 2039 1119 2114 praefectam
1143 2041 1271 2100 motibus
1294 2048 1452 2110 asnorum,
1476 2057 1531 2117 ge-

177 2129 320 2187 nerationi
343 2127 565 2198 elementorum,
589 2127 804 2185 conservationi
829 2129 1011 2185 animantum
1034 2134 1064 2186 et
1085 2128 1237 2203 stirpium,
1260 2127 1386 2203 denique
1409 2146 1532 2203 sympa-

176 2217 257 2275 thiae
284 2217 467 2290 superiorum
495 2214 721 2288 inferiorumque
749 2221 886 2286 mutuae,
919 2214 1057 2275 'timaeus
1081 2214 1237 2273 Locrensis
1267 2232 1303 2274 ex
1326 2212 1531 2291 Pythagoricis

176 2305 292 2378 placitis
315 2301 393 2377 apud
411 2301 562 2360 Platonem
586 2298 730 2371 defendit,
754 2299 876 2365 Procius
901 2319 968 2361 vero
991 2319 1057 2361 enm
1077 2304 1161 2375 alias,
1185 2309 1248 2361 turn
1271 2305 1439 2380 praesertim
1464 2319 1532 2362 ver·

177 2393 272 2450 bisin
296 2408 360 2466 cap.
387 2392 412 2447 l.
435 2389 523 2464 hujus
545 2389 612 2447 iibri
633 2387 687 2446 tv.
711 2390 915 2463 transscriptie,
939 2389 1091 2448 stabilivit.
1116 2388 1202 2447 Hanc
1225 2389 1371 2451 diversum
1394 2408 1413 2449 a
1434 2396 1531 2449 mente

178 2483 320 2549 iecerunt,
352 2485 381 2536 et
403 2475 482 2552 quod
504 2493 586 2535 mens
608 2474 730 2552 simplex
755 2466 847 2547 esset,
881 2480 979 2534 anima
1012 2478 1069 2535 isia
1089 2477 1242 2551 multiplex
1267 2478 1470 2547 facultatibus,
1502 2484 1532 2536 et

177 2565 253 2641 qnod
277 2564 363 2624 ideae
387 2566 515 2622 omnium
537 2562 687 2623 sensilium
711 2565 740 2619 in
762 2571 860 2622 mente
884 2565 1013 2623 inessent
1034 2566 1128 2638 primo
1150 2581 1202 2639 per
1216 2582 1257 2638 sc,
1282 2581 1373 2641 purae
1395 2572 1425 2623 et
1445 2560 1532 2623 ideu-

177 2656 259 2726 tinae,
285 2655 313 2709 in
337 2652 435 2710 anima
456 2650 629 2711 secundario
651 2661 768 2727 propter
790 2657 918 2709 mentem
946 2658 976 2710 et
998 2652 1036 2710 ab
1059 2668 1095 2711 ea
1117 2659 1266 2727 acceptae,
1288 2654 1383 2727 magis
1406 2652 1444 2712 ad
1465 2669 1532 2710 ma·

176 2744 276 2799 teriam
301 2742 490 2820 inclinantem
520 2739 596 2797 unde
629 2746 658 2796 et
680 2741 831 2797 nominum
854 2737 1040 2798 distinctione
1070 2740 1133 2811 usi,
1169 2738 1381 2800 intellectuales
1412 2740 1531 2815 quidem

176 2831 222 2888 vei
244 2828 388 2888 mentales
418 2825 623 2902 paradigmata
650 2827 850 2903 appellarunt,
882 2826 1024 2886 animales
1056 2844 1126 2886 vero
1157 2827 1398 2903 paradigmatum
1413 2829 1531 2888 illorum

177 2919 284 2975 icones.
331 2914 452 2974 Summa
474 2931 509 2973 eo
530 2913 621 2985 redit,
654 2921 687 2972 ut
710 2913 891 2972 Christianus
920 2915 1027 2990 aliquis
1056 2913 1195 2974 facillime
1226 2933 1278 2992 pro
1307 2925 1404 2976 mente
1428 2917 1531 2977 Plato·

176 3006 242 3064 nica
265 3005 363 3061 Deum
386 3009 553 3073 creatorem,
578 3018 629 3076 pro
653 3003 752 3059 anima
773 3008 907 3060 naturam
930 3019 1024 3061 rerum
1046 3001 1209 3079 intelligere
1231 3005 1336 3080 possit.

263 3088 383 3165 Quibus
409 3088 450 3146 iiii
480 3090 663 3165 potissimum
694 3090 787 3148 ventis
814 3089 1073 3164 contemplationis
1100 3092 1205 3164 agitati
1236 3090 1370 3153 adhaec
1393 3091 1532 3166 dogmata

128 3211 132 3218 ·
176 3178 356 3254 appulerint,
391 3175 457 3235 aliis
479 3176 611 3251 relinquo
635 3176 854 3246 excutiendum,
887 3193 943 3250 ego
974 3177 1009 3233 de
1041 3180 1174 3252 meipso
1198 3177 1302 3237 dicam,
1348 3179 1386 3237 Et
1407 3180 1532 3255 primurn

176 3265 295 3341 quidem
320 3264 356 3323 de
379 3267 476 3321 anima
499 3266 589 3322 totius
613 3264 739 3322 universi
762 3265 899 3326 stainos
923 3280 1064 3339 repugno,
1086 3264 1158 3322 nibil
1181 3272 1278 3324 temen
1301 3266 1365 3325 boc
1380 3266 1454 3325 libro
1478 3266 1531 3324 lV.

176 3354 285 3412 dicam:
311 3351 426 3410 videtur
449 3352 526 3410 enim
549 3351 587 3427 (si
610 3358 654 3407 est
676 3350 744 3407 talis
767 3347 877 3427 ulique)
901 3353 929 3408 in
952 3360 1051 3410 centm
1074 3351 1181 3424 mundi,
1206 3352 1285 3427 quod
1309 3354 1378 3411 mihi
1403 3354 1452 3412 Sol
1477 3363 1533 3432 est,

175 3441 321 3513 residere,
353 3437 479 3514 indeque
508 3441 535 3495 iu
560 3453 676 3496 ominem
708 3437 772 3513 ejus
806 3437 1028 3513 amplitudinem
1062 3442 1235 3498 commercio
1269 3439 1416 3499 radiorum
1449 3442 1532 3514 lueis,

176 3531 225 3604 qui
249 3526 398 3586 sinticen
421 3527 627 3602 spirituumin
651 3541 770 3600 corpore
794 3525 923 3599 animali,
947 3527 1111 3602 propagari.
1148 3533 1228 3598 [vida
1256 3535 1388 3597 springen
1417 3538 1460 3584 un.
1485 3536 1531 3594 v.)

161 3617 221 3675 ,De
244 3623 351 3674 natura
373 3630 452 3686 vero,
476 3631 552 3687 qnae
575 3622 690 3687 praeest
712 3613 863 3672 elementis
886 3630 1032 3688 quamque
1055 3615 1164 3672 usitato
1192 3614 1323 3689 epitheto
1346 3614 1532 3674 sublunarem

170 3703 312 3780 ,appelio,
339 3702 402 3776 jam
425 3720 445 3760 a
466 3702 570 3774 viginti
594 3701 677 3757 annis
708 3717 764 3773 ego
795 3716 853 3758 non
878 3698 1032 3759 dissimilia
1054 3708 1183 3759 statuere
1206 3703 1308 3776 coepi;
1342 3711 1440 3761 metus
1463 3718 1533 3761 vero

176 3811 239 3850 sum
263 3789 304 3849 ad
332 3789 389 3847 boc
415 3806 472 3846 non
501 3786 625 3846 lectione
654 3787 700 3845 soi
731 3787 923 3846 admiratione
955 3787 1185 3860 Platonicorum,
1215 3787 1268 3847 sed
1295 3788 1360 3848 sola
1388 3798 1418 3848 ei
1448 3792 1534 3848 unica

176 3884 386 3955 tempestatum
410 3876 614 3935 observatione
638 3883 884 3950 aspectuumque,
910 3876 1016 3950 quibus
1040 3875 1107 3934 illae
1130 3878 1252 3948 cientur,
1276 3878 1532 3953 contemplatione.

163 3965 245 4023 ·vidi
271 3966 367 4033 euim,
390 3980 497 4036 magna
520 3964 685 4021 constantia
706 3963 817 4020 turbari
839 3970 949 4022 statum
972 3965 1062 4036 airis,
1094 3966 1209 4039 quoties
1232 3964 1368 4040 planetae
1391 3965 1438 4023 vei
1461 3982 1533 4024 corr-

177 4054 382 4129 jungerentur,
415 4049 463 4108 rel
494 4050 678 4124 aspectibus,
709 4049 800 4125 vulgo
828 4050 1040 4125 astrologorum
1071 4045 1239 4124 celebratis,
1269 4053 1532 4128 configurarentur3
1619 4119 1622 4126 f

181 4140 240 4198 ridi
262 4136 504 4215 tranquillitatem
527 4135 688 4213 plerunque
711 4154 775 4200 esse
800 4139 827 4193 iu
850 4141 932 4210 edre,
964 4139 988 4195 si
1019 4137 1090 4195 nulii
1126 4138 1173 4196 vel
1204 4140 1230 4195 si
1258 4142 1346 4215 pauci
1369 4139 1533 4199 inciderent

182 4235 331 4305 aspectus,
356 4225 403 4283 vei
426 4227 451 4283 ei
475 4223 606 4283 celeriter
630 4223 838 4283 conficerentur
859 4227 1154 4301 transigerenturque.
1201 4223 1265 4284 Hoc
1289 4244 1359 4285 vero
1382 4230 1532 4300 negotium

181 4334 233 4388 ogo
256 4332 315 4373 nou
339 4315 381 4371 ita
403 4313 508 4371 leviter
530 4311 771 4370 considerandum
795 4328 859 4371 esse
883 4314 992 4383 censui,
1015 4316 1057 4370 uti
1074 4311 1180 4387 vulgus
1202 4321 1426 4388 prognostarum
1448 4313 1532 4387 solet,

183 4405 229 4476 qui
251 4404 295 4466 sio
319 4400 487 4460 describunt
509 4397 634 4458 siderum
659 4398 885 4475 apotelesmata,
918 4401 999 4459 acsi
1022 4399 1074 4458 iila
1097 4399 1146 4456 Dii
1170 4398 1289 4473 quidam
1314 4410 1425 4472 essent,
1459 4401 1534 4460 coeii

182 4497 330 4563 terraeque
353 4494 487 4562 potentes
509 4489 664 4560 omniaque
688 4504 723 4545 ex
752 4487 871 4545 arbitrio
896 4495 1035 4560 agentes,
1058 4488 1244 4559 securissimi,
1273 4505 1332 4562 qno
1362 4489 1460 4548 medio
1482 4488 1535 4548 illa

184 4574 410 4650 unumquodque
433 4573 582 4651 perficiant
604 4572 682 4649 apud
706 4590 760 4632 nos
783 4575 810 4631 in
834 4574 950 4646 Terris,
973 4591 1039 4632 cum
1061 4576 1126 4651 ipsa
1148 4575 1178 4632 iu
1200 4574 1283 4633 coelo
1306 4584 1455 4648 moueant,
1480 4594 1534 4636 nec
1610 4575 1617 4590 '

183 4667 350 4739 quicquam,
386 4661 464 4737 quod
487 4662 620 4719 sensibus
642 4668 757 4737 pateat,
797 4660 835 4719 ad
868 4678 922 4720 nos
952 4668 1066 4736 praeter
1096 4659 1195 4719 radios
1225 4660 1338 4722 lucidos
1370 4665 1533 4722 demittant.

182 4749 264 4810 Haeo
292 4752 452 4827 praecipua
489 4750 635 4823 scaturigo
667 4756 711 4806 est
740 4748 973 4806 foedissimarum
1006 4748 1246 4823 superstitionum
1281 4749 1533 4824 astrologioarum.

186 4838 227 4896 At
246 4855 304 4898 non
325 4835 416 4898 valde
437 4843 613 4912 prognostas
636 4836 738 4908 miror,
761 4852 855 4912 genus
877 4836 1030 4895 bominum
1051 4835 1224 4913 plerumque
1246 4837 1401 4917 populare,
1421 4839 1533 4917 puerile
