3567 5625
680 425 764 485 hue
780 426 826 485 Π.
849 426 977 500 daputb
1439 428 1502 488 ult

154 595 261 657 ιιιιιιιιι
282 596 314 659 iu
335 601 416 661 sonis
436 601 526 683 inque
547 601 637 664 radiis
667 605 780 669 Ιιιιιιι
803 602 876 688 (etsi
899 623 937 667 ne
958 605 1035 669 usne
1059 604 1178 682 quidem
1200 604 1270 665 ioris
1291 605 1419 680 invenit,
1450 580 1504 665 sed
1597 626 1601 633 ·

153 681 256 744 saltem
287 689 443 762 umissos,
477 697 511 749 ut
542 688 685 774 dictum),
724 700 756 757 ιι
791 702 823 752 ιιι
854 694 929 755 haec
962 694 1112 772 proportio
1145 695 1184 752 sit
1214 691 1401 767 harmonica,
1439 691 1505 769 ipsa

152 772 194 829 sui
217 771 369 854 archetypi
392 775 548 840 collatione
570 779 648 854 iacit,
670 797 748 856 quse
770 780 941 843 ιιιιιιιὶιι
962 779 1021 841 dici
1042 797 1100 845 nnn
1124 786 1223 859 posset
1251 796 1307 840 nee
1329 783 1390 839 vim
1413 778 1504 839 ullam

152 860 302 922 sortiretur
328 864 359 925 in
380 861 532 925 movendis
556 868 677 944 animis,
707 869 734 929 si
762 870 807 931 sic
828 869 1006 948 archetypus
1033 885 1093 930 non
1115 876 1202 928 esset
1247 866 1327 928 Satis
1351 868 1438 944 igitur
1467 863 1505 929 de

152 948 309 1010 sensilibus
331 949 499 1013 harmoniis.

235 1034 308 1099 Jsm
330 1041 406 1099 eninr
429 1036 636 1127 hermundum
656 1041 743 1101 nobis
765 1049 810 1103 est
832 1042 871 1103 ad
892 1058 983 1122 puras
1013 1050 1043 1105 et
1065 1049 1194 1104 ιιιιιιιι
1215 1041 1396 1115 harmonias,
1426 1040 1505 1101 altc-

153 1140 211 1182 mm
235 1140 278 1186 sc.
301 1124 455 1188 divisionis
476 1134 592 1186 nostrae
614 1129 793 1204 membrum,
817 1129 884 1192 illas
907 1148 1027 1208 nempe,
1057 1147 1144 1207 quas
1150 1128 1218 1230 jam·
1236 1129 1324 1190 modo
1347 1124 1504 1215 statuimus

152 1210 327 1292 archetypos
348 1231 400 1275 ιιι
423 1211 626 1295 paradigmata
647 1215 800 1279 sensilium
820 1217 1046 1297 harmoniarum
1091 1217 1166 1278 liam
1196 1218 1219 1275 ei
1243 1216 1424 1295 archetypi
1417 1210 1503 1277 susm

152 1295 292 1360 haberent
314 1300 532 1364 subsistentiam
554 1308 637 1363 extra
659 1306 803 1378 animam,
826 1290 920 1367 fateor
943 1304 1093 1383 equidem,
1123 1321 1231 1382 magno
1252 1321 1307 1365 nos
1328 1312 1502 1381 argumento

153 1388 258 1462 privari
282 1405 336 1466 pro
358 1388 516 1451 asserenda
537 1391 710 1455 necessitate
740 1394 856 1455 animae
885 1392 925 1454 ad
947 1395 1103 1452 essentiam
1126 1391 1296 1454 harmoniae
1319 1393 1503 1453 constituen-

153 1471 226 1534 dam.
273 1473 366 1554 Atqui
394 1485 476 1539 extra
505 1477 633 1538 animam
662 1477 729 1540 illos
761 1468 937 1542 ιοιιιιίιιιιι
969 1488 1015 1540 ιιι
1046 1481 1213 1558 oppositum
1244 1478 1276 1540 in
1306 1479 1440 1555 adjecto,
1471 1485 1506 1539 ιιι

152 1560 314 1623 audiemus.
358 1564 456 1626 Versa
477 1567 553 1625 enim
576 1572 607 1625 ιι
627 1564 832 1646 archetypicae
854 1567 1040 1642 harmoniae,
1071 1584 1148 1645 quae
1170 1566 1243 1627 nulli
1265 1568 1374 1645 speciei
1403 1565 1504 1627 sensili

152 1649 274 1711 couiuss
295 1652 404 1729 existit,
427 1654 569 1732 principia
590 1660 659 1715 suut
681 1653 870 1716 nihilominus
892 1655 989 1717 divisa
1010 1663 1040 1716 et
1052 1672 1173 1717 numero
1189 1655 1283 1731 plura.
1329 1653 1404 1715 (lum
1425 1656 1504 1715 enim

152 1742 179 1797 et
199 1736 253 1799 illa
276 1741 316 1800 sit
337 1742 496 1820 proportio,
519 1741 641 1818 requirit
660 1743 751 1817 igitur
773 1751 802 1803 et
825 1745 889 1822 ipsa
911 1760 981 1803 snos
1003 1744 1142 1803 terminos
1158 1744 1251 1802 binos.
1295 1740 1338 1802 Hi
1351 1758 1422 1802 raro
1444 1749 1507 1813 ιιι,

152 1826 234 1899 mini,
266 1833 301 1887 ut
329 1826 411 1889 libris
440 1827 585 1906 prioribus
607 1831 831 1906 usurpavimus,
861 1840 931 1890 suut
960 1829 1084 1891 circulus
1106 1838 1186 1893 totus
1216 1838 1245 1890 ιι
1270 1846 1339 1908 pars
1362 1830 1426 1907 ejus
1456 1828 1504 1890 rel
1610 1830 1612 1838 “

151 1920 256 1990 partes
281 1914 414 1992 aliqunto
436 1915 485 1979 vel
499 1914 656 1995 aliquotae,
680 1916 913 1989 demonstratirc
930 1919 1056 1980 rescisso
1072 1935 1152 1981 arcu
1197 1916 1281 1978 Haec
1302 1924 1349 1978 est
1368 1916 1505 1996 specifica

152 2002 348 2080 proportionis
370 2002 555 2067 harmonicae
579 2002 756 2080 differentia,
787 2023 848 2083 qus
870 2023 928 2068 non
952 2012 1066 2066 tantum
1088 2004 1258 2066 harmonica
1285 2006 1434 2084 proportio
1456 2003 1506 2064 di·

152 2089 308 2164 stinguitur
329 2108 348 2151 a
368 2092 601 2170 proportionibus
623 2091 698 2165 eliis,
715 2092 777 2159 ,sub
799 2093 904 2154 eodem
924 2110 1031 2171 genere
1053 2092 1172 2167 locatis,
1195 2090 1248 2153 sed
1270 2094 1359 2152 etiam
1381 2109 1455 2171 pura
1476 2101 1506 2153 et

154 2176 343 2256 archetypica
364 2196 384 2238 a
405 2178 572 2253 sensilibus,
594 2182 650 2239 nisi
673 2187 819 2258 quatenus
841 2198 897 2241 usn
920 2181 1000 2260 vulgi
1016 2182 1167 2241 tritissimo
1189 2178 1255 2241 sois
1269 2192 1411 2240 sonorum
1431 2196 1505 2239 con·

154 2266 264 2333 multas
294 2265 448 2328 hmmouia
473 2265 587 2327 dicitur.
631 2267 707 2329 Nam
736 2269 767 2328 in
794 2267 851 2330 hec
879 2270 944 2346 ipso
971 2268 1164 2331 ciarisdmum
1195 2273 1318 2346 apparet
1347 2265 1504 2328 discrimen

152 2352 224 2411 inter
245 2369 352 2430 puram
371 2353 554 2417 harmoniam
575 2360 605 2415 ιι
625 2353 809 2416 ιιηιιιιιιι
830 2354 968 2417 sensilem
991 2373 1043 2418 sen
1066 2363 1256 2430 concretam,¹
1277 2353 1356 2432 quod
1380 2356 1408 2413 in
1431 2366 1505 2433 pura

152 2440 265 2499 termini
289 2448 359 2501 sunt
380 2459 415 2502 ιι
438 2441 651 2503 mathematicis
673 2442 837 2520 gononum,
862 2443 970 2505 circulo
993 2454 1023 2505 ιι
1044 2460 1123 2516 meu,
1146 2452 1225 2504 certo
1245 2441 1334 2503 modo
1355 2442 1505 2517 sermatiae

153 2524 243 2588 habet
265 2543 295 2587 n.
320 2527 445 2589 circulus
466 2546 551 2591 suam
573 2529 776 2591 formationem
798 2548 852 2591 seu
874 2530 1079 2607 figurationem
1102 2549 1138 2592 ιι
1160 2548 1193 2589 se
1210 2531 1285 2609 ipso,
1307 2528 1398 2590 habet
1419 2546 1504 2590 arem

152 2630 185 2674 ιι
207 2613 352 2676 subteusa
379 2620 535 2689 terminos,
566 2634 602 2678 ιι
625 2618 733 2678 ιὶιιιΙο
757 2618 895 2694 figuram3
923 2621 952 2677 in
982 2617 1140 2685 sensilibus
1164 2634 1234 2679 vero
1257 2616 1416 2679 immonis
1444 2632 1504 2690 non

152 2708 195 2762 est
226 2718 303 2781 opus
333 2703 389 2766 hac
417 2705 539 2784 speciali
566 2702 755 2780 formatione,
788 2714 911 2784 possunt
938 2709 1015 2768 enlm
1042 2724 1107 2768 esse
1139 2706 1186 2767 rel
1213 2712 1311 2767 rectae
1332 2705 1428 2765 lineae
1455 2703 1504 2764 vai

151 2787 236 2851 aliter
261 2788 405 2867 figuratae
433 2795 613 2872 quantitates
642 2792 781 2868 sensiles,
814 2792 972 2856 dnmmodo
1002 2797 1061 2857 sint
1088 2794 1177 2873 hujus
1204 2791 1410 2871 archetypicae
1432 2808 1504 2854 suae

151 2877 322 2940 harmoniae
345 2879 404 2942 lida
427 2881 612 2961 exemplaria,
637 2885 665 2941 in
688 2883 852 2959 quantitate
867 2882 1018 2959 qrraeiibet
1031 2902 1095 2956 sna,
1118 2891 1259 2960 quantum
1275 2880 1393 2959 quidem
1408 2886 1506 2959 potest

153 2983 216 3027 esse
239 2966 318 3028 iidae
341 2967 513 3030 imitationis
536 2972 565 3028 in
587 2968 674 3030 rebus
696 2969 871 3044 sensilibus,
901 2971 983 3051 quia,
1005 2970 1085 3049 quod
1108 2972 1137 3029 in
1159 2972 1196 3029 its
1219 2986 1288 3031 vero
1310 2971 1505 3049 propinquum
1626 3043 1631 3052 ,

152 3060 195 3115 est
216 3052 379 3115 meandum
401 3058 495 3134 magis
517 3064 547 3118 et
569 3057 675 3132 minus,
697 3056 728 3117 id
749 3074 802 3138 pro
817 3051 882 3134 ipso
906 3075 977 3119 vero
996 3060 1143 3137 recipitur.
1187 3055 1228 3117 Hi
1244 3065 1311 3117 sunt
1333 3057 1423 3134 igitur
1445 3051 1519 3118 ter·‘

151 3143 221 3201 mini
244 3142 415 3204 harmoniae
437 3144 651 3224 archetypicae.

238 3228 355 3292 Deinde
376 3239 491 3311 praeter
512 3233 650 3294 terminos
672 3247 794 3306 mesum,
819 3237 852 3292 ut
875 3233 956 3310 prius
979 3230 1086 3292 dictum
1109 3229 1326 3305 insensilibus,
1349 3232 1505 3308 requiritur

153 3318 241 3378 etiam
266 3334 357 3392 mens,
380 3334 552 3395 comparans
575 3320 713 3380 terminos
736 3325 766 3382 et
788 3318 961 3396 dijudicans,
984 3336 1053 3378 num
1076 3320 1108 3398 ii,
1131 3320 1264 3379 nimirum
1286 3335 1372 3379 arcus
1394 3318 1503 3391 circuli,

152 3403 225 3464 tales
249 3408 319 3476 sint,
342 3422 415 3483 qnos
439 3406 474 3467 de
498 3415 560 3468 ιιιι
583 3406 691 3469 circulo
713 3406 860 3466 rescindat
882 3407 961 3467 latus
983 3404 1104 3485 aliquod
1127 3406 1237 3484 figurae
1259 3404 1504 3467 demonstrabilis.
1548 3439 1552 3444 ,

152 3489 259 3568 ltaque
283 3494 339 3554 tria
360 3492 579 3570 quodammodo
601 3503 669 3554 sunt
691 3495 833 3571 principia
855 3493 1026 3555 harmoniae
1041 3492 1257 3572 archetypum,
1280 3495 1339 3553 duo
1362 3510 1398 3554 ex
1422 3502 1504 3570 parte

153 3581 360 3640 terminorum:
391 3582 557 3656 materiale,
587 3589 620 3641 nt
641 3581 794 3657 analogice
817 3581 936 3659 loquar,
968 3580 1089 3642 circulus
1119 3592 1148 3641 et
1176 3582 1345 3658 perseius,
1373 3579 1505 3655 formale,

153 3669 291 3728 rescissio
313 3670 404 3745 partia
425 3687 479 3745 per
499 3668 621 3741 figuram
645 3668 920 3743 demonstrativam
943 3676 972 3729 et
995 3686 1085 3729 uuum
1107 3686 1143 3729 ex
1165 3674 1247 3745 parte
1269 3669 1361 3744 ipsius
1384 3668 1506 3728 relatio·

152 3754 197 3814 uis
226 3755 428 3828 terminorum,
466 3758 579 3818 scilicet
608 3755 736 3817 efficiens
765 3751 1016 3837 (quodammodo)
1045 3774 1136 3816 mene.
1187 3754 1318 3830 Cumque
1355 3757 1505 3834 proportio

26 3885 27 3888 η
154 3843 247 3901 omnis
272 3850 302 3903 et
323 3844 367 3903 sic
390 3846 479 3904 etiem
500 3843 574 3905 haec
596 3846 686 3920 partis
708 3843 808 3904 circuli
830 3841 868 3903 ad
891 3849 985 3903 totum
1015 3843 1055 3903 sit
1076 3846 1105 3902 iu
1128 3842 1362 3921 praedicamento
1384 3842 1505 3902 relatio·

152 3931 207 4004 uis,
227 3930 293 4006 jam
314 3929 389 3992 haec
403 3938 484 3992 certa
507 3940 536 3993 et
551 3932 696 4009 descripta
708 3931 906 4009 proportionis
921 3931 1016 3992 iorma
1037 3930 1125 3992 babet
1139 3949 1172 3990 sc
1192 3937 1225 3989 ιι
1239 3928 1368 4007 qualitas
1383 3941 1505 4006 quartae
1580 3957 1587 3970 ·

154 4018 273 4096 speciei.
319 4018 372 4078 Est
401 4020 478 4079 enim
507 4018 659 4080 bannonis
687 4019 791 4079 relatio
826 4015 1044 4095 quodammodo
1077 4016 1253 4095 qualitativa
1285 4033 1338 4078 ιιι
1371 4016 1504 4092 figurata,

154 4106 264 4182 qnippe
287 4122 307 4164 a
329 4105 429 4183 liguris
450 4107 633 4183 regularibus
664 4106 796 4168 formata.
843 4104 956 4182 Quodsi
985 4107 1066 4184 prius
1094 4105 1132 4166 ad
1155 4107 1311 4166 essentiam
1334 4104 1504 4164 harmoniae

155 4191 271 4254 sensilis
294 4195 443 4271 pertinuit,
467 4201 500 4255 ut
521 4194 640 4255 serisiita
663 4211 714 4272 per
735 4194 863 4274 speciem
884 4194 1039 4254 influerent
1061 4195 1090 4251 in
1113 4195 1254 4266 animaru,
1278 4197 1388 4269 quanto
1410 4192 1504 4268 magis

155 4283 241 4343 etism
263 4279 314 4340 hic
335 4298 456 4342 necesse
479 4291 532 4355 est,
557 4289 588 4343 ιι
609 4299 685 4359 quos
707 4279 831 4342 diximus
853 4280 1023 4342 barmoniae
1042 4288 1171 4342 secretae
1193 4280 1339 4354 terminos,
1365 4277 1504 4338 circulum

156 4377 187 4428 et
207 4386 306 4430 arcum
328 4367 402 4445 eins,
425 4370 445 4427 ii
469 4373 528 4430 sint
551 4371 578 4428 in
602 4376 698 4431 mente
720 4371 786 4448 ipsa
808 4370 894 4443 intus,
924 4370 988 4429 sive
1009 4367 1039 4426 id
1062 4368 1129 4443 quis
1151 4382 1202 4445 per
1223 4369 1335 4446 speciae
1358 4369 1433 4425 intro
1455 4380 1504 4423 re·

155 4463 254 4533 ceptae
276 4455 386 4517 iactum
416 4472 481 4518 esse
504 4456 598 4537 dicat,
627 4459 779 4518 sinaeum
806 4458 872 4532 ipsa
900 4463 996 4516 mente
1024 4454 1263 4534 perennaverint,
1292 4461 1360 4513 ante
1389 4469 1506 4513 omnem
1637 4511 1647 4524 ,

155 4545 349 4622 ιιιιιιιιιιιι
373 4545 450 4603 intus
471 4553 653 4623 praesentes,
677 4542 713 4603 de
736 4559 795 4620 quo
814 4542 877 4619 jam
902 4559 987 4619 porro
1009 4542 1094 4603 nobis
1117 4540 1252 4602 omnibus
1267 4539 1374 4616 ingenii
1393 4539 1504 4600 viribus

156 4632 211 4692 erit
231 4629 452 4709 dispiciendum.

241 4717 315 4779 ilum
338 4724 436 4779 autem
465 4714 504 4776 ad
525 4716 603 4776 huuc
624 4716 722 4777 locum
746 4713 809 4792 jam
832 4714 1051 4784 devenerimus,
1079 4732 1137 4777 nou
1167 4711 1302 4791 equidem
1331 4713 1394 4774 sine
1417 4712 1503 4773 incu-

155 4803 236 4866 lents
254 4806 365 4883 inJuris
383 4812 443 4865 tam
466 4805 582 4866 lectoris
604 4797 808 4882 philosophiae
830 4802 940 4882 cupidi,
971 4820 1060 4880 quam
1083 4809 1223 4876 setarum,
1247 4802 1299 4879 qui
1313 4800 1390 4860 hane
1405 4799 1503 4877 phile·

156 4892 278 4971 sophiae
299 4899 413 4973 partem
434 4899 502 4954 ante
522 4909 578 4953 nos
600 4892 753 4965 triverunt,
783 4892 913 4970 ipsorum
934 4890 1046 4969 placita
1073 4889 1109 4954 de
1130 4888 1216 4952 rebus
1238 4887 1343 4950 iisdem
1366 4887 1505 4950 dissimu-
