3567 5625
583 431 590 456 ⁸
634 450 878 515 umoausuosc.
913 453 998 512 Liber
1013 454 1037 511 1.
1476 460 1515 520 er
1624 463 1632 484 ¹

165 639 265 714 partes
288 632 363 694 duas
384 632 570 713 inaequales,
600 637 653 695 aut
681 634 864 695 conterantur
895 649 931 694 ex
962 633 1084 694 duarum
1115 630 1219 693 talium
1239 631 1422 695 sectionibus
1443 634 1518 697 duaa

164 739 359 800 quaecunque
381 732 496 799 partes,
534 720 585 781 vel
609 723 789 798 compositae
813 738 849 782 ex
870 721 1012 798 partibus,
1038 721 1085 780 vel
1102 721 1281 797 compositas
1304 723 1450 799 potentias
1472 723 1519 781 di·

164 812 332 869 ninutasue
355 811 522 872 extalibus
546 809 706 883 babentes,
738 807 815 870 duaa
837 810 956 884 iuquam
979 811 1009 866 iu
1031 826 1138 886 genere
1161 809 1347 884 inaequales:
1377 809 1447 869 illae
1469 819 1521 870 aut

165 905 251 958 erunt
279 893 464 974 longitudine
494 896 775 958 commensurabiles
801 898 878 956 inter
907 912 952 972 se,
984 903 1035 957 aut
1064 895 1373 957 incommensurabiles
1402 897 1520 974 quidem

167 984 360 1062 longitudine,
384 983 664 1045 commensurabiles
687 1001 758 1044 vero
781 984 922 1062 potentia.
960 982 1017 1044 Hic
1040 975 1180 1061 quamvis
1199 1002 1217 1043 a
1240 987 1520 1047 commensuratione

166 1073 253 1150 plane
275 1081 460 1133 recesserunt
481 1072 626 1149 singulae,
658 1078 689 1132 at
715 1072 837 1148 junctae
867 1078 965 1132 tamen
995 1071 1154 1134 nonnullae
1175 1068 1273 1130 adhuc
1295 1072 1345 1133 vel
1367 1072 1519 1149 quadratis

165 1164 195 1219 in
217 1177 309 1220 uuam
331 1178 475 1220 summam
492 1159 636 1234 collatis,
667 1158 715 1219 iel
744 1159 916 1235 rectaugulo
946 1161 1137 1220 communiter
1163 1158 1302 1235 formato,
1337 1163 1519 1228 constituunt

165 1248 255 1328 plana
277 1248 419 1308 mutunus
442 1246 602 1324 explicata,
631 1263 691 1305 nou
713 1247 809 1307 minus
840 1265 930 1324 quam
951 1246 1029 1308 idem
1050 1247 1162 1309 iaciunt
1192 1253 1221 1307 et
1242 1245 1325 1322 illae,
1354 1265 1429 1324 quae
1452 1255 1521 1308 sunt

166 1339 240 1396 iuter
261 1353 296 1395 se
323 1334 607 1396 commensurabiles.
653 1333 788 1394 Ceterum
818 1352 884 1395 cum
913 1334 1067 1413 multiplex
1095 1338 1134 1395 sit
1155 1332 1258 1394 talium
1288 1333 1410 1395 duarum
1431 1336 1518 1413 plane

167 1424 505 1484 incommensurabilium
522 1420 680 1499 copulatio,
704 1422 764 1483 alia
779 1421 839 1483 alia
860 1422 1034 1500 ignobilior:
1056 1439 1115 1483 non
1137 1425 1296 1502 poterimus
1312 1439 1411 1484 omnes
1434 1425 1519 1501 bigas

168 1513 196 1570 in
219 1528 312 1570 uuum
334 1510 457 1587 gradum
479 1510 594 1572 reierre.

259 1614 363 1678 XVII.
386 1613 590 1676 Definitio.
636 1613 681 1674 Sit
709 1631 778 1693 ergo
808 1618 927 1694 quintus
954 1617 1094 1679 scientiae
1116 1612 1240 1693 gradus,
1271 1630 1338 1674 cum
1367 1613 1443 1676 duae
1466 1633 1521 1677 nec

168 1702 301 1763 affabiles
322 1704 427 1764 ambae
449 1719 504 1762 nec
524 1719 623 1763 mesae
645 1702 830 1780 ampliusque
863 1706 938 1763 inter
958 1721 990 1764 se
1012 1704 1099 1781 plane
1127 1702 1442 1768 incommensurabiles
1470 1712 1519 1763 ut-

170 1808 295 1867 mmquc
324 1789 436 1851 iaciunt
465 1789 589 1863 effabile,
619 1797 648 1850 et
671 1807 814 1850 summam
832 1791 1051 1870 ¹quadratorum
1080 1797 1110 1852 et
1133 1807 1285 1851 commune
1313 1791 1521 1866 reetangulum,
1622 1849 1624 1854 .

168 1880 334 1938 conminus
346 1897 431 1956 quam
444 1885 597 1955 utrumque
610 1878 714 1936 horum
728 1878 840 1938 iaciunt
855 1878 930 1939 duae
941 1877 1123 1956 longitudine
1144 1878 1277 1938 effabiles
1291 1873 1386 1954 (Euri.
1406 1877 1447 1952 X,
1458 1875 1519 1960 20),

169 1965 216 2026 rel
241 1968 333 2027 etiam
357 1966 431 2028 duae
454 1967 519 2026 sola
540 1968 673 2043 potentia
696 1965 843 2042 effabiles,
874 1965 927 2028 sed
956 1968 1031 2027 inter
1059 1957 1211 2030 solamen
1233 1963 1416 2040 longitudine
1440 1982 1521 2026 com-

170 2054 399 2130 mensurabiles,
431 2073 483 2132 per
505 2053 637 2114 eandem.
683 2048 724 2112 Ut
746 2053 823 2113 latua
846 2051 882 2113 de
906 2053 1049 2131 quadrato
1063 2058 1092 2112 ‘2
1125 2062 1154 2113 et
1176 2052 1254 2113 letus
1277 2052 1312 2112 de
1336 2052 1520 2129 quadratoti

171 2149 240 2201 sunt
262 2145 339 2201 inter
360 2161 392 2202 sc
415 2144 445 2200 in
467 2143 653 2220 proportione
679 2139 778 2217 dupla,
803 2143 872 2219 quia
887 2143 1031 2218 quadrata
1044 2149 1112 2201 sunt
1135 2143 1208 2201 inter
1229 2156 1261 2199 se
1284 2141 1313 2197 in
1335 2142 1523 2217 proportione
1623 2213 1629 2221 Ι

173 2229 347 2308 quadrupla
393 2229 468 2290 Sunt
490 2245 559 2306 crgo
582 2227 767 2305 longitudine
790 2227 908 2306 quidem
931 2228 1108 2303 ineffabiles,
1133 2235 1164 2286 at
1186 2229 1260 2286 inter
1282 2243 1314 2286 se
1337 2243 1523 2288 commensu-

170 2317 289 2378 rabiles.
334 2318 442 2379 Earum
464 2316 651 2395 quadrata-a
676 2321 706 2376 et
730 2316 748 2374 8
769 2315 873 2392 juncta
894 2317 1006 2379 iscium
1023 2318 1073 2390 10,
1097 2313 1212 2376 effabile
1234 2313 1363 2391 planum,
1389 2323 1418 2375 et
1440 2317 1523 2392 ipsae

171 2407 200 2462 in
232 2423 265 2467 se
298 2406 509 2482 multiplicatae
540 2401 630 2486 (quod
660 2409 705 2463 est
733 2402 934 2483 reetenguium
965 2399 1100 2484 formare)
1130 2403 1241 2463 iaciunt
1268 2401 1471 2478 rectauguium
1494 2403 1523 2477 4,

172 2494 260 2552 etiam
284 2492 411 2554 effabile.
421 2490 446 2573 ⁴)
490 2492 556 2552 Hoc
577 2492 670 2564 idem,
699 2491 838 2567 inquam,
868 2491 981 2552 iaciunt
1009 2494 1098 2553 etiam
1129 2489 1205 2550 duae
1235 2504 1289 2548 nec
1317 2489 1448 2549 effabiles
1470 2505 1524 2550 neo

174 2599 272 2640 mesae
296 2581 480 2658 ampliusque
508 2582 583 2639 inter
609 2597 642 2639 se
669 2577 758 2656 plane
780 2577 1104 2641 incommensuiabiles:
1135 2593 1229 2653 eoque
1250 2592 1327 2649 non,
1358 2583 1391 2636 ut
1413 2578 1523 2653 priores

173 2667 257 2741 illae,
292 2670 321 2726 in
353 2666 513 2729 secundum
548 2668 597 2728 rel
625 2667 742 2727 tertium
776 2666 899 2746 gradum
933 2667 1072 2727 scientiae
1099 2669 1169 2724 suut
1197 2662 1381 2739 referendae,
1412 2662 1465 2723 sed
1494 2665 1525 2722 in

173 2758 317 2834 quintum.

259 2852 340 2911 Nota
360 2854 460 2929 tgiutr,
483 2851 562 2930 quod
585 2854 614 2910 iu
636 2851 694 2912 hoc
715 2850 809 2931 gradu
827 2867 1026 2911 mensuremus
1047 2865 1105 2909 non
1127 2848 1221 2909 lineas
1244 2850 1324 2926 ipsas
1346 2864 1400 2908 nec
1422 2848 1525 2925 singu·

177 2938 271 2998 laum
294 2932 453 3016 quadrata,
477 2938 529 3000 sed
553 2956 752 3003 mensuramus
775 2946 805 3000 et
826 2956 978 3000 commune
1001 2940 1130 3016 ipsarum
1152 2935 1353 3013 rectangulum
1376 2942 1406 2995 et
1424 2935 1528 3012 Juncta
1608 2964 1613 2971 ,

116 3052 118 3055 ·
176 3030 330 3104 utriusque
354 3025 499 3105 quadrata
521 3029 551 3084 iu
572 3044 660 3088 unam
684 3046 843 3104 summam,
866 3036 899 3087 ut
922 3024 1000 3103 quod
1022 3027 1073 3085 uni
1096 3023 1239 3102 quadrato
1255 3023 1337 3086 deest
1360 3026 1527 3102 quominus

176 3118 214 3174 sit
237 3115 364 3190 effabile,
388 3113 418 3173 id
440 3115 478 3174 ab
493 3111 592 3174 ⁴altero
617 3118 760 3192 quadrato
783 3118 896 3177 sociato
920 3120 1021 3176 exacte
1045 3118 1254 3191 compensetur.

264 3218 384 3278 XVIII.
400 3218 599 3279 Definitio.
634 3221 745 3289 ¹Sentus
767 3230 797 3282 et
819 3219 977 3298 ignobilior
991 3219 1130 3279 scientiae
1144 3216 1253 3295 gradus
1276 3225 1329 3292 est,
1352 3235 1418 3278 cum
1439 3216 1527 3277 biuaa

174 3308 306 3385 junctae,
331 3324 406 3384 quae
429 3323 483 3366 uec
506 3306 637 3368 effabiles
659 3328 715 3371 nec
736 3326 835 3371 mesae
858 3308 964 3370 smbse
985 3306 1073 3368 simul
1096 3307 1242 3383 etiamque
1265 3307 1340 3366 iuter
1362 3323 1394 3366 se
1415 3305 1528 3365 incom-

177 3394 406 3469 mensurabiles,
438 3394 608 3455 alterutrum
632 3397 737 3458 saltem
759 3395 876 3458 effabile
898 3396 1024 3465 iaciunt,
1046 3392 1189 3470 reliquum
1211 3410 1283 3453 uero
1305 3409 1413 3454 mesos.
1458 3392 1528 3451 Est·

176 3501 232 3560 que
254 3484 404 3559 geminus:
429 3489 481 3542 aut
504 3483 580 3541 enim
603 3501 718 3545 summa
741 3484 950 3562 quadratorum
964 3481 1097 3554 effabilis,
1120 3479 1322 3556 reetangulum
1343 3497 1453 3555 meson,
1477 3485 1528 3539 aut

175 3569 225 3631 illa
247 3588 360 3645 meson,
382 3568 440 3631 hoc
461 3569 578 3629 etiabiie
601 3579 654 3631 est.

261 3670 330 3724 Illae
349 3668 447 3724 effectu
473 3668 573 3723 similes
592 3676 655 3723 sunt
682 3670 787 3725 duabus
807 3670 970 3740 effabilibus,
995 3669 1055 3725 sola
1080 3667 1203 3737 potentia
1229 3666 1527 3725 commensurabilibus.

174 3748 244 3803 Nam
261 3746 402 3817 potentiae
420 3746 529 3815 ambae,
557 3747 610 3804 hoc
633 3754 676 3804 est
694 3751 827 3820 quadrata
851 3748 984 3819 effabilis,
1010 3748 1116 3804 iaciunt
1133 3746 1214 3801 etiam
1233 3762 1364 3803 summam
1383 3745 1525 3813 utriusque

176 3827 318 3883 affabilem.
355 3824 552 3894 Rectangulum
570 3843 633 3883 rere
652 3836 696 3885 est
712 3846 807 3885 meson
825 3827 913 3897 (Eucl.
932 3828 966 3882 X.
979 3827 1031 3896 22).
1067 3826 1128 3882 Hoc
1145 3842 1208 3882 vero
1228 3825 1328 3882 effectu
1346 3824 1447 3899 similes
1465 3829 1530 3881 sunt

176 3905 282 3963 duabus
301 3904 391 3973 masis,
408 3903 467 3959 sola
483 3905 606 3973 potentia
625 3907 926 3977 commensurabilibus,
944 3922 1014 3977 quae
1032 3911 1095 3960 sunt
1113 3904 1148 3961 ad
1166 3920 1195 3959 se
1213 3911 1307 3961 mutuo
1326 3911 1357 3960 ut
1373 3903 1444 3960 duae
1462 3900 1527 3957 effa·

175 3985 252 4053 biles,
270 3984 344 4039 inter
360 4000 428 4053 quas
445 3982 533 4053 prima
550 4000 585 4040 ex
603 3985 620 4041 2
637 3986 720 4040 mesia
738 3992 780 4041 est
796 3984 1008 4055 proportionalis
1032 3982 1121 4038 media
1148 3984 1234 4050 (Eucl.
1252 3985 1285 4039 X.
1305 3984 1347 4052 26,
1367 3983 1422 4052 28).
1459 3983 1530 4038 Nam

176 4064 238 4135 quia
256 4068 321 4118 sunt
337 4061 461 4131 potentia
478 4065 747 4134 commensurabiles,
767 4064 875 4119 additae
889 4064 972 4133 igitur
988 4061 1126 4133 potentiae
1143 4061 1246 4119 facium
1258 4078 1389 4118 summam
1406 4063 1529 4133 partibus

177 4142 456 4199 commensurabilem.
492 4145 529 4196 At
551 4150 643 4213 partes
661 4149 725 4199 suut
742 4159 831 4213 mesa,
858 4149 886 4197 ct
910 4141 983 4211 quod
1000 4156 1075 4195 meso
1099 4146 1141 4196 est
1159 4141 1413 4210 commensurabile,
1439 4142 1529 4210 ipsum

64 4302 68 4307 Ι
178 4224 258 4278 ctiam
275 4229 320 4276 est
337 4235 432 4275 meson
448 4220 536 4289 (ituci.
554 4221 588 4276 X.
606 4222 659 4289 24).

262 4314 322 4373 Hic
345 4312 549 4390 rectangulum
572 4314 705 4372 binarum
728 4314 863 4372 metimur
886 4312 1003 4389 quidem
1031 4311 1120 4390 plano
1150 4311 1293 4389 quadrato
1318 4311 1467 4384 diametri,
1498 4317 1530 4371 at

180 4419 237 4462 non
260 4405 352 4463 etiam
375 4416 518 4460 summam
542 4385 765 4476 quadmtorum:
789 4418 857 4459 nam
880 4400 975 4460 solum
998 4403 1162 4459 invenimus
1186 4398 1259 4459 duas
1281 4399 1390 4473 lineas,
1412 4404 1530 4458 rectan-

183 4490 285 4566 guium
310 4491 337 4549 ei
361 4486 485 4569 aequale
507 4489 676 4561 formantes,
702 4506 824 4564 quarum
848 4486 991 4565 quadrata
1013 4489 1166 4547 metiamur
1190 4485 1332 4563 quadrato
1356 4486 1498 4546 diametri.

268 4592 362 4654 XIX.
387 4592 587 4653 Definitio.
633 4590 783 4669 Septimus
806 4591 903 4652 adhuc
925 4590 1081 4669 ignobilior
1102 4592 1242 4650 scientiae
1257 4587 1364 4664 gratim
1387 4595 1440 4663 est,
1464 4606 1530 4649 cum

183 4680 303 4741 duamm
326 4681 401 4740 inter
423 4698 454 4740 se
478 4680 816 4740 incommensurabilium
837 4686 940 4740 neuter
963 4681 1082 4741 effectus
1105 4686 1149 4739 est
1171 4675 1311 4749 effabilis,
1339 4694 1396 4737 nec
1416 4693 1531 4738 summa

185 4769 408 4846 quadratorum,
433 4785 487 4827 nec
510 4784 663 4829 commune
686 4767 904 4844 rectangulum:
929 4765 981 4827 sed
1003 4774 1100 4827 tamen
1123 4763 1219 4826 adhuc
1241 4770 1396 4842 utrumque
1417 4782 1528 4825 meson.

267 4868 350 4925 Hisce
373 4876 437 4923 sunt
459 4867 558 4925 effectu
573 4866 675 4922 similes
693 4864 763 4922 duae
786 4880 886 4934 mesae,
904 4864 1028 4935 potentia
1045 4865 1104 4920 sola
1117 4863 1389 4933 commensurabiles,
1417 4879 1529 4933 quarum

185 4965 237 5004 uua
254 4949 290 5004 sit
307 4950 341 5004 ad
360 4948 488 5018 alteram,
519 4955 550 5005 ut
574 4964 629 5004 una
652 4961 761 5016 earum,
787 4961 855 5017 quas
877 4944 948 5001 inter
971 4959 1045 5003 mese
1063 4959 1125 5005 rere
1143 4949 1187 4999 est
1204 4940 1293 5001 media
1310 4939 1528 5017 proportionalis,
