3567 5625
563 389 691 449 270
1325 382 1409 438 De
1445 380 1688 439 Motibus
1722 337 2071 439 muamus
2106 377 2480 441 narmoniae.-

729 557 823 612 IX.
858 557 1280 627 Demonstratio,
1317 557 1463 627 quod
1499 557 1569 612 ad
1588 556 1959 613 'obtinendam
1994 558 2137 613 hanc
2167 558 2575 627 dispositionem
2606 560 2974 617 harmonicam
3002 561 3263 617 eccentri-

559 638 1140 727 citatesuplanetarum
1190 635 1318 691 illae
1360 637 1542 706 ipsae,
1594 650 1734 704 quas
1782 635 2012 705 quilibet
2057 653 2156 707 pro
2216 652 2277 692 se
2333 639 2528 707 habet,
2581 647 2639 695 et
2675 657 2783 695 non
2820 640 2960 697 aliae
3016 630 3270 697 constitui
3326 683 3331 690 ,

562 717 1100 862 debuegntiepssogus
1138 793 1205 848 de
1242 792 1392 860 Sole,
1431 806 1500 846 ex
1536 792 1868 861 conjecturis
1904 795 2426 864 praegnantissimis.

654 941 681 954 „
731 896 1021 968 Appendix
1056 896 1248 951 habet:
1287 897 1329 951 Ι.
1366 896 1688 951 versionem
1723 896 1848 950 libri
1885 897 2033 951 tertii
2071 899 2518 954 Harmonicorum
2552 899 2852 955 Ptolemaei
2900 916 2935 954 a
2970 900 3150 968 capite
3173 900 3267 967 111,

555 978 648 1047 qui
681 973 879 1032 tractat
916 975 1147 1030 eandem
1194 977 1492 1030 materiam.
1564 976 1636 1032 11.
1678 975 2087 1044 Suppletionem
2139 986 2324 1031 textus
2360 978 2705 1042 Ptolemaici,
2751 979 2809 1032 in
2850 977 3025 1033 tribus
3072 979 3271 1033 ultimis

555 1056 853 1112 Ptolemaei
905 1056 1207 1125 capitibus,
1258 1072 1486 1125 quarum
1534 1055 1790 1108 lemmata
1835 1054 1954 1108 sola
1996 1056 2182 1124 posuit
2228 1056 2588 1111 Ptolemaeus.
2623 1082 2631 1087 ·
2663 1057 2760 1110 111.
2806 1057 2978 1110 Notas
3029 1056 3101 1111 ad
3135 1058 3274 1111 hanc

553 1145 763 1204 partem
799 1136 1265 1204 Harmonicorum,
1304 1135 1502 1203 quibus
1536 1141 1816 1190 auctorem
1853 1133 2085 1206 explic0‚
2124 1134 2302 1190 refuto
2340 1134 2568 1205 ejusque
2605 1135 2689 1190 vel
2714 1136 2932 1191 inventa
2967 1137 3055 1190 vel
3091 1142 3267 1192 atten-

554 1222 672 1269 tata
708 1230 831 1269 cum
866 1213 999 1268 meis
1035 1230 1307 1282 comparo.

731 1325 821 1383 De
865 1323 958 1382 his
1004 1332 1208 1384 acturo
1255 1324 1397 1383 mihi
1443 1323 1609 1383 lub'et
1651 1321 1972 1383 lectoribus
2019 1323 2311 1383 inculcare
2344 1323 2591 1395 Timaei,
2638 1323 2874 1398 gentilis
2903 1322 3272 1401 philosophi,

557 1413 628 1473 de
675 1412 880 1471 iisdem
927 1412 1314 1485 exordientis,
1380 1411 1853 1471 adhortationem
1911 1414 2373 1486 sanctissimam,
2439 1429 2478 1470 a
2523 1410 2871 1469 Christianis
2927 1413 3273 1470 hominibus

554 1518 782 1559 summa
826 1517 956 1583 cum
1003 1500 1388 1559 admiratione
1434 1507 1492 1559 et
1537 1498 1793 1576 pudore,
1842 1501 1955 1557 nisi
2001 1501 2327 1571 imitentur,
2378 1497 2881 1575 cognoscendam,
2930 1516 3082 1577 quae
3138 1499 3276 1558 talis

553 1598 671 1650 est:
714 1583 866 1652 Ἀλλ’
918 1585 966 1648 ὠ
1007 1590 1355 1665 Σωκρατες,
1413 1608 1587 1649 τουτο
1629 1607 1690 1665 γε
1737 1592 1809 1664 δη
1853 1608 2081 1658 παντες,
2128 1581 2256 1649 ὅσοι
2297 1610 2397 1647 και
2441 1609 2591 1647 κατα
2634 1587 2828 1664 βραχυ
2882 1606 3273 1664 σωφροσννης

550 1665 908 1756 ῥετεχουσιν,
965 1672 1057 1736 ἐπι
1113 1696 1270 1755 πασῃ
1326 1671 1474 1755 ὁρμῃ
1532 1697 1626 1735 και
1685 1694 1928 1752 σμικρου
1975 1697 2069 1735 και
2124 1676 2380 1753 μεγαλου
2424 1695 2757 1752 πραγματος
2804 1673 2959 1735 Geor
3002 1670 3106 1737 ἀει
3160 1696 3278 1736 που

548 1768 840 1835 καλουσιτ,
884 1759 1034 1841 ἡμας
1063 1767 1127 1823 ds
1156 1784 1293 1831 τους
1335 1785 1463 1840 περι
1506 1783 1719 1830 παπος
1765 1763 1964 1839 lorove
2007 1767 2297 1823 710ch
2329 1783 2407 1840 πῃ
2436 1764 2776 1836 μελλοπας,
2826 1759 2904 1822 ec'x
2921 1784 3001 1838 μη
3054 1782 3275 1823 παπα-

551 1875 694 1916 παοῑ
736 1854 1247 1931 montianum,
1293 1847 1506 1929 ἀναγκη
1551 1853 1729 1917 &seve
1771 1872 1835 1910 τε
1874 1872 1968 1911 και
2012 1855 2160 1919 θεας
2203 1848 2688 1924 ἐπικαλουμενους
2720 1844 3002 1927 εὔχεσθαι
3029 1869 3273 1921 nanae,

554 1964 704 2004 κατα
749 1962 884 2002 vom
927 1936 1162 2011 ἐκεινοις
1200 1960 1307 2013 μιν
1347 1940 1628 2012 μαλιστα,
1674 1932 1966 2011 ἑπομενως
2010 1942 2075 1997 δε
2122 1932 2251 2012 ὗμιν
2296 1934 2489 1997 εἶπεν.
2579 1936 2751 1995 Enim
2801 1954 2937 1996 vero
2976 1936 3275 2012 Socrates,

555 2047 686 2089 cum
731 2045 950 2101 omnes,
1015 2028 1115 2103 qui
1161 2024 1256 2085 vel
1303 2027 1607 2084 minimum
1651 2027 1867 2083 mentis
1913 2024 2164 2097 habent,
2233 2028 2466 2101 quoties
2512 2027 2815 2098 negotium
2870 2024 3116 2101 aliquod
3168 2044 3277 2086 seu

551 2117 682 2177 leve
726 2133 832 2175 seu
878 2114 1124 2174 arduum
1169 2112 1638 2193 aggrediuntur„
1686 2111 1879 2171 Deum
1927 2130 2156 2188 semper
2222 2114 2534 2171 invocent:
2598 2129 2707 2170 nos
2763 2114 3002 2187 utique,
3054 2114 3277 2189 quibus

555 2204 627 2264 de
672 2222 863 2263 rerum
906 2202 1288 2280 universitate
1334 2200 1616 2260 disserere
1663 2202 1895 2258 animus
1942 2211 2063 2272 est,
2123 2202 2237 2258 nisi
2282 2199 2459 2276 plane
2521 2199 2598 2258 ab
2646 2200 2802 2258 omni
2850 2217 2995 2258 sana
3041 2203 3275 2260 ratione

552 2293 920 2365 aberramus,
980 2306 1223 2349 necesse
1269 2294 1386 2362 est,
1435 2289 1598 2348 Deos
1645 2286 1926 2363 Deasque
1971 2290 2129 2346 votis
2178 2277 2479 2363 conceptis
2524 2287 2755 2362 precari
2799 2290 3145 2364 unanimes,
3209 2296 3277 2348 ut

551 2378 697 2440 talia
740 2380 1021 2453 dicamus,
1068 2393 1221 2454 quae
1267 2377 1517 2452 primum
1561 2375 1706 2453 ipsis
1751 2375 2034 2450 maxime,
2081 2383 2205 2434 tum
2251 2373 2461 2435 deinde
2507 2382 2568 2434 et
2613 2375 2784 2434 vobis
2831 2376 2948 2433 sint
2992 2384 3173 2453 grata
3218 2383 3280 2437 et

557 2476 818 2544 accepta.

1725 2694 2009 2767 CAPUT
2062 2696 2108 2767 1.

1149 2844 1241 2899 De
1289 2840 1876 2916 quinquessfiguris
1921 2841 2171 2897 solidis
2217 2842 2671 2911 regularibus.

543 4652 2276 4773 aa„325032'22'533333'?'55¹¹:31123'22’3‘sz1z'2‘32‘30:2322
2302 4675 2648 4777 &fliz-3¹:³⁰³
2685 4679 2757 4720 ¹¹¹⁸
2797 4682 2983 4724 ⁶¹¹⁰⁸¹¹⁸
3027 4690 3136 4728 ‘¹³¹²‘
3163 4698 3263 4729 ⁶⁰²·

698 4759 1023 4808 unguitudlnls
1053 4763 1166 4801 ratio
1196 4762 1240 4802 in
1265 4762 1350 4802 hoc
1378 4765 1605 4807 schemate
1638 4767 1748 4807 haec
1775 4769 1864 4810 fult
1890 4772 2153 4821 observata.
2198 4780 2251 4817 nt
2279 4779 2567 4829 sphaericum
2596 4783 2743 4834 ipsiu·
2771 4786 2799 4828 5
2824 4790 2977 4838 pouit
3002 4791 3191 4834 inam-nn
3220 4794 3264 4833 ιιι

542 4805 938 4914 ἒῖῃιέἱιὲαῶἐὶεἱηοὲι
959 4814 1248 4918 1.,ῧὲτὲυέιὲ
1251 4815 1342 4908 nial
1344 4815 1499 4910 ‘nanturia-
1501 4818 1558 4911 J,
1587 4821 1636 4862 et
1662 4820 1797 4871 husus
1828 4824 1874 4864 in
1900 4822 1942 4875 2,
1972 4829 2020 4868 et
2046 4828 2181 4879 huju·
2213 4830 2411 4883 denique
2441 4835 2725 4885 sphaericum
2751 4840 2798 4881 ln
2825 4839 2843 4882 ί
2867 4842 3047 4895 cubum,
3076 4849 3263 4897 ungens
