3567 5625
263 384 325 442 432
731 335 896 446 Appendicis
913 377 1138 434 Harmonicorum

262 556 336 618 haec
357 555 489 616 efficacia
511 557 540 614 in
562 561 695 616 naturam
718 555 906 616 sublunarem
928 555 1047 631 majoris
1067 565 1115 620 ost
1131 574 1357 636 operae„quam
1373 574 1450 633 quae
1473 576 1492 617 a
1514 575 1611 619 masso

262 648 339 716 abre,
362 661 448 720 quem
472 653 530 702 tam
553 643 639 703 lactle
662 642 842 702 excludimus
866 645 904 702 ab
928 645 1080 716 thuribus,
1102 648 1243 722 praestari
1267 647 1368 723 possit.

350 729 441 803 Unde,
463 732 569 807 pergis,
603 732 648 789 vis
671 730 865 790 radiationum
888 741 933 790 est
956 735 985 788 in
1009 733 1100 792 aire?
1145 729 1229 792 Unde
1254 735 1350 808 inquis
1373 733 1493 792 inesse?
1536 734 1613 792 Num

265 836 301 878 ex
324 836 368 892 eo,
392 818 470 895 quod
493 818 629 895 planetae
653 818 793 878 coelestes
816 822 943 878 animam
967 818 1073 879 aSule
1097 820 1267 896 accipiunt?
1312 818 1346 877 Id
1369 823 1446 878 euim
1469 821 1613 880 antehoc

261 905 343 964 ιιιιάι
365 906 471 982 legitur
494 910 522 962 iu
546 915 597 964 tua
619 908 758 965 oratione.
806 907 897 980 Atqui
920 904 992 965 nihil
1016 925 1090 984 opus
1115 917 1160 966 est
1182 909 1309 984 planetis
1332 910 1444 979 anima,
1477 924 1537 983 qua
1558 926 1612 967 no-

261 995 392 1069 gotiante
415 993 609 1053 radiationum
633 996 660 1049 in
684 993 774 1052 Terra
797 995 984 1051 formatarum
1008 997 1054 1052 vis
1078 997 1177 1053 veniat
1206 998 1234 1051 in
1261 999 1366 1054 aiiretn.
1412 995 1487 1054 Nam
1510 996 1533 1052 si
1557 996 1612 1054 hoc

261 1090 347 1150 esset,
372 1080 422 1138 illa
445 1081 629 1156 planetarum
652 1083 839 1138 attimacum
861 1081 1072 1141 radiationibus
1096 1084 1166 1157 ipsis
1191 1085 1243 1139 iter
1270 1083 1390 1140 haberet
1413 1085 1611 1141 necessarium

270 1170 296 1224 in
322 1168 428 1226 Terras
459 1185 562 1244 usque.
608 1169 698 1243 Atqui
724 1169 780 1226 hoc
812 1168 870 1226 fieri
896 1186 952 1226 non
980 1178 1086 1245 potest.
1131 1168 1220 1228 Nulla
1243 1172 1318 1229 enim
1350 1177 1392 1228 cat
1421 1174 1467 1228 via
1488 1174 1522 1228 iu
1544 1177 1613 1230 aare

267 1255 496 1327 sedictionem,
519 1257 574 1314 nisi
598 1255 716 1331 quando
739 1259 916 1330 geometrica
938 1255 1038 1332 aliqua
1062 1259 1248 1316 conformitas
1281 1259 1308 1315 ln
1333 1271 1453 1332 aspectu
1485 1274 1537 1316 seu
1560 1276 1614 1315 an·

266 1343 335 1417 gulo
360 1344 495 1402 binarum
522 1342 718 1401 radiationum
748 1353 792 1401 est
819 1343 988 1420 spectanda.
1033 1343 1099 1403 Hoc
1129 1353 1196 1403 vero
1231 1347 1297 1419 quis
1319 1347 1517 1404 internuncius
1547 1345 1613 1403 hinc

261 1448 279 1488 a
302 1429 398 1489 Terris
423 1447 515 1506 usque
538 1429 575 1488 ad
599 1431 756 1489 Saturnum
781 1441 809 1488 et
831 1430 940 1489 Jonem
963 1430 1086 1501 indicet,
1116 1440 1147 1490 ut
1171 1431 1237 1490 inde
1261 1435 1375 1490 animas
1398 1431 1446 1490 vel
1468 1432 1611 1508 cujusque

262 1535 355 1590 suam,
380 1517 426 1576 vel
450 1520 601 1593 utriusque
623 1535 806 1576 communem
829 1520 857 1575 in
881 1518 986 1577 'serras
1011 1519 1145 1592 deducat,
1171 1527 1203 1577 ut
1226 1518 1274 1577 hic
1297 1518 1347 1577 illa
1370 1522 1431 1576 nint
1454 1523 1520 1578 otti
1541 1537 1613 1579 eon-

265 1606 345 1663 ciliet
366 1622 515 1681 praesens.
560 1605 677 1663 Dixeris
699 1608 808 1682 potius,
831 1605 927 1664 lumen
952 1610 1048 1682 ipsum
1070 1608 1267 1682 planetarum,
1295 1624 1330 1665 ex
1353 1623 1412 1680 quo
1435 1606 1612 1667 radiationes

167 1751 172 1758 ἴ
215 1691 221 1702 “
262 1701 405 1766 constant,
429 1693 505 1752 hanc
527 1709 591 1752 esse
614 1695 757 1766 animam,
781 1696 857 1750 sicut
880 1703 967 1752 antea
990 1705 1120 1754 nostrum
1143 1693 1220 1752 hunc
1242 1699 1340 1753 aerem
1362 1696 1456 1753 t'ecisti
1479 1697 1612 1771 spiritum

163 1835 169 1844 ,
261 1784 376 1839 atrimae
400 1779 509 1839 mundi.
554 1779 629 1838 Mihi
652 1783 750 1839 omnia
772 1779 932 1839 succedunt
954 1781 1078 1855 lucilius,
1102 1779 1415 1857 facultatemaliquam
1430 1783 1612 1856 spiritualem

262 1869 291 1924 in
313 1867 403 1927 Terta
426 1867 554 1945 ponenti.

348 1954 456 2015 Tenes
480 1957 608 2014 animam
636 1954 708 2013 tlicis
737 1955 836 2030 potius
859 1973 923 2015 esse
953 1957 990 2014 ah
1020 1960 1087 2014 aere
1115 1962 1144 2015 et
1176 1957 1207 2013 in
1237 1960 1323 2032 aere,
1354 1973 1442 2031 quam
1476 1963 1509 2014 ut
1531 1960 1610 2016 abiis

262 2051 358 2102 motus
382 2061 400 2102 a
422 2042 529 2101 Terrae
551 2045 649 2101 mima
671 2042 837 2118 procedant.
882 2043 948 2102 Nou
961 2060 1068 2119 pugno,
1084 2046 1161 2118 »quin
1179 2045 1237 2102 imo
1260 2046 1302 2102 sic
1324 2044 1440 2119 publice
1462 2044 1607 2120 profiteor,

262 2130 355 2201 hunc,
386 2148 474 2206 quam
497 2129 580 2202 dico,
608 2128 715 2189 Terrae
739 2129 924 2202 laenitatem,
958 2131 1093 2189 animalis
1116 2131 1255 2205 similem,
1285 2148 1337 2206 pcr
1359 2132 1487 2206 speciem
1509 2132 1608 2207 egredi

262 2220 350 2277 etiam
374 2219 402 2275 in
425 2222 521 2278 aerem
545 2218 749 2279 circumfusum
780 2219 878 2293 ihiquo
901 2235 953 2293 pro
976 2227 1099 2276 renata
1127 2223 1246 2294 gignere
1270 2217 1412 2291 bruchos,
1443 2218 1560 2278 cicadas
1582 2229 1611 2278 et

262 2303 321 2364 alia
343 2306 461 2364 insecta.
508 2305 547 2362 At
576 2307 763 2381 praecipuam
792 2305 834 2363 illi
864 2304 963 2364 sedem
988 2307 1016 2362 in
1040 2310 1105 2364 a‘e’rc
1137 2323 1260 2382 ponere,
1296 2321 1435 2364 excursus
1463 2308 1559 2364 solnm
1582 2309 1611 2364 in

262 2391 352 2452 Terra
375 2390 548 2464 concedere,
584 2392 640 2450 hoc
662 2392 782 2467 perinde
805 2394 875 2451 mihi
899 2393 1031 2465 videtur,
1061 2411 1095 2452 ac
1118 2396 1143 2452 si
1166 2398 1232 2470 quis
1254 2396 1369 2453 animas
1392 2393 1497 2453 saltem
1521 2411 1612 2468 vege-

262 2481 351 2538 tontis
373 2481 402 2537 in
426 2480 541 2539 homine
564 2479 663 2539 sedem
684 2482 871 2558 praeeipuam
896 2480 1004 2540 diceret
1028 2497 1151 2556 vapores
1175 2480 1241 2539 illos
1264 2497 1300 2538 ex
1315 2497 1435 2558 corpore
1458 2483 1612 2558 exspiran-

261 2575 306 2626 tes
329 2568 417 2642 iuque
440 2568 564 2625 sinrrbus
587 2571 715 2642 corporis
738 2567 907 2640 haerentes,
932 2569 982 2626 ubi
1004 2568 1156 2642 pediculos
1180 2576 1208 2627 et
1230 2568 1338 2626 similia
1360 2570 1461 2643 gignit.

351 2653 470 2730 Pergis:
507 2658 557 2712 abr
586 2657 677 2713 vitam
706 2654 756 2713 dat
786 2657 870 2731 aquis
903 2666 932 2715 et
954 2663 1061 2726 terrac,
1095 2665 1123 2714 et
1146 2655 1279 2714 omnihus
1311 2658 1404 2715 exiis
1431 2658 1609 2731 compositis.

265 2740 362 2801 Velim
385 2745 467 2815 scire,
490 2759 559 2799 num
582 2751 678 2801 tecum
701 2750 777 2800 stare
800 2742 960 2802 contendas
983 2742 1192 2802 Aristotelem?
1237 2743 1295 2801 Hic
1309 2741 1427 2819 quidem
1440 2745 1539 2802 omnia
1555 2744 1612 2801 ista

264 2829 355 2888 calori
379 2829 456 2889 Solis
479 2831 593 2901 tribuit,
624 2835 674 2888 aiir
703 2830 746 2887 illi
769 2832 842 2889 inter
864 2834 1057 2890 instrumenta
1078 2840 1131 2890 est
1178 2832 1214 2889 Et
1242 2846 1330 2906 quatu
1360 2838 1392 2889 tu
1415 2831 1488 2889 dicis
1519 2834 1610 2889 vitam

160 2950 165 2956 ·
266 2919 295 2974 in
319 2920 404 2991 aquis
424 2926 457 2977 'et
479 2917 585 2976 terris?
629 2916 732 2976 Nonne
755 2921 848 2994 pisces
871 2920 969 2976 innuis
994 2918 1063 2991 illic,
1087 2918 1290 2996 hicplantas‘l
1336 2918 1485 2993 Egovero
1508 2935 1612 2977 vocem

264 3003 334 3063 olim
359 3006 512 3064 obscuram
535 3022 553 3062 a
576 3004 716 3080 chymicis
738 3009 796 3063 tuis
819 3007 923 3081 hausi,
948 3006 1025 3065 Solis
1041 3023 1106 3065 esse
1122 3005 1313 3079 beneficium,
1336 3023 1392 3065 non
1415 3007 1507 3077 alitis,
1533 3005 1612 3080 quod

263 3109 343 3150 mare
366 3099 477 3152 scateat
499 3094 650 3162 monstris,
684 3093 762 3167 quod
785 3102 861 3153 terra
879 3095 997 3171 plantas
1028 3094 1090 3152 sine
1113 3094 1239 3175 semine,
1275 3092 1352 3168 quod
1376 3094 1499 3165 lacuna,
1531 3092 1611 3152 Solis
1697 3120 1700 3127 ·

264 3179 416 3239 ardoribus
438 3180 596 3254 tepefacta,
626 3196 722 3238 mures
744 3181 895 3257 producat
941 3180 1096 3256 Quomodo
1119 3184 1209 3239 vitam
1233 3180 1298 3239 aliis
1322 3181 1404 3239 dabit
1425 3184 1493 3251 air,
1521 3198 1611 3256 quam

261 3283 320 3324 uon
343 3266 431 3326 habet
454 3267 537 3343 ipse?
582 3266 645 3325 Nisi
676 3276 705 3325 tu
729 3270 783 3327 sub
815 3272 889 3327 a'e'ris
913 3286 986 3327 voce
1017 3269 1101 3327 nohis
1130 3270 1279 3345 quippiam
1311 3267 1438 3326 divinius
1460 3268 1611 3339 obtrudaa,

263 3371 352 3430 quam
374 3362 419 3413 est
441 3355 495 3411 istc
518 3370 572 3413 nos
595 3355 793 3428 circumstans,
818 3373 852 3415 ex
875 3357 1046 3415 humoribus
1069 3366 1242 3415 extenuatus
1267 3372 1366 3433 vapor.
1412 3354 1489 3427 Scio,
1514 3358 1613 3430 pisces

261 3446 359 3501 aerem
383 3444 530 3521 continere
553 3444 581 3499 in
604 3444 751 3517 geminata
773 3447 881 3517 vesica,
904 3443 956 3502 sed
980 3461 1055 3518 quae
1079 3443 1136 3500 illis
1160 3447 1379 3501 instrumentum
1396 3449 1440 3500 est
1462 3451 1559 3501 motus
1583 3454 1614 3502 et

263 3531 386 3605 quietis,
418 3537 448 3588 et
470 3529 623 3605 cujusdam
646 3533 730 3605 quasi
753 3534 953 3609 suspensionis
975 3530 1117 3589 naturalis
1140 3548 1293 3605 cit-aquae
1316 3529 1484 3606 superficic3
1511 3532 1613 3606 itaque

261 3626 352 3675 restat
375 3619 411 3676 iis
433 3617 482 3675 hic
503 3621 554 3675 a'c‘r
576 3621 680 3676 vesicis
703 3619 831 3693 inclusis,
856 3622 944 3679 etiam
968 3636 1033 3677 cum
1048 3621 1146 3677 anima
1162 3620 1286 3677 excessit
1302 3634 1466 3693 corpusque
1477 3621 1613 3678 exanime

262 3702 406 3781 dependat
430 3705 493 3778 jam
514 3722 533 3762 a
555 3713 672 3779 venue,
703 3708 752 3781 qni
777 3710 906 3766 vesicam
937 3707 1013 3765 hanc
1035 3709 1181 3778 continet,
1213 3722 1278 3763 cum
1301 3707 1381 3781 prius
1414 3704 1442 3762 id
1466 3705 1611 3765 beneficio

260 3793 375 3850 animae
405 3793 552 3853 talteretur'
576 3794 742 3851 incumbens
777 3797 869 3861 ventri
901 3802 930 3853 et
951 3802 1149 3853 sustentatum
1177 3792 1214 3851 ah
1238 3809 1282 3850 co.
1330 3790 1412 3849 Adeo
1444 3790 1540 3851 differt
1563 3796 1613 3851 iu-

262 3886 454 3938 strumentum
477 3895 495 3937 a
516 3886 643 3953 motare,
676 3884 726 3939 air
755 3882 792 3940 ab
815 3885 922 3941 anima.
968 3881 1035 3941 Soio
1066 3884 1168 3953 etiam,
1201 3878 1341 3938 animalia
1369 3878 1510 3938 beneficio
1534 3882 1614 3938 sitris

262 3969 388 4024 animam
411 3967 542 4039 retinere,
567 3967 722 4026 intercluso
745 3968 796 4027 illo
820 3972 981 4046 exspirare3
1005 3986 1061 4027 nou
1084 3976 1129 4029 est
1152 3974 1249 4026 tamen
1273 3971 1322 4026 atr
1336 3967 1435 4025 anima
1457 3967 1531 4043 ipsa,
1556 3985 1614 4026 nec

267 4056 357 4112 vitam
379 4052 430 4112 dat
452 4055 618 4129 inspiratus,
641 4054 692 4113 sed
718 4057 839 4116 ventilat
862 4058 1008 4116 flammam
1025 4058 1103 4116 vitae
1127 4058 1154 4112 in
1174 4055 1269 4114 cordis
1286 4055 1405 4113 latebris
1428 4053 1615 4129 flagrantem,
1692 4086 1695 4091 Δ

264 4148 403 4217 vetatque
425 4158 461 4200 ns
484 4141 534 4199 illa
557 4159 588 4201 sc
611 4144 705 4219 ipsam
727 4152 831 4220 suapte
853 4145 975 4219 iuligine
998 4144 1131 4216 suffocet,
1153 4144 1327 4202 suilocntam
1350 4149 1402 4200 aut
1424 4158 1481 4199 non
1502 4143 1616 4202 arden-

176 4250 181 4255 ’
260 4236 319 4288 tem
334 4230 396 4305 ipse
411 4245 561 4303 nunquam
584 4229 658 4289 ultro
681 4231 823 4307 incendit3
855 4233 947 4291 multo
970 4235 1065 4289 minus
1088 4234 1150 4290 vita
1172 4233 1234 4307 ipsc
1249 4239 1293 4289 est
1314 4237 1366 4288 aut
1381 4229 1419 4288 ab
1435 4231 1501 4305 ipso
1517 4239 1616 4290 cocta

262 4316 306 4375 De
329 4316 435 4393 plantis
458 4314 530 4372 nihil
553 4316 647 4376 similo
671 4317 728 4377 dici
750 4326 861 4395 potest;
887 4320 983 4378 nullas
1006 4320 1053 4377 hic
1076 4321 1155 4377 vitae
1178 4327 1274 4394 partes
1297 4325 1394 4376 tuetur
1416 4322 1480 4388 a'c'r,
1516 4335 1553 4376 ne
1577 4326 1615 4376 ut

261 4406 483 4463 instrumentum
498 4403 631 4479 quidem3
654 4408 709 4463 nisi
733 4408 762 4462 in
778 4416 920 4482 quantum
936 4408 996 4481 igni
1013 4414 1041 4464 et
1054 4406 1188 4465 flammae
1204 4404 1325 4463 similior
1343 4412 1389 4462 est
1404 4406 1466 4462 vita
1481 4404 1617 4481 plantae,

261 4509 350 4566 quam
372 4492 446 4563 atri,
472 4499 500 4549 et
522 4499 619 4551 tamen
643 4493 802 4553 secundum
825 4502 853 4554 te
876 4499 926 4553 aer
949 4496 1036 4552 etiam
1058 4493 1165 4552 Tenue
1190 4496 1280 4551 vitam
1303 4491 1364 4551 dat
1415 4472 1425 4501 ⁸

348 4578 454 4637 Mirum
477 4577 620 4655 equidem,
644 4580 750 4641 Terrae
774 4591 806 4640 tu
829 4582 881 4641 das
906 4583 1005 4647 vitam,
1033 4599 1129 4657 nsque
1152 4597 1198 4641 me
1221 4581 1328 4658 pateris
1349 4575 1445 4638 eidem
1468 4578 1618 4653 inspirare

262 4682 345 4741 suam
369 4668 509 4739 animam,
533 4684 592 4742 qua
615 4670 706 4727 vivat.

348 4756 435 4813 Ae'ris
456 4762 555 4815 motus
576 4774 597 4814 o
624 4756 734 4814 Terrae
752 4755 913 4831 procedere
935 4758 1058 4829 animo,
1089 4755 1146 4814 hoc
1161 4761 1206 4814 est
1228 4751 1316 4831 paulo
1338 4750 1463 4812 alienius
1486 4754 1617 4814 verbum

263 4857 368 4902 amca
389 4840 585 4920 philosophia
631 4843 756 4919 Propius
779 4861 848 4904 vero
871 4851 917 4903 est
938 4843 1049 4914 dicere,
1071 4847 1169 4903 aerem
1190 4844 1272 4919 gigni
1297 4842 1335 4900 ab
1358 4841 1458 4900 anima
1482 4839 1615 4921 Terrae,
