3567 5625
257 416 320 475 442
360 431 363 442 ‘
725 404 891 477 appendicis
909 406 1132 464 Harmonicornm
1173 431 1178 440 ·

256 587 365 650 circulo
387 588 559 664 inscriptas,
582 584 692 646 scilicet
715 595 915 664 tetragonum,
941 589 1100 664 trigonum,
1124 588 1265 649 enudans
1280 587 1406 658 minime,
1429 582 1482 644 sed
1496 599 1604 641 mam·

257 676 396 755 quodque
418 675 520 733 borum
542 683 719 733 monstratur
740 693 793 734 seu
815 679 945 751 gignitur
965 693 1016 752 per
1040 678 1286 750 comparationem
1311 672 1435 732 duorum
1457 686 1604 730 consono·

258 783 337 839 rum3
361 770 394 821 ut
416 771 502 821 tonus
525 763 617 838 major
639 780 692 821 seu
715 759 757 845 Ἃ
779 781 831 840 per
853 763 1052 840 nonangulum
1074 766 1175 838 nequit
1197 765 1292 837 gigni,
1316 759 1389 819 nibil
1411 762 1490 819 enim
1511 759 1605 833 gignit

258 849 473 927 nonaugulum,
498 867 564 908 cum
586 851 625 907 sit
646 849 738 925 figura
761 850 1042 926 indemonstrabilis;
1066 862 1096 910 at
1119 850 1241 910 resultat
1263 844 1305 932 Ἲς
1328 858 1363 908 ax
1387 848 1604 924 comparatione

256 939 440 1000 diatessaron
464 954 529 995 cum
552 935 702 1011 diapente,
726 940 796 1015 quia
817 939 913 998 differt
936 934 977 1021 ll,
999 957 1017 998 a
1040 933 1082 1021 '²s,
1105 956 1157 1015 per
1178 935 1236 1020 Ἃ.

343 1024 389 1084 Tu
412 1041 518 1100 negas,
549 1024 704 1083 intervalla
733 1028 847 1085 minora
877 1028 946 1085 oriri
975 1045 1010 1086 ex
1034 1028 1168 1085 consonis
1193 1023 1363 1100 majoribus.
1408 1021 1493 1080 Enim
1525 1035 1603 1091 raro,

258 1112 395 1183 Ruberte,
420 1129 507 1188 quam
532 1110 582 1169 diu
605 1119 633 1170 te
656 1113 751 1189 ipsum
774 1116 802 1170 in
826 1113 973 1174 Hermetis
994 1116 1035 1172 tui
1059 1112 1141 1173 lucos
1163 1112 1312 1184 abdidisti,
1335 1113 1425 1169 tuitus
1447 1126 1479 1168 es
1502 1108 1605 1169 existi·

255 1203 414 1259 mationem
437 1206 599 1275 utcunque,
629 1200 747 1275 perinde
770 1218 806 1261 ac
827 1205 852 1260 si
875 1204 906 1259 in
928 1201 1103 1260 harmonicis
1132 1203 1221 1260 scires
1248 1197 1359 1274 aliquid
1388 1196 1493 1256 certius
1517 1195 1605 1254 rebus

256 1288 480 1358 mathematicis,
505 1301 578 1362 quas
602 1291 790 1347 contemsisti.
836 1289 920 1348 Nunc
942 1298 1097 1365 postquam
1119 1289 1218 1365 prodis
1241 1290 1270 1343 in
1291 1284 1468 1362 palaestram
1487 1282 1606 1341 matha-

257 1378 400 1448 maticam,
426 1376 524 1433 statim
548 1374 682 1433 omnibus
705 1375 774 1434 bnic
796 1377 967 1450 professioni
991 1361 1115 1434 addictis
1137 1376 1212 1435 adeo
1235 1373 1405 1432 manifestus
1427 1388 1472 1444 es,
1502 1378 1538 1428 ut
1558 1372 1605 1426 in·

257 1463 374 1539 dignam
398 1479 517 1538 operam
539 1460 712 1521 clamitaturi
736 1464 804 1538 sint,
827 1481 873 1522 me
896 1466 926 1523 in
949 1480 984 1524 aa
1007 1462 1122 1537 sudare,
1146 1471 1223 1522 utta
1240 1462 1359 1521 doceam
1375 1476 1455 1518 arma
1469 1465 1606 1530 uacmre,

158 1585 164 1594 ·
257 1551 364 1627 quibus
387 1567 500 1607 mecum
523 1565 643 1625 pugnes.

345 1636 474 1695 Numeri
496 1653 614 1709 omnes,
646 1637 761 1713 inquis,
793 1640 912 1697 audate
944 1641 1099 1699 communi
1130 1641 1261 1696 minima
1288 1652 1433 1695 meritura
1462 1639 1606 1691 utuntur.

208 1781 213 1790 ,
261 1722 485 1784 Consonuntiae
507 1724 746 1784 denorainantar
767 1742 789 1782 a
809 1729 954 1798 numeris,
977 1744 1048 1801 erpo
1062 1729 1277 1786 cmrsonantiac
1299 1722 1453 1784 communi
1474 1722 1607 1778 minima

256 1829 403 1870 mensura
431 1817 572 1869 utuntur.
617 1811 683 1870 Non
712 1812 934 1886 animadvertis,
965 1822 994 1873 te
1017 1812 1128 1889 aliquid
1158 1811 1330 1872 corrcludere
1359 1819 1459 1869 contra
1477 1807 1607 1883 jactatos

257 1900 310 1958 abs
334 1908 363 1957 te
387 1907 517 1969 veteres,
541 1901 592 1974 qui
615 1902 820 1958 consonantias
843 1901 973 1960 lecerunt
1001 1899 1314 1960 incommensurabiles.
1323 1893 1363 1976 ⁴²)
1406 1894 1538 1955 Haecine
1562 1901 1607 1953 est

259 1985 404 2046 refutare?
448 1985 513 2045 Non
542 1995 573 2042 tu
596 1986 704 2044 rebitas
736 1986 842 2062 dogma
864 1989 1071 2063 geometricum
1101 1988 1137 2047 de
1161 1987 1395 2065 proportionibus
1426 1985 1607 2042 incommen-

259 2071 446 2145 surabilibus,
470 2071 522 2130 sed
546 2072 740 2149 objectionem
763 2073 858 2134 solum
881 2076 1029 2153 proponis,
1051 2093 1130 2135 more
1154 2075 1329 2152 disputantis
1354 2076 1381 2130 in
1400 2069 1511 2142 schola,
1534 2085 1607 2128 con·

239 2178 306 2229 ¹ura
328 2159 438 2219 scilicet
460 2158 576 2236 dogma,
600 2159 679 2235 qucd
703 2160 838 2221 concedis
862 2181 962 2221 verum
977 2179 1051 2223 esse.
1097 2163 1175 2239 Ergo
1198 2180 1270 2238 cape
1287 2158 1523 2220 dissolutionem:
1547 2173 1606 2215 nun

259 2247 325 2307 ideo
349 2251 559 2307 consonantiae
582 2257 650 2305 sunt
674 2250 793 2322 numeri,
817 2251 887 2324 quia
910 2249 1132 2311 denominantur
1154 2252 1329 2323 enumeris,
1352 2263 1459 2321 magua
1480 2252 1526 2304 est
1549 2243 1607 2301 dii·

256 2336 379 2393 lerentia
402 2337 476 2393 inter
498 2338 695 2411 septenarium
719 2345 748 2395 et
771 2335 931 2413 diapason,
962 2340 1037 2420 inter
1059 2339 1276 2414 quaternarium
1299 2348 1328 2395 at
1350 2335 1503 2409 diapante,
1533 2335 1609 2390 inter

256 2424 411 2480 ternarium
441 2429 470 2481 et
500 2422 698 2496 diatessaron,
728 2428 911 2498 septenarius
940 2427 1065 2484 unitates
1088 2425 1178 2484 habet
1208 2441 1308 2483 omnes
1331 2421 1479 2498 ejusdem,
1508 2428 1546 2477 ιηΙ
1564 2420 1607 2477 sic

254 2508 360 2581 dicam,
385 2511 570 2585 quantitatis,
601 2509 741 2587 diapason
765 2511 856 2572 babet
877 2512 1165 2591 intervallalseptem
1195 2510 1348 2570 dissimilia
1377 2518 1406 2568 et
1427 2504 1609 2584 inaequalia,

256 2605 358 2655 tonum
380 2598 520 2673 majorem
544 2606 601 2670 tar,
630 2600 770 2657 minorem
793 2600 852 2673 bis,
875 2601 1060 2659 semitonium
1083 2601 1137 2659 bis.
1183 2600 1245 2659 Aut
1266 2601 1290 2658 si
1309 2595 1460 2674 juvandus
1483 2602 1529 2653 est
1551 2593 1607 2651 ad-

257 2686 419 2757 versarius,
453 2684 610 2760 adjuvetur
632 2702 718 2744 sane:
750 2695 794 2746 est
818 2689 845 2744 in
869 2687 1042 2762 intervallo,
1075 2686 1154 2763 quod
1176 2689 1291 2764 generis
1320 2688 1462 2744 rationem
1487 2681 1607 2755 habeat,

257 2781 302 2831 est
325 2770 405 2848 quod
427 2774 552 2848 speciei,
576 2774 754 2833 conveniunt
776 2776 863 2849 igitur
885 2773 1042 2836 intervalla
1064 2783 1177 2852 septem
1200 2792 1250 2848 eo,
1277 2772 1356 2850 quud
1379 2773 1408 2831 in
1429 2760 1535 2848 penam
1560 2770 1609 2826 iu·

257 2858 380 2918 terrulis
396 2861 546 2932 concinna,
570 2860 754 2921 dissidentia
770 2864 867 2938 specie
883 2864 1104 2939 quantitatibus,
1128 2865 1171 2922 uti
1188 2862 1305 2922 dictum.
1352 2860 1503 2936 Quatenus
1519 2860 1609 2932 igitur

258 2963 317 3005 vox
339 2949 462 3022 generis,
486 2948 666 3019 concinnum,
691 2958 874 3025 comparatur
896 2954 1011 3023 unitati,
1036 2958 1304 3011 commemorantur
1324 2962 1394 3008 sana
1407 2946 1519 3025 (potius
1534 2962 1608 3004 cou-

256 3032 455 3111 numerantnr)
477 3034 631 3093 intervalla
654 3052 791 3095 consona.
837 3036 913 3096 Nam
936 3036 1078 3114 diapason
1107 3038 1197 3097 babet
1219 3048 1334 3115 septem
1353 3037 1509 3106 condnna,
1541 3032 1607 3090 dia-

259 3130 346 3197 penta
369 3128 503 3196 quatuor,
528 3120 709 3181 diatessaron
732 3124 796 3184 tria.
843 3124 882 3182 At
905 3135 1049 3200 quatenus
1072 3125 1207 3185 differunt
1227 3126 1368 3184 concinna
1384 3120 1608 3199 quantitatibus,

258 3224 444 3284 naquaquam
475 3226 575 3267 aarum
607 3227 694 3268 uirum
726 3213 860 3271 emetitur
888 3229 989 3272 omnes
1019 3215 1232 3272 comcrrantiaa
1279 3210 1336 3271 Sed
1364 3210 1459 3281 dicas,
1493 3209 1517 3267 si
1549 3224 1608 3265 non

257 3313 360 3367 urium,
392 3304 421 3353 at
445 3297 500 3354 tria
518 3295 641 3371 junctim
665 3307 762 3356 sumta
784 3299 956 3358 emetientur
979 3300 1102 3359 omnes?
1147 3300 1257 3359 Verum
1286 3299 1342 3358 hoc
1375 3314 1433 3356 non
1457 3303 1503 3355 est
1524 3312 1607 3354 com·

258 3400 436 3457 mensurare,
460 3381 512 3442 sed
535 3381 657 3442 diversis
673 3388 813 3444 mensuris
830 3388 888 3459 uti,
913 3390 997 3464 quasi
1013 3387 1094 3447 dicas
1116 3388 1315 3447 dimensurare
1329 3383 1481 3462 quodlibet
1495 3398 1607 3442 eornm.

251 3470 374 3529 'Norunt
396 3479 562 3546 geometrae
586 3469 783 3532 definitionem
806 3477 1108 3547 commensurationis,
1140 3493 1217 3552 quae
1239 3492 1328 3533 unam
1356 3473 1451 3535 solam
1473 3487 1607 3529 commu-

263 3575 329 3616 nem
353 3575 517 3641 mcnsuram
538 3561 668 3634 requirit,
692 3576 750 3619 non
774 3559 847 3620 duas
870 3563 945 3622 inter
967 3580 999 3622 se
1022 3561 1337 3632 incommensurabiles,
1361 3568 1394 3618 ut
1414 3556 1493 3636 quod
1508 3574 1607 3617 amum

231 3636 234 3647 ’
260 3647 308 3703 uni
332 3654 378 3704 est
400 3645 597 3726 impossibile,
619 3646 650 3705 id
672 3647 756 3706 cedat
778 3648 892 3707 alteris

344 3731 410 3790 Hoc
438 3734 526 3808 igitur
557 3732 747 3795 fundamento
778 3738 891 3812 positu,
925 3741 1132 3798 consonantias
1161 3755 1225 3797 essa
1253 3740 1328 3815 inter
1350 3752 1382 3795 se
1405 3742 1438 3792 nt
1460 3749 1606 3805 numeros,

258 3818 385 3895 illasque
416 3822 557 3879 concinno
583 3820 744 3881 ‘intervallo
774 3819 1033 3906 (quantocunque)
1066 3834 1096 3883 ut
1127 3843 1264 3885 numeros
1294 3825 1405 3883 unitate
1437 3822 1606 3891 mensurari,

256 3907 318 3982 jam
341 3923 495 3987 promoves
517 3908 682 3967 machinam
706 3909 826 3968 ulterius
848 3920 878 3970 et
900 3915 970 3987 quia
992 3915 1134 3972 rationem
1155 3913 1381 3989 consequentiae
1399 3911 1534 3986 proprias
1548 3922 1606 3966 non

259 3996 390 4065 invenis,
415 4011 473 4065 cur,
498 3995 521 4051 si
546 3997 672 4056 maxime
694 3996 866 4073 probasses,
890 3994 1106 4058 consonantias
1120 4018 1185 4059 esse
1206 4003 1281 4059 inter
1303 4018 1335 4057 sa
1358 3996 1606 4057 commensurabi-

261 4079 313 4153 les,
337 4088 490 4155 propterca
514 4091 600 4140 tonos
623 4092 652 4141 at
674 4086 828 4143 semitonia
851 4088 949 4163 priora
978 4086 1057 4146 dicas
1080 4089 1294 4158 consonantiis,
1328 4085 1367 4145 ad
1388 4082 1606 4143 similitudinem

263 4168 407 4243 coniugis:
433 4171 518 4239 aient,
542 4170 646 4245 inquis,
671 4175 776 4230 unitas
796 4190 826 4231 ae
840 4177 908 4250 ipsc
917 4162 971 4233 'ert
992 4182 1020 4234 et
1030 4178 1120 4250 prior
1134 4175 1282 4235 omnibus.
1291 4160 1435 4246 numeru,
1457 4173 1500 4229 sic
1514 4174 1606 4230 etiarn

260 4259 444 4317 muttum
473 4259 561 4333 priua
588 4265 630 4316 est
657 4263 871 4319 marrantiis,
918 4262 1007 4337 Atqui
1038 4249 1111 4321 ratio
1135 4272 1366 4339 comparatorum
1400 4267 1445 4318 est
1466 4257 1606 4318 diversis·

258 4345 347 4402 sima:
373 4340 401 4421 1)
425 4345 538 4417 unitus,
561 4353 594 4403 ut
616 4347 726 4405 numeri
750 4352 865 4419 omnes,
889 4351 994 4408 mentis
1018 4357 1064 4408 cst
1086 4367 1175 4425 opus,
1207 4353 1380 4410 concinnum
1403 4347 1523 4421 requirit
1546 4356 1606 4405 ter·

259 4433 355 4491 minos
384 4430 453 4488 loris
483 4434 656 4491 constitutos
686 4434 715 4490 in
743 4437 840 4509 sonis3
878 4435 908 4515 2)
931 4438 1027 4494 unitas
1058 4438 1181 4512 simplex
1204 4446 1249 4497 est
1278 4447 1307 4496 ct
1334 4438 1421 4496 unica
1449 4432 1608 4511 (quatenus

258 4520 371 4578 numeri
395 4520 423 4575 in
446 4517 593 4578 abstracto
616 4520 843 4596 considerantur,
867 4532 1117 4597 dinumerantes,
1142 4527 1251 4602 quippe
1267 4525 1423 4601 dequibus
1446 4534 1477 4580 tu
1501 4521 1608 4598 loque-

260 4603 320 4685 ris),
345 4606 517 4664 concinnum
539 4623 597 4665 non
620 4616 664 4666 est
687 4608 825 4685 simplex,
854 4609 990 4669 differunt
1012 4612 1089 4670 enim
1112 4614 1130 4671 3
1155 4611 1202 4673 rel
1226 4616 1245 4671 d
1269 4611 1608 4685 concinnaquantitati-

259 4694 316 4752 bus
347 4700 377 4751 et
400 4691 536 4752 differunt
564 4711 606 4753 eo·
628 4697 692 4770 ipso
715 4707 861 4773 respectu,
894 4715 952 4773 quo
975 4702 1184 4759 consonantiae
1213 4700 1242 4757 id
1264 4710 1331 4759 sunt
1359 4697 1439 4775 quod
1462 4698 1607 4756 dicuntur.

260 4781 323 4839 Nisi
347 4783 424 4838 enim
447 4784 588 4840 concinna
610 4781 789 4842 diversarum
812 4787 1008 4861 quantitatum
1031 4788 1105 4845 inter
1126 4804 1157 4845 sc
1180 4789 1370 4858 misceantur,
1401 4802 1460 4843 nan
1483 4802 1608 4843 acerva-

262 4868 339 4927 bitur
367 4868 448 4927 verbi
481 4885 572 4928 causa
602 4886 639 4927 ex
662 4871 680 4928 6
705 4869 751 4929 vel
777 4875 793 4930 l
819 4874 895 4931 tonis
918 4873 1077 4950 majoribus
1110 4874 1211 4952 aliqua
1237 4875 1430 4935 consonantia
1453 4871 1607 4949 diapason,
