3567 5625
208 473 213 480 .
243 416 304 479 lea
401 405 403 408 ¹
775 409 817 463 De
836 406 1060 477 Propertionihus

240 588 405 670 Anstemlis
419 596 548 666 tempere
562 589 606 648 sic
620 595 807 648 numerarunt
827 585 969 648 chordas:
992 586 1112 665 hypate,
1135 586 1308 664 parhypate,
1332 587 1474 659 liehanos,
1498 603 1585 658 mese,

237 694 404 758 paramese,
434 679 515 750 trite,
546 681 702 753 paranete,
724 681 802 736 nete.
845 674 981 753 Hypatos
1004 693 1062 735 vox
1084 681 1147 735 erat
1168 678 1354 750 gravissima,
1384 674 1521 750 dictem
1543 675 1584 731 sie

241 784 305 829 esse
330 764 443 826 videtur
471 765 571 824 asitu
592 779 647 823 sue
677 765 707 821 in
729 764 920 823 instrumente
942 769 1041 837 tenso,
1071 779 1137 822 cum
1166 761 1204 821 ad
1226 762 1386 824 ludendum
1408 761 1585 841 applicatm3

239 853 363 914 eundem
385 854 462 913 euim
483 852 571 911 situm
593 849 752 912 hodiedum
775 851 889 911 obtinet
911 853 941 908 in
963 850 1058 928 chely,
1081 848 1215 928 pandura
1236 857 1266 909 et
1279 851 1410 929 cythara
1456 849 1585 925 Cumque

239 941 361 1004 affirmet
392 939 582 1013 Aristoteles,
611 940 686 999 inter
711 939 842 1016 hypaten
873 943 903 997 et
931 939 1114 1016 parhypaten
1146 937 1311 999 interfuisse
1338 939 1431 999 diesin
1454 936 1522 1018 (hee
1542 942 1585 995 est

238 1029 422 1088 Platonicum
453 1028 652 1099 semitonium,
684 1028 750 1102 qui,
782 1025 898 1086 duobus
929 1029 1007 1085 tenis
1034 1021 1196 1102 maioribus
1217 1026 1325 1086 ablatis
1356 1026 1584 1097 adiamasaron,

237 1116 419 1192 relinquebat
442 1109 556 1196 mim,
589 1113 667 1189 qued
690 1112 853 1190 appellarit
877 1110 999 1188 dicam,
1031 1130 1100 1190 erge
1127 1113 1237 1190 hypate
1265 1113 1368 1173 mdem
1389 1121 1467 1187 erat,
1500 1130 1584 1189 quam

239 1205 388 1280 signamus
409 1202 495 1262 litera
516 1202 554 1276 A,
576 1200 749 1278 parhypate,
773 1218 862 1277 quam
883 1201 1008 1260 literah
1037 1202 1144 1277 signat.
1191 1200 1268 1277 Ergo
1289 1201 1422 1262 lichenes
1444 1199 1474 1279 (a
1496 1200 1585 1276 digito

238 1291 333 1351 indice
354 1291 398 1351 sic
419 1285 509 1370 dieta)
531 1295 576 1349 cst
598 1306 622 1362 c,
645 1304 724 1348 mese
747 1305 817 1348 vere
839 1297 885 1349 est
906 1288 935 1360 d,
958 1286 1096 1364 dictaque
1119 1294 1164 1348 est
1185 1289 1242 1349 hec
1263 1291 1390 1363 nemine,
1413 1288 1493 1365 qued
1515 1290 1585 1348 ieter

238 1386 350 1456 septem
373 1384 436 1440 erat
457 1375 569 1450 media,
598 1393 657 1452 quo
680 1383 811 1453 tempore
838 1383 952 1453 septem
974 1375 1056 1436 solae
1078 1383 1162 1436 eram
1184 1375 1309 1437 chordae
1339 1378 1368 1434 in
1390 1377 1526 1454 psalterio
1556 1383 1585 1435 et
1634 1377 1638 1388 ‘

237 1483 291 1544 pro
313 1473 420 1526 octava
440 1464 614 1543 pulsabatur
635 1465 737 1541 prima
781 1462 939 1524 Paramese
960 1464 1051 1524 habet
1077 1463 1191 1524 literam
1213 1463 1252 1542 dp
1276 1464 1323 1528 vel
1344 1483 1375 1539 03
1403 1463 1480 1525 hanc
1501 1468 1585 1524 vatu-

176 1623 180 1634 ,
239 1556 343 1615 stiores
365 1554 555 1628 emittebant3
584 1553 651 1611 trite
672 1549 788 1613 literam
808 1552 839 1628 [ς
869 1550 950 1612 dicta
971 1553 1014 1611 sic
1036 1558 1095 1626 est,
1125 1549 1204 1628 quod
1227 1559 1305 1612 emet
1326 1553 1413 1611 tertia
1435 1554 1466 1622 in
1489 1550 1585 1611 ordine

239 1642 277 1701 ab
299 1648 399 1716 acute,
428 1644 503 1701 sicut
524 1657 578 1699 nos
601 1645 715 1699 sextam
744 1639 868 1699 dicimus
899 1639 1024 1716 agrari
1046 1642 1084 1698 A.
1129 1638 1274 1698 Paranete
1296 1642 1427 1716 signatur
1452 1640 1534 1699 litera
1553 1658 1582 1716 p.

238 1729 277 1789 Et
298 1737 380 1805 nete,
404 1730 490 1806 quasi
511 1744 587 1804 quae
609 1725 713 1786 nldma
734 1734 872 1804 tangatur
894 1744 913 1786 a
934 1725 1045 1804 plectro
1069 1725 1205 1788 deorsum
1233 1734 1340 1801 tracte,
1363 1726 1438 1788 redit
1459 1727 1498 1789 ad
1517 1727 1584 1791 lite·

238 1833 301 1876 mm
321 1835 351 1877 o.
396 1815 555 1876 Confirmat
582 1813 659 1875 hanc
687 1814 920 1876 distributionem
950 1822 979 1875 et
1008 1813 1079 1889 bec,
1110 1814 1190 1891 qued
1221 1817 1297 1876 inter
1318 1823 1405 1876 neten
1433 1823 1464 1876 at
1490 1832 1585 1875 mesen

241 1904 378 1981 diapente
399 1903 563 1963 interluisse
586 1900 699 1962 dieitur.

325 1989 399 2050 'I'ale
428 1997 527 2050 autem
553 1997 684 2067 systema
709 1988 883 2051 chordarum
911 1996 978 2050 ecte
1005 2006 1066 2049 non
1092 1995 1208 2067 peterat
1233 1986 1316 2049 aliter
1349 1991 1464 2066 utrique
1488 1990 1584 2065 generi

240 2083 343 2138 cantus
365 2080 514 2153 inservire,
536 2079 594 2138 uisi
616 2077 664 2136 vel
688 2084 768 2137 tactu
791 2076 875 2155 digiti
897 2076 1137 2137 abbreviarentur
1158 2076 1321 2153 parhypate
1344 2077 1361 2136 h
1386 2083 1416 2136 at
1436 2093 1584 2153 paramese

239 2165 287 2242 dp,
310 2171 343 2225 ut
364 2164 467 2226 fierent
487 2163 521 2247 ly,
548 2183 582 2237 e,
607 2164 655 2226 vel
678 2164 829 2225 verticillis
850 2165 1069 2225 intenderentur
1089 2166 1121 2223 in
1143 2162 1231 2235 dure,
1261 2174 1312 2223 ant
1326 2167 1533 2224 remitterentur
1555 2167 1585 2222 in

239 2252 319 2314 melli
342 2261 439 2314 cantu.
483 2254 522 2312 Et
542 2251 600 2313 hac
622 2255 777 2313 occasione
799 2259 870 2313 nata
891 2258 937 2313 est
959 2251 1107 2311 dhdnctie
1129 2250 1346 2327 phthongorum
1369 2250 1535 2312 instabiles
1557 2261 1587 2312 et
1626 2284 1633 2300 .

239 2340 371 2416 mobiles,
394 2343 517 2417 ipsaque
539 2339 699 2417 appellatio
722 2346 838 2409 διεσεως
859 2359 878 2400 a
900 2340 1073 2399 remissione
1097 2338 1269 2399 chordarum
1291 2341 1452 2399 mobilium.

324 2428 360 2486 ln
381 2429 591 2505 compositione
611 2427 739 2504 plurium
761 2433 954 2504 systematum
967 2425 1119 2504 'diapason
1141 2429 1216 2487 ratio
1240 2435 1369 2487 nemnem
1393 2428 1449 2486 luit
1471 2430 1586 2487 intrica-

239 2516 310 2591 tier3
341 2514 414 2575 illud
437 2524 534 2576 tamen
557 2514 789 2589 observandum,
817 2515 897 2592 qued
919 2522 1119 2575 assumserunt
1143 2531 1232 2574 unam
1254 2518 1419 2588 grarimem
1446 2517 1511 2591 ipsa
1530 2515 1586 2592 by-

240 2609 327 2679 pate‚
358 2620 435 2679 quae
466 2604 503 2663 ab
534 2601 592 2663 hee
613 2606 678 2680 ipse
706 2603 1017 2681 proslambanomenos
1046 2610 1092 2663 est
1119 2602 1208 2663 dicta
1252 2602 1350 2679 Hujus
1372 2605 1414 2662 rei
1434 2605 1586 2678 vestigium

239 2697 373 2765 superest
393 2692 423 2748 in
445 2690 526 2750 scala
548 2692 668 2766 musica,
694 2708 782 2767 quam
804 2690 937 2751 ediscunt
958 2692 1050 2750 nestri
1070 2692 1162 2768 pueri,
1187 2707 1263 2770 quae
1282 2692 1406 2750 assumit
1426 2691 1502 2749 inira
1523 2690 1586 2751 lte-

239 2795 302 2837 ram
323 2777 444 2838 latinam
466 2781 495 2837 A
517 2777 661 2854 aliquam,
696 2795 772 2856 quae
802 2777 948 2855 significat
975 2796 1080 2837 sonum
1102 2779 1281 2854 graviorem,
1312 2796 1378 2838 eum
1401 2780 1479 2840 enim
1510 2785 1586 2839 eitra

241 2865 373 2926 ordinent
395 2869 493 2942 signat
514 2883 621 2942 graeca
641 2866 728 2928 litera
751 2869 788 2942 i'3
811 2868 854 2926 sic
876 2869 953 2926 enim
975 2867 1077 2944 incipit
1098 2866 1195 2926 scala:
1221 2864 1385 2940 flammat,
1409 2869 1471 2927 Are
1493 2875 1548 2928 ete

327 2952 411 3014 Hae‘c
433 2953 470 3015 de
491 2954 658 3014 nominibus
681 2952 853 3014 chordarum
875 2954 1024 3014 veteribus
1046 2953 1173 3014 sufficiat
1187 2956 1318 3031 tetigisse
1333 2954 1391 3015 hoe
1405 2955 1480 3015 lece.
1516 2954 1586 3015 Nem

241 3040 316 3100 inira
338 3043 435 3118 capito
461 3044 509 3101 11.
534 3056 634 3101 omnes
657 3040 783 3102 chordae
807 3042 847 3100 15
871 3043 1040 3120 systematis
1062 3044 1216 3121 compositi
1232 3041 1455 3119 explicabuntur
1469 3044 1587 3103 vocibus

242 3130 387 3205 antiquis,
410 3127 463 3190 s‘ed
485 3130 677 3205 posteriorum
700 3130 885 3190 musicorum.

327 3215 399 3276 Jam
431 3216 550 3276 tandem
579 3214 618 3275 ad
644 3224 776 3276 nestrum
803 3224 935 3294 systema
968 3213 1102 3276 numus
1134 3217 1220 3275 unius
1248 3223 1372 3277 octavae
1407 3216 1586 3293 accedamus,

242 3305 327 3380 elque
349 3303 448 3365 literas
470 3302 651 3381 applicemus
674 3321 710 3363 ex
732 3306 845 3364 musica
865 3306 985 3363 usitata.
1059 3316 1062 3325 ’

327 3389 432 3451 Statue
459 3393 556 3468 igitur·
577 3395 746 3468 systematis
768 3392 855 3468 hujus
877 3390 1020 3451 naturalis
1047 3397 1078 3450 et
1098 3389 1319 3451 demonstrativi
1352 3409 1456 3452 vocem
1476 3394 1587 3470 gravis·

241 3480 345 3539 dmum
367 3497 433 3540 eam
454 3496 534 3553 esse,
562 3496 650 3556 quam
672 3486 788 3540 veteres
814 3478 1143 3557 proslambanomenon,
1167 3477 1248 3539 scala
1274 3478 1421 3540 musicalis
1447 3477 1589 3541 Gormnst

241 3566 317 3627 solet
338 3566 501 3644 appellare,
529 3568 558 3627 ei
585 3569 721 3626 nimirum
752 3566 936 3628 tribuendam
964 3564 1080 3625 literam
1105 3562 1141 3625 G.
1185 3565 1300 3626 Causae
1330 3565 1388 3627 hae
1410 3577 1493 3642 sunt,
1524 3570 1588 3644 quia

241 3672 338 3728 voces,
362 3657 538 3715 constitutae
560 3672 613 3732 per
634 3654 982 3729 sectioncslrarmonicas,
1005 3653 1080 3712 inira
1101 3651 1219 3729 quidem
1244 3661 1379 3715 octavam
1403 3654 1474 3715 talia
1496 3654 1588 3715 deter-

241 3744 354 3801 minant
374 3741 530 3802 iuterralla
552 3758 618 3801 eum
639 3759 713 3802 voce
737 3742 863 3804 chordae
885 3745 984 3816 totius,
1008 3739 1108 3818 qualia
1129 3743 1233 3802 musici
1255 3741 1399 3803 ordinarie
1414 3746 1589 3804 constituunt

242 3832 317 3890 inter
341 3826 418 3889 (iet
440 3830 475 3901 h,
498 3827 531 3910 h,
553 3846 585 3903 e,
607 3829 640 3904 d,
663 3830 718 3906 dp,
740 3849 764 3890 e.

327 3916 448 3976 Dixerit
465 3916 589 3992 aliquis,
617 3915 722 3977 eadem
743 3915 899 3978 intervalla
920 3914 1045 3992 intelligi
1066 3932 1155 3992 pesse
1179 3918 1253 3976 inter
1273 3916 1307 3974 D
1328 3924 1358 3977 et
1381 3915 1423 3991 F,
1456 3915 1519 3993 Fe,
1556 3915 1587 3986 0,

242 4005 279 4074 Δ,
302 4003 329 4076 h,
351 4001 379 4085 ty,
402 4005 446 4063 sie
467 4006 556 4063 etlam
578 4005 653 4063 inter
675 4022 691 4064 e
713 4012 743 4065 et
763 4005 812 4082 dp,
835 4024 859 4079 a,
881 4005 905 4083 f,
927 4024 962 4080 p,
984 4022 1039 4082 op,
1062 4022 1092 4062 α.
1137 4003 1199 4063 Nec
1221 4003 1347 4065 diliiteor
1369 4022 1440 4082 ege,
1464 4007 1589 4065 musices

243 4092 397 4167 organicos
416 4090 518 4151 literas
539 4091 593 4151 has
616 4108 755 4169 usurpare
777 4091 952 4169 generaliter
980 4106 1035 4151 nec
1057 4089 1235 4167 distinguere
1260 4096 1292 4150 in
1319 4094 1358 4151 iis
1388 4099 1482 4152 tenos
1496 4093 1591 4169 maJ'o-

243 4195 303 4238 rem
332 4183 362 4237 et
389 4179 539 4239 minorem.
584 4178 659 4238 Nam
689 4179 760 4257 quid
788 4180 855 4242 illos
885 4177 1027 4256 impediat
1057 4196 1076 4238 a
1101 4177 1129 4239 (i
1150 4180 1224 4238 ind
1252 4186 1441 4256 transponere
1464 4188 1592 4255 cautum,

243 4266 294 4342 qui
315 4267 346 4323 in
368 4268 485 4341 organis
504 4267 568 4333 suis
589 4272 677 4327 tenes
700 4268 783 4342 dues,
806 4268 947 4345 majorem
961 4261 1002 4346 ΒΛ,
1017 4272 1047 4326 et
1060 4269 1202 4327 minorem
1216 4260 1279 4349 ⁹22„
1293 4266 1436 4328 conflatos
1457 4267 1487 4326 iu
1502 4285 1594 4328 unum

244 4352 430 4412 intervallum
460 4350 517 4434 ⁴l5,
548 4362 654 4430 postea
682 4357 814 4432 praecise
835 4356 969 4415 hiseeant
989 4355 1020 4411 in
1043 4352 1117 4415 duos
1141 4361 1228 4414 tonos
1257 4355 1393 4430 usuales,
1426 4357 1500 4414 inter
1529 4373 1594 4416 sese

243 4438 408 4518 aequales?
451 4441 518 4503 Etsi
547 4442 711 4502 accuratior
732 4449 777 4503 est
806 4445 836 4501 in
857 4442 915 4502 hac
944 4444 1210 4520 contemperatione
1232 4440 1394 4504 Galilaeae.
1438 4442 1500 4504 Nos
1521 4462 1593 4504 rere

244 4535 410 4606 spectamus
433 4528 481 4588 hie
503 4546 562 4589 non
584 4526 722 4609 ἀτεχνιαν
744 4533 960 4608 empiricorum,
989 4528 1042 4589 sed
1062 4537 1185 4591 naturae
1209 4526 1375 4610 ἀκριβωαν,
1402 4547 1494 4608 quare
1525 4534 1593 4590 imi·

244 4616 300 4675 tari
329 4615 396 4676 illes
426 4632 484 4677 non
514 4634 680 4696 pessumus.
726 4618 764 4695 Fit
793 4619 907 4679 literam
938 4616 1056 4694 quidem
1077 4636 1108 4693 c,
1139 4620 1294 4694 queminus
1324 4618 1363 4677 ab
1385 4618 1437 4678 illa
1463 4626 1594 4697 systema

213 4774 219 4783 ,
245 4711 368 4765 octavae
397 4705 531 4767 naturale
562 4712 735 4783 consurgat,
770 4706 819 4767 vel
848 4707 905 4781 ipsi
933 4706 1093 4781 abjecerint
1119 4706 1176 4766 hoe
1208 4713 1397 4783 argumente:
1428 4724 1496 4766 nam
1517 4709 1594 4769 inter

245 4792 373 4866 ipserum
394 4811 442 4869 pp,
466 4812 487 4853 a
509 4799 554 4853 est
575 4794 770 4867 semitonium,
795 4800 824 4854 et
844 4793 903 4853 hee
923 4793 1109 4853 intervallum
1132 4800 1177 4855 cst
1198 4793 1264 4853 loco
1279 4796 1390 4870 quinto,
1415 4796 1485 4870 quia
1506 4814 1528 4854 a
1549 4801 1594 4855 est
1635 4820 1640 4829 ·

18 4878 19 4903 ³
124 4904 134 4915 -
246 4887 330 4948 certa
351 4897 370 4941 a
391 4897 416 4944 c.
460 4881 502 4940 At
523 4883 553 4940 in
575 4888 735 4965 systemate
760 4881 886 4945 naurdi
908 4888 977 4949 ante
998 4888 1112 4947 sexum
1132 4882 1220 4942 uobis
1240 4879 1315 4944 diesi
1337 4898 1412 4963 opus
1427 4888 1478 4942 cst
1518 4882 1593 4944 Die·
