3567 5625
671 402 755 459 Liher
771 403 819 459 III.
838 402 1002 473 00001111.
1447 408 1509 468 1199

164 589 219 634 asse
236 575 424 645 proportiones
442 576 622 632 harmonicas.
659 576 775 632 Secutus
794 592 858 647 ergo
876 578 1067 647 cognationem
1085 593 1175 632 rerum
1193 577 1299 646 000001,
1326 575 1428 631 solidas
1447 576 1505 645 qui·

166 655 220 709 dem
242 656 341 725 figuras
364 656 465 726 primas
490 657 576 726 prima
599 657 688 725 spatia
710 657 802 711 muudi
824 665 1045 727 repraesentare;
1069 657 1189 727 quinque
1216 656 1287 709 enim
1309 654 1412 724 figurae
1431 660 1510 709 erant

166 733 191 785 in
207 738 359 805 geometria,
379 736 499 804 quinque
518 736 610 791 itidem
628 736 775 792 interstitia
793 737 904 806 (quippe
922 737 1093 806 planetarum
1118 751 1166 790 seu
1190 733 1384 791 curriculorum
1403 735 1460 801 ser)
1479 736 1508 788 in

166 813 318 882 Copernico.
353 816 532 870 Harmonicas
550 831 614 869 vero
633 817 836 884 proportiones,
862 826 893 871 ut
912 832 946 872 ex
965 817 1053 887 planis
1072 823 1099 870 et
1117 814 1241 869 0110οΙ001
1258 813 1330 867 11000
1348 820 1435 882 ortas,
1454 828 1509 867 mo·

165 890 231 946 tihus
249 894 411 948 exornandis
429 894 515 948 luisse
533 893 693 949 destinatas.

246 989 325 1057 Quod
343 990 426 1060 igitur
443 991 584 1045 materiam
603 991 700 1046 attinet
719 990 833 1046 dnornm
850 990 949 1045 horum
960 991 1108 1045 Ptolemaei
1125 991 1251 1060 capitum,
1270 990 1351 1044 nnius
1364 989 1398 1045 de
1411 989 1510 1059 sphae-

162 1067 203 1135 ris,
222 1068 333 1123 alterins
359 1071 393 1123 de
412 1070 546 1134 motibus,
566 1069 599 1124 de
618 1071 741 1139 sphaeris
760 1071 868 1138 quidem
887 1077 978 1125 exstat
995 1070 1105 1125 libellus
1122 1085 1207 1140 meus,
1226 1069 1387 1138 Mysterium
1400 1069 1509 1125 Cosmu-

163 1149 313 1217 graphicum
339 1147 441 1217 dictus,
469 1149 515 1217 qui
539 1157 602 1203 ante
625 1149 659 1203 22
678 1165 763 1202 annos
788 1149 877 1203 editus
905 1156 948 1204 est
964 1149 1119 1216 Tubingae,
1147 1148 1227 1215 cnjus
1251 1149 1398 1217 praecipua
1421 1148 1536 1230 capitav

88 1263 91 1271 2
162 1227 251 1293 repetii
268 1227 339 1284 lihro
357 1229 438 1298 hujus
456 1229 509 1283 mei
527 1229 618 1298 operis
636 1228 785 1284 harmonici
804 1228 908 1297 quinto,
926 1243 985 1296 cap.
1007 1232 1029 1282 1.
1049 1237 1076 1281 01
1095 1229 1118 1282 0.
1137 1227 1165 1281 10
1184 1227 1335 1295 schemate,
1360 1228 1509 1297 010004.

162 1304 223 1360 folio
241 1309 292 1361 196
312 1308 389 1374 (285)
408 1317 435 1361 et
453 1308 575 1377 inprimis
593 1322 653 1376 cap.
672 1307 697 1374 9,
714 1315 746 1361 01
763 1306 899 1360 axiomate
922 1307 947 1359 2.
965 1313 993 1360 et
1010 1306 1053 1360 lh.
1072 1304 1249 1373 01010041.
1268 1306 1349 1361 0148.
1369 1316 1397 1362 01
1409 1307 1437 1361 in
1455 1308 1511 1376 epi·

162 1384 321 1452 phouemate
339 1387 381 1455 te,
401 1394 477 1441 0101
495 1404 554 1455 cap.
574 1390 616 1443 10.
635 1387 663 1441 in
682 1386 797 1455 epilogo,
817 1383 882 1438 folio
901 1384 954 1440 ate
972 1386 1059 1452 (321).
1098 1385 1137 1439 00
1154 1384 1272 1439 motibus
1290 1400 1362 1456 vero,
1381 1386 1416 1440 ad
1429 1394 1512 1456 capnt

164 1465 307 1520 Ptolemaei
326 1482 442 1534 sequeus
462 1468 503 1522 15.
521 1467 728 1536 pertinentibus,
747 1482 798 1532 ago
815 1463 885 1518 libro
904 1462 998 1531 quinto
1018 1463 1108 1532 operis
1127 1462 1256 1526 10011010
1275 1478 1310 1518 ex
1327 1464 1461 1534 professo.

246 1563 301 1619 Sed
329 1563 363 1617 de
387 1561 509 1632 sphaeris
535 1577 647 1628 agamus
662 1561 727 1628 jam.
765 1560 875 1614 Summa
901 1557 971 1613 enim
989 1557 1113 1628 Mystes-ii
1133 1559 1354 1630 cosmographici
1373 1561 1441 1616 haec
1460 1569 1510 1630 est,

162 1639 243 1712 quod,
271 1656 334 1695 cnm
351 1657 406 1694 uon
423 1640 529 1708 possint
542 1655 602 1694 esse
620 1638 713 1707 plnres
731 1636 835 1707 figurae
853 1636 958 1692 solidae
975 1635 1113 1703 regulares
1136 1626 1218 1707 quatu
1236 1640 1266 1709 h,
1292 1654 1346 1693 uon
1365 1638 1446 1694 etiarn
1466 1640 1510 1696 tle·

161 1721 264 1776 bueriut
282 1719 343 1774 lieri
360 1718 440 1788 plura
458 1719 561 1773 orbium
580 1717 790 1787 planetariorum
809 1716 953 1770 intervalla
970 1732 1051 1785 quarn
1070 1716 1163 1771 itidem
1181 1718 1206 1787 5,
1234 1717 1383 1790 pluresque
1401 1735 1509 1775 curren·

160 1809 198 1855 tes
214 1799 312 1854 stellae
330 1814 476 1866 earumque
494 1798 630 1854 curricula
648 1814 730 1865 quarn
748 1797 778 1863 h,
804 1795 932 1864 quodque
951 1811 985 1849 ex
1004 1810 1058 1850 una
1075 1795 1198 1864 qualibet
1209 1798 1298 1869 figura
1316 1799 1452 1868 quantitas
1470 1798 1512 1854 iu·

160 1878 261 1934 terualli
288 1883 509 1948 praeterpropter
532 1875 615 1930 fuerit
639 1876 761 1929 desumto
812 1875 882 1929 Nam
906 1875 929 1928 sl
952 1881 1042 1928 motus
1065 1873 1182 1930 inissent
1206 1878 1331 1946 permissi
1354 1878 1512 1933 necessitati

162 1959 289 2028 physicae
309 1961 381 2022 (cum
401 1954 572 2009 interuallum
591 1954 718 2023 planetae
738 1970 754 2007 a
771 1952 833 2007 Sole
852 1952 945 2023 gignat
964 1952 1132 2007 celeritatem
1151 1959 1266 2024 motus),
1284 1963 1349 2011 tunc
1367 1955 1532 2025 figurarum'

161 2036 300 2091 intervalla
322 2036 349 2089 in
375 2033 527 2088 curriculis
541 2032 712 2102 planetarum
737 2033 855 2087 luissent
877 2047 1008 2102 expressa
1025 2032 1235 2101 perfectissime,
1261 2033 1329 2088 nihil
1353 2035 1423 2089 enim
1450 2035 1512 2090 hnic

160 2114 318 2184 perfectioni
337 2112 497 2168 obstitisset.
535 2112 661 2178 Qualium
679 2114 762 2180 igitur
781 2113 914 2167 Saturnus
930 2111 1013 2167 distat
1031 2127 1047 2166 a
1065 2111 1128 2166 Sole
1149 2113 1276 2182 1000000,
1294 2113 1389 2168 talium
1402 2113 1511 2184 Jupiter

160 2185 252 2250 nictus
281 2200 357 2248 esset
381 2192 499 2258 571300,
524 2191 600 2245 Mars
628 2191 741 2259 192450,
769 2191 815 2246 Sol
842 2192 956 2259 102931,
983 2192 1077 2246 Venus
1104 2191 1218 2260 121817,
1246 2193 1398 2247 Mercurius
1417 2195 1511 2262 rothe.

158 2273 237 2343 Atqui
256 2272 339 2326 etiam
356 2281 446 2323 mutus
464 2268 624 2336 indigebant
642 2286 695 2325 sua
712 2268 843 2338 peculiari
860 2269 1044 2336 exornatione,
1069 2269 1134 2338 quia
1151 2285 1206 2324 non
1224 2277 1332 2325 tantum
1349 2270 1512 2328 harmonicis

158 2363 233 2407 erant
251 2349 405 2406 instruendi
418 2347 625 2418 concordantiis,
645 2350 693 2404 sed
712 2350 793 2404 etism
812 2349 1064 2403 concordantianrm
1083 2357 1143 2404 erat
1154 2349 1188 2404 110
1207 2350 1377 2406 concdiauda
1386 2354 1511 2409 varietas.

158 2432 258 2488 Horum
278 2445 343 2485 vero
361 2435 488 2484 neutrum
505 2428 541 2483 ad
559 2427 703 2482 distantias
720 2426 848 2497 figurales
867 2428 906 2482 sic
923 2429 1046 2496 praecise
1065 2429 1224 2486 observatas
1241 2429 1332 2497 potuit
1348 2433 1438 2501 sequi:
1457 2447 1512 2486 non

140 2512 285 2580 primum,
313 2507 377 2577 qnia
401 2522 451 2562 nec
478 2522 571 2560 omnes
599 2505 703 2573 figurae
727 2506 929 2575 proportionem
957 2505 1028 2560 inter
1050 2506 1128 2562 hinos
1151 2510 1231 2564 orbes
1254 2524 1318 2563 suos
1344 2511 1513 2568 constituant

159 2588 343 2643 harmonicam
363 2593 411 2640 ant
427 2585 535 2639 omuino
555 2583 700 2655 effabilem,
720 2585 769 2640 sed
788 2583 876 2639 solum
895 2586 1052 2641 tetraddrou
1070 2587 1190 2656 triplam,
1209 2603 1260 2643 nec
1277 2587 1433 2645 harmonica
1450 2606 1511 2659 pro

137 2677 141 2682 ’
159 2666 248 2734 portio
267 2665 409 2735 duplicata
427 2671 475 2718 001
492 2662 932 2732 quomodocunquemultiplicata
950 2667 1069 2734 (praeter
1081 2666 1222 2737 diapason)
1240 2666 1511 2724 manetharmoniout

159 2759 210 2799 nou
230 2745 396 2812 secundum,
424 2742 487 2812 quia
506 2742 556 2796 nisi
574 2743 678 2797 variato
696 2742 839 2797 intervallo
859 2751 948 2796 motus
971 2742 1073 2798 intendi
1093 2744 1246 2817 remittique
1270 2745 1354 2801 etsie
1372 2748 1511 2818 proportio

159 2824 255 2878 variari
275 2823 376 2891 nequit
413 2824 462 2878 His
480 2823 563 2891 igitur
582 2823 722 2878 decausis
742 2823 857 2892 primurn
877 2832 940 2878 suut
965 2822 1051 2877 multa
1068 2823 1186 2892 planetis
1204 2825 1347 2881 interualla
1364 2828 1512 2893 variabilia,

158 2904 290 2958 varietate
309 2910 393 2970 tanta,
413 2908 515 2970 quanta
532 2900 639 2956 00110011
658 2901 692 2956 ad
712 2904 956 2971 contemperandos
974 2903 1096 2958 hinorum
1115 2912 1250 2960 extremos
1269 2911 1365 2971 motus,
1384 2914 1414 2962 01
1432 2922 1513 2976 quam

158 2984 269 3037 minima
287 2981 437 3036 mutatione
454 2981 657 3036 intervallorum
676 2980 829 3052 figuralium
847 2982 1039 3051 proportiones
1057 2991 1178 3037 motuum
1197 2999 1230 3037 ex
1243 2984 1306 3040 Sole
1324 2986 1513 3054 apparentium

159 3063 394 3117 constituerentur
412 3061 518 3116 nohiles
536 3069 564 3115 et
580 3060 761 3114 harmonicae,
799 3060 859 3129 000
872 3061 937 3117 dato
951 3061 1084 3131 principio
1099 3062 1157 3130 jam
1169 3063 1320 3117 necessitas
1333 3062 1514 3132 quantitatira

157 3141 285 3209 pervadit
308 3154 403 3195 omnes
425 3138 545 3206 reliquos
570 3137 708 3207 planetas,
737 3140 852 3209 singulis
875 3156 943 3196 suas
965 3141 1136 3195 harmonicas
1157 3143 1347 3209 proportiones
1369 3142 1513 3211 indulgens

157 3218 245 3287 iisque
265 3219 449 3286 exprimendis
468 3218 609 3275 interualla
627 3235 644 3273 a
661 3219 757 3289 figuris
774 3225 928 3276 monstrata
945 3221 1041 3275 leuiter
1054 3221 1203 3289 corrigens,
1222 3228 1253 3275 nt
1267 3229 1356 3277 100100
1372 3221 1402 3277 10
1414 3222 1514 3291 potiori

157 3299 354 3368 magnitudinis
379 3306 458 3367 parte
480 3298 520 3352 ris
543 3298 647 3368 figurae
672 3299 774 3367 liquido
797 3300 882 3355 nihilo
906 3299 995 3355 minus
1017 3306 1191 3368 agnoscatur.
1228 3299 1317 3366 Quare
1341 3315 1513 3370 nequaquam

160 3378 238 3431 nobis
259 3392 330 3446 0000
348 3386 391 3432 001
409 3376 556 3447 harmoniis
575 3377 609 3431 ad
628 3377 842 3433 concinnandum
860 3379 1044 3448 proportionis
1059 3378 1235 3446 sphaerarum
1246 3393 1370 3433 mancum
1389 3386 1417 3433 et
1428 3377 1512 3433 inido-

162 3470 245 3509 neum
264 3454 453 3524 archetypum,
473 3471 533 3509 cum
552 3463 680 3524 suppetat
698 3456 775 3511 nohis
794 3456 1006 3527 pulcherrimus,
1025 3456 1180 3524 aptissimus
1199 3463 1227 3511 et
1244 3458 1325 3526 plane
1343 3457 1513 3513 necessarius

159 3548 191 3585 ex
209 3532 368 3602 ‘geometria
392 3533 569 3602 archetypus,
598 3533 717 3602 quinque
742 3535 844 3601 figurae
866 3533 1019 3604 regulares,
1048 3548 1082 3587 er
1109 3534 1207 3601 quihus
1225 3536 1300 3589 Deus
1322 3535 1382 3603 ipse
1401 3535 1512 3589 Creator

156 3626 309 3680 numerum,
329 3610 450 3666 ordinem
468 3619 495 3665 et
513 3612 704 3680 proportiones
723 3613 901 3681 sphaerarum
920 3613 1060 3668 desumsit.
1097 3613 1175 3667 Licet
1192 3614 1274 3681 igitur
1287 3614 1445 3669 Ptolemaeo
1462 3630 1514 3683 per

158 3690 295 3759 sphaeras
313 3690 422 3760 quidem
439 3691 573 3746 coelestes
591 3689 700 3744 differre
719 3698 746 3745 et
762 3705 903 3745 reservare
921 3691 1074 3746 harmonias
1097 3689 1133 3745 ad
1151 3692 1356 3747 exornationem
1378 3698 1511 3761 motuum,

157 3770 255 3839 capitis
274 3770 413 3838 sequentis
435 3772 475 3825 ts.
493 3770 642 3825 materiam.

702 4026 843 4097 CAPUT
870 4015 973 4098 XV.¹'

214 4172 392 4243 Quomodo
419 4174 507 4229 sumi
532 4174 666 4244 possint
691 4181 844 4228 motuum
870 4174 1095 4244 propriorum
1120 4176 1366 4245 proportiones
1392 4191 1454 4246 per
1510 4216 1515 4223 ·

726 4276 894 4317 numeros.
910 4263 943 4310 Η)

247 4426 322 4485 Cum
352 4422 484 4502 sphaeris
514 4425 601 4501 igitur
623 4442 669 4484 ree
690 4440 756 4484 sese
778 4424 883 4497 hahet,
914 4432 947 4484 ut
976 4425 1197 4502 explicavimus.
1243 4427 1414 4489 Traueimns
1435 4445 1513 4489 nunc

155 4512 195 4572 ad
225 4519 325 4571 motus
347 4511 529 4589 singulorum
556 4512 740 4588 planetarum
766 4515 908 4588 proprios.
955 4511 1207 4589 Quemadmodum
1230 4518 1307 4575 enim
1338 4533 1374 4576 er
1397 4514 1512 4576 chordis

155 4599 343 4659 diversorum
373 4616 510 4660 sonorum
541 4599 628 4659 simul
657 4599 781 4676 pulsatis
813 4601 992 4677 compositus
1026 4618 1115 4662 sonus
1150 4602 1280 4677 elicitur,
1316 4604 1367 4680 qui
1396 4604 1510 4663 aurium

151 4687 269 4762 judicio
294 4685 342 4747 vel
366 4690 558 4748 consonantia
586 4686 690 4746 dicitur
719 4686 766 4746 vel
795 4686 995 4761 dissonantia,
1024 4691 1066 4748 slc
1086 4691 1176 4749 etiam
1203 4689 1345 4768 sphaeras
1367 4688 1511 4751 coelestes

154 4775 293 4836 ridemus
321 4776 436 4834 incitati
458 4776 586 4836 motibus
610 4774 748 4844 dirersis,
779 4777 809 4833 iu
840 4776 947 4854 quihus
977 4783 1146 4853 spectantur
1174 4776 1295 4843 eaedem
1318 4777 1508 4852 summano,

154 4880 236 4940 quae
260 4872 289 4923 01
312 4865 341 4922 10
363 4870 446 4923 motu
468 4861 651 4937 chordarum,
675 4862 840 4924 uelocitatis
864 4872 894 4925 et
917 4861 1070 4925 tarditatis.
1117 4864 1191 4925 Cum
1213 4873 1313 4927 autern
1342 4882 1452 4944 magna
1472 4860 1512 4927 011
