3567 5625
572 417 576 424 ⁴
681 401 765 458 Idber
781 405 814 460 V.
832 405 921 474 caput
938 403 998 458 Vll.

717 658 859 730 CAPUT
887 656 957 729 vlt

195 801 401 860 Harmoniae
423 805 643 862 universales
672 804 815 860 omnium
840 821 902 860 sex
925 804 1146 876 planetarum
1169 799 1277 856 veluti
1300 804 1488 860 communia

527 897 776 963 eontrapunota
794 891 1049 962 quadriformia
1067 888 1150 944 dari.

249 1010 446 1115 Nuno'opns,
470 1032 595 1110 Uranie,
622 1039 720 1096 sonitu
736 1036 871 1112 maiore,
901 1013 1044 1113 damper
1066 1032 1176 1093 scalam
1198 1032 1398 1094 harmonicam
1420 1038 1519 1099 cuele-

26 1177 28 1192 ‚
120 1139 125 1147 ⁴
164 1125 252 1181 stium
275 1130 407 1182 motuum
431 1122 467 1182 ad
490 1123 597 1183 altiora
619 1124 798 1196 conscendo,
829 1141 889 1202 qua
911 1126 1056 1200 genuinus
1078 1121 1255 1198 archetypus
1283 1122 1410 1184 fabricae
1432 1142 1519 1184 mun·

162 1209 257 1269 danae
278 1210 445 1270 reconditus
460 1211 635 1272 asservetur.
670 1213 840 1288 Sequimini,
864 1214 969 1270 musici
984 1209 1126 1282 moderni,
1140 1225 1259 1285 remque
1275 1212 1380 1270 restris
1396 1213 1518 1288 artibus,

167 1300 337 1371 antiquitati
368 1315 426 1357 non
450 1299 591 1375 cognitis,
622 1302 752 1360 censete!
785 1300 848 1358 Vus
870 1299 918 1359 liis
944 1300 1051 1358 seculis
1074 1297 1185 1355 ultimis
1204 1300 1299 1372 prima
1322 1302 1520 1360 universitatis
1570 1343 1587 1380 ,-

163 1385 298 1463 exempia
320 1388 462 1462 genuina,
493 1388 536 1445 bis
565 1386 687 1445 millium
710 1405 853 1447 annorum
882 1388 1038 1454 incubatu,
1067 1383 1185 1443 tandem
1208 1384 1344 1461 produxit
1370 1390 1417 1446 sui
1438 1405 1518 1447 nun-

163 1489 251 1550 qnam
282 1491 341 1532 non
363 1473 487 1550 prodiga
515 1482 635 1548 natura,
655 1477 773 1534 .vestris
802 1473 854 1534 iiia
884 1490 990 1533 vocum
1014 1474 1159 1531 variarum
1188 1474 1378 1533 concentibus
1406 1490 1518 1553 parque

164 1567 277 1620 eemras
299 1578 384 1621 aures
407 1577 472 1621 sese
494 1564 597 1639 ipsam,
622 1561 718 1638 qualis
741 1563 849 1622 existat
870 1563 1055 1639 penitissima
1079 1561 1155 1631 sinu,
1179 1563 1268 1618 menti
1283 1560 1437 1637 hnmanae,
1461 1564 1519 1625 Dei

164 1648 311 1708 Creatoris
332 1647 412 1708 dirae
435 1648 658 1722 ddectisaimae,
682 1646 934 1732 insusurrantur),

249 1734 332 1811 Ques
354 1735 538 1796 harmonicae
568 1739 770 1815 proportiones
801 1737 861 1797 bini
885 1738 1025 1813 planctae
1049 1735 1138 1794 vicini
1169 1739 1302 1791 mutuam
1324 1751 1444 1796 suorum
1467 1755 1521 1797 ex-

164 1823 359 1883 tremitatibus
381 1824 650 1901 complecterentur,
674 1825 704 1882 id
727 1821 904 1901 explicatum
927 1825 982 1883 init
997 1839 1094 1900 supra.
1140 1820 1251 1880 Veram
1267 1825 1410 1900 contingit
1431 1827 1521 1884 raris-

165 1912 246 1984 sime,
271 1919 304 1971 ut
328 1910 396 1984 duo,
420 1914 594 1989 praesertim
617 1911 784 1984 tardissimi,
807 1911 894 1971 simul
918 1914 946 1969 ln
969 1927 1024 1970 sua
1046 1908 1175 1969 incidant
1198 1917 1328 1968 extrema
1349 1912 1520 1990 intervalla3
1579 1988 1581 1992 ¹

164 1999 245 2058 serbi
269 2015 368 2072 causa,
391 1997 508 2058 Saturni
532 2009 561 2058 et
582 1998 670 2059 doris
693 1998 811 2077 apsides
834 2000 944 2059 distant
967 1998 1079 2057 circiter
1102 1994 1173 2070 81⁰,
1198 1998 1285 2072 igitur
1308 1999 1426 2074 interca,
1450 2001 1520 2060 dum

165 2086 238 2145 haec
260 2085 376 2145 iliorum
398 2086 539 2146 distantia
561 2090 648 2146 certis
668 2090 838 2147 vicenorum
854 2104 997 2147 annorum
1013 2084 1137 2144 saltibus
1160 2091 1255 2166 tutum
1269 2083 1421 2145 zodiacum
1437 2105 1520 2147 ema

166 2176 262 2243 riatur,
286 2176 355 2232 anni
378 2173 517 2233 labuntur
540 2175 612 2254 800,
635 2193 730 2252 neque
753 2184 851 2234 tamen
874 2173 985 2247 saltus,
1009 2174 1059 2249 qui
1082 2180 1221 2231 octavum
1244 2171 1355 2232 claudit
1376 2175 1520 2256 seculum,

164 2263 296 2338 praecise
318 2261 407 2320 femur
429 2261 466 2322 ad
489 2263 650 2338 ipsissimas
673 2262 801 2340 apsidas,
825 2271 855 2321 et
876 2263 903 2319 si
925 2260 1014 2337 panio
1037 2259 1154 2336 longius
1177 2259 1307 2339 aberret,
1330 2263 1519 2339 exspectandi

165 2355 234 2407 sunt
255 2348 306 2407 alii
330 2350 393 2408 800
416 2350 494 2424 anni,
517 2358 550 2408 ut
571 2350 663 2409 saltus
687 2350 738 2410 illu
760 2350 871 2410 felicior
893 2366 959 2408 oum
981 2349 1094 2407 ratione
1117 2348 1219 2423 quaeri
1235 2349 1338 2422 possit,
1361 2349 1449 2425 idque
1471 2358 1521 2411 tu·

166 2437 222 2494 ties
243 2436 416 2509 iterandum,
433 2440 556 2513 quotics
579 2437 715 2498 modulus
737 2438 929 2498 aberratiunis'
946 2438 981 2493 -in
1005 2437 1091 2493 unius
1114 2434 1207 2493 saltus
1231 2433 1374 2494 dimidiati
1395 2436 1521 2515 proliri-

165 2532 227 2582 tate
250 2526 421 2582 continetur.
467 2521 555 2583 Tales
578 2524 715 2602 periodos
738 2524 868 2585 efficiunt
890 2526 979 2583 etiam
1002 2531 1116 2582 ceterae
1139 2522 1226 2597 bigae
1248 2521 1399 2598 singulae,
1422 2542 1519 2600 quan-

166 2628 255 2686 quam
277 2627 335 2669 non
358 2612 399 2670 ita
415 2612 552 2687 prolixae.
597 2612 716 2672 Interim
733 2629 801 2672 reru
813 2612 986 2688 contingunt
1008 2613 1095 2670 etiam
1110 2609 1187 2668 aliae
1201 2608 1370 2670 harmoniae
1385 2611 1520 2671 binorum

165 2698 364 2775 planetarum,
386 2701 463 2759 inter
484 2707 582 2758 mutus
604 2705 662 2759 nun
685 2709 830 2760 extremus
851 2706 1009 2774 utrosque,
1032 2697 1085 2758 sed
1108 2694 1325 2769 intermedium,
1357 2699 1407 2758 vel
1429 2715 1520 2760 unum
1542 2741 1547 2752 ,

167 2785 214 2844 rel
236 2792 408 2863 utrumqne,
433 2804 544 2863 eaeque
566 2790 595 2846 in
619 2787 744 2849 dirersis
768 2787 859 2848 veluti
882 2785 1075 2847 tensionibus.
1119 2784 1196 2844 Nam
1224 2786 1295 2863 quia
1316 2783 1460 2847 Saturnus
1483 2805 1520 2848 ex

169 2868 195 2933 G
217 2877 247 2931 in
270 2873 290 2930 it
312 2883 341 2933 et
363 2873 453 2952 mlo
476 2876 597 2934 ulterius
619 2875 756 2949 tenditur,
780 2875 899 2954 Jupiter
914 2893 949 2935 ex
972 2876 991 2932 t
1013 2877 1043 2931 in
1063 2874 1085 2932 d
1106 2881 1135 2934 at
1157 2871 1293 2949 amplius,
1310 2883 1441 2950 ,possunt
1461 2877 1521 2952 igi·

165 2970 212 3019 tur
235 2965 402 3041 confingere
425 2963 500 3021 inter
521 2961 630 3022 Jurem
652 2973 682 3023 et
704 2953 862 3023 Saturnum
891 2962 1061 3022 harmoniae
1089 2964 1177 3019 etiam
1200 2963 1275 3020 istae
1305 2978 1394 3039 supra
1416 2961 1520 3042 diapa-

166 3066 231 3122 son,
256 3052 343 3108 tertia
366 3057 488 3126 utraque
519 3057 548 3109 et
570 3050 768 3125 diatessarum
800 3050 916 3113 iliarum
946 3050 1065 3126 quidem
1095 3048 1235 3108 alterutra
1254 3058 1320 3126 ‘per
1348 3052 1519 3125 tensionem,

167 3154 244 3212 quae
267 3136 359 3196 habet
381 3137 604 3213 amplitudinem
625 3137 773 3217 reliquae,
796 3138 870 3199 hacc
892 3156 963 3198 vero
987 3124 1038 3214 pe'r
1061 3135 1283 3213 amplitudinem
1305 3138 1368 3195 tuni
1390 3138 1520 3214 majoris.

167 3224 358 3285 Diatessarun
380 3228 458 3285 enim
481 3226 535 3283 crit
557 3242 615 3286 nun
638 3234 751 3285 tantum
774 3243 793 3285 a
817 3224 843 3285 0
866 3226 984 3285 Saturni
1007 3229 1038 3283 in
1061 3242 1092 3283 cc
1113 3220 1215 3296 Juvis,
1243 3221 1295 3282 sed
1319 3227 1408 3284 etiam
1430 3227 1468 3287 ab
1491 3228 1520 3286 A

166 3311 286 3370 Saturni
308 3314 337 3369 in
361 3310 403 3369 dni
416 3310 502 3372 Juvis
524 3320 554 3373 et
575 3331 627 3390 per
649 3313 820 3374 intermedia
843 3315 942 3381 omnia
963 3315 1037 3371 inter
1050 3310 1086 3385 G,
1109 3314 1136 3369 A
1158 3310 1238 3369 illins
1254 3317 1283 3370 ot
1299 3326 1338 3383 oc,
1361 3312 1403 3369 dd
1421 3313 1519 3390 hujus.

168 3399 321 3474 Diapasun
355 3414 425 3458 veru
455 3409 486 3458 et
516 3399 653 3476 diapente
683 3403 712 3458 in
740 3401 812 3461 eulis
834 3401 970 3481 apsidum
991 3401 1107 3477 punctis
1136 3399 1286 3473 contingit.
1330 3398 1411 3457 Mare
1439 3418 1519 3477 vero,

166 3486 264 3562 majus
283 3494 387 3546 nactus
409 3487 596 3546 intervallum
618 3489 776 3566 proprium,
801 3488 858 3548 huc
879 3489 1020 3560 obtinuit,
1044 3495 1078 3545 ut
1099 3488 1187 3545 etiam
1211 3485 1353 3561 diapason
1378 3503 1443 3546 cum
1466 3507 1518 3547 su-

166 3573 330 3649 perioribus
356 3591 408 3650 per
429 3575 559 3650 aliquam
581 3577 723 3635 tensionis
743 3575 967 3652 amplitudinem
990 3575 1087 3633 iaciat.
1132 3573 1294 3632 Mercurius
1324 3581 1438 3632 tantum
1463 3576 1518 3635 ub-

167 3663 254 3719 tinuit
275 3661 478 3735 intervaiium,
511 3671 543 3720 ut
570 3663 741 3739 plerumque
772 3680 872 3722 omnes
906 3663 1073 3722 harmonias
1107 3678 1172 3721 cnm
1202 3659 1337 3718 omnibus
1359 3663 1519 3724 constituat

167 3750 244 3808 intra
272 3765 360 3807 unam
390 3749 542 3825 periodum
571 3768 670 3823 suam,
702 3768 778 3827 quae
807 3767 865 3813 nan
894 3745 1035 3826 proiixior
1062 3756 1106 3809 eet
1136 3751 1222 3806 trium
1245 3750 1387 3807 mensium
1409 3752 1515 3825 spatio.
1563 3748 1568 3762 ⁸

166 3833 270 3895 Tellus
291 3853 307 3895 e
331 3845 432 3895 contra
453 3836 615 3913 Venusque
636 3838 728 3897 multo
751 3841 845 3915 magia
867 3841 1005 3915 angustia
1025 3839 1207 3923 propriorum
1229 3834 1448 3896 intervallorum
1469 3856 1518 3898 re-

166 3925 312 3999 stringunt
335 3923 502 3983 harmonias
524 3941 594 3983 suas
617 3942 675 3983 nun
698 3934 812 3984 tantum
835 3943 900 3985 cum
924 3929 1043 3999 ceteris,
1074 3924 1127 3983 sed
1149 3926 1274 3983 maxime
1298 3925 1371 3984 inter
1392 3941 1425 3984 se
1447 3944 1517 3985 mu-

166 4018 244 4084 tuas,
265 4009 304 4069 ad
327 4012 505 4089 paucitatem
528 4012 728 4088 spectabilem.
776 4011 889 4089 Quodsi
913 4022 970 4073 tres
993 4016 1023 4071 in
1046 4031 1134 4071 unam
1149 4011 1330 4071 harmoniam
1353 4012 1520 4089 conspirare

170 4098 312 4167 debeant,
343 4098 452 4158 multae
483 4098 600 4176 quidem
623 4102 703 4161 vices
734 4109 802 4160 sunt
829 4099 1055 4177 exspectandae,
1085 4099 1196 4159 multae
1225 4110 1322 4159 mmcn
1349 4098 1519 4163 harmoniae

167 4192 249 4256 aunt,
281 4194 315 4244 ut
344 4188 385 4245 ita
405 4193 487 4265 tantu
515 4187 630 4246 facilins
659 4190 843 4265 contingant,
874 4188 943 4247 dum
967 4191 1092 4247 vicinam
1115 4205 1199 4247 suam
1227 4190 1362 4265 proxima
1383 4206 1517 4264 quaeque

167 4264 284 4347 excipit,
309 4273 502 4349 videnturque
526 4276 600 4334 inter
621 4274 756 4350 Martem,
779 4274 927 4336 Tellurem
949 4284 978 4335 et
1000 4276 1175 4335 Mercurium
1198 4274 1325 4353 triplices
1350 4279 1518 4353 contingere

165 4360 360 4437 saepiuscule.
405 4360 539 4436 Quatuur
561 4380 630 4422 veru
653 4361 835 4439 planetarum
858 4363 1028 4425 harmoniae
1046 4363 1109 4439 jam
1132 4363 1273 4439 incipiunt
1294 4365 1392 4438 spargi
1414 4365 1444 4422 in
1467 4381 1517 4424 se-

172 4447 248 4523 cula,
272 4450 403 4526 quinque
425 4450 610 4525 planetarum
632 4454 661 4508 in
684 4450 833 4529 myriadas
855 4467 1006 4511 annorum.
1053 4447 1094 4510 Ut
1110 4466 1179 4508 veru
1202 4466 1254 4508 ser
1270 4465 1370 4509 omnes
1392 4465 1518 4512 eonsen-

243 4643 266 4693 ι)
280 4643 347 4683 Anne
360 4642 468 4692 flagitium
483 4641 565 4690 iacaru,
581 4643 602 4682 si
614 4636 629 4681 s'
641 4641 737 4690 singulis
751 4638 818 4692 nujus
832 4640 915 4679 aetatis
930 4638 1077 4688 cumpunlstis
1091 4637 1233 4677 artificiosam
1247 4636 1344 4686 aliquam
1357 4640 1463 4681 mutatam
1476 4650 1517 4690 pro

166 4694 295 4746 huealegiu
309 4694 416 4744 erigam?
443 4696 539 4735 'Psxtnm
554 4696 597 4734 hue
610 4697 686 4743 aptum
700 4694 790 4732 Paelice
804 4692 890 4739 Regius
904 4693 1017 4740 cutemque
1032 4690 1095 4731 iiaorl
1110 4691 1163 4729 libri
1175 4689 1319 4738 suppeditare
1333 4694 1446 4739 poterunt.
1473 4693 1516 4733 Ve-

167 4760 214 4789 rum
229 4751 284 4791 noas
298 4758 348 4796 sos,
363 4749 387 4788 in
399 4749 463 4788 cuslu
477 4750 554 4796 piures
569 4759 633 4797 quam
647 4758 688 4787 sex
702 4756 746 4787 aua
760 4745 903 4786 cuncordent.
931 4745 984 4784 Nam
999 4744 1062 4783 Luna
1082 4743 1177 4783 seorsim
1191 4753 1252 4782 suam
1266 4742 1390 4787 manualium
1404 4746 1516 4794 camssilat,

166 4802 243 4842 Terris
258 4808 282 4842 nt
296 4802 362 4841 cunis
376 4801 487 4842 assidens.
517 4801 621 4841 Gunierta
642 4800 762 4847 symbolas,
777 4809 833 4848 ego,
855 4803 880 4838 ut
896 4798 953 4837 iliter
966 4797 1015 4845 flat,
1039 4807 1079 4836 aer
1098 4797 1199 4846 partibus
1216 4800 1341 4836 curatorem
1358 4808 1392 4837 me
1414 4798 1517 4840 sedulum

163 4856 280 4904 pulliceor.
309 4855 353 4901 eri
367 4853 460 4904 propius
472 4854 579 4895 musicam
593 4852 713 4895 coelestem
727 4852 838 4902 exprimet
852 4851 895 4892 iruu
909 4860 976 4901 opere
990 4849 1133 4903 desumptam,
1149 4849 1200 4889 hnic
1209 4848 1257 4891 uuo
1272 4852 1364 4901 sertum,
1379 4849 1516 4894 ursmare
1606 4860 1611 4872 ·

165 4918 240 4952 aersm
253 4918 360 4962 sponsam
373 4906 491 4961 muntani.
