3567 5625
767 419 909 492 apologia.
1369 399 1370 404 '
1449 419 1511 479 aar
1557 419 1561 426 ·

168 599 249 660 litato
273 617 360 677 agero
383 601 592 679 interpretem?
622 599 673 666 ,Et
703 599 831 677 pandere
855 607 884 658 te
915 599 1056 677 mysteria
1085 596 1181 658 dicere
1208 598 1269 674 ris,
1303 603 1332 658 at
1353 596 1384 672 id
1415 602 1514 655 mmen

168 687 265 747 lacere
289 696 375 749 caute
397 708 449 766 per
470 693 647 767 aenigmata,
671 690 777 764 quibus
800 696 953 747 arceantur
967 689 1135 746 oscitantes.
1179 683 1264 748 Haec
1278 687 1378 760 utique
1401 685 1515 744 sincera

167 783 210 834 est
242 778 335 834 oratio
366 781 555 855 mysticorum
588 780 738 852 omnium,
770 775 847 835 hanc
875 774 982 846 laudo,
1014 773 1112 850 quoad
1135 781 1244 846 cetera,
1267 773 1297 829 in
1327 771 1512 843 harmonicis,

166 862 323 940 disciplina
344 864 569 944 mathematica,
597 881 657 923 non
680 866 799 940 recipio.
845 862 907 937 Tu,
934 864 959 922 si
987 862 1085 938 placat
1112 865 1414 936 interpretamentum,
1443 876 1515 918 cau·

166 968 228 1008 sam
253 951 361 1024 dicito,
386 970 436 1010 eur
458 956 549 1029 igitur
570 951 641 1011 mihi
664 968 855 1023 succenseas,
885 949 1003 1009 modum
1025 948 1171 1009 scribendi
1198 966 1250 1025 per
1271 950 1439 1024 aenigmata
1460 947 1513 1006 tibi

164 1038 329 1112 tribuenti?
375 1038 496 1113 Quare
519 1047 633 1100 tautum
658 1040 878 1116 opprobriorum
903 1031 1077 1110 commerui,
1102 1045 1133 1096 ut
1155 1039 1276 1102 timiam
1298 1053 1345 1095 me
1368 1035 1514 1096 commoni
1546 1023 1552 1042 ’

168 1141 235 1185 oum
261 1134 324 1184 arte
347 1128 413 1202 ipsa
435 1128 574 1204 epitheto,
598 1137 630 1186 ut
651 1125 825 1203 Myslerium
847 1143 944 1185 meum
969 1123 1247 1201 Cosmographicnm
1269 1140 1375 1183 nomen
1399 1125 1515 1182 sinere

145 1212 341 1294 ¹appellares,
365 1223 399 1273 ut
419 1224 596 1275 secretorum
618 1217 812 1288 ignorantiam
836 1214 1040 1290 exprobrares,
1058 1213 1241 1272 intellectum
1261 1211 1337 1270 mibi
1357 1214 1536 1289 imaqinm·

164 1305 250 1359 rium
272 1309 300 1358 et
321 1301 417 1360 lucem
447 1304 493 1361 iiii
512 1305 744 1378 praestioiosum
766 1302 922 1374 tribueres,
957 1303 1117 1360 vanitatem
1146 1299 1314 1375 objiceres?
1358 1298 1454 1358 Velim
1486 1304 1515 1356 te

167 1390 307 1465 respicias
337 1391 367 1445 in
391 1399 538 1466 posterum
568 1388 761 1464 diligentins,
783 1405 819 1448 ne
844 1396 912 1448 tuae
934 1391 1027 1464 ipsius
1050 1389 1246 1447 aestimationi
1278 1404 1395 1446 noceas.
1440 1385 1515 1444 Num

167 1494 215 1534 me
240 1474 319 1550 quod
343 1478 457 1550 attinet,
480 1477 551 1537 mihi
572 1494 670 1552 neque
691 1477 890 1537 recantatione
914 1484 965 1536 tua
987 1493 1083 1551 neque
1099 1476 1243 1534 contraria
1257 1473 1428 1535 laudatione
1441 1491 1515 1551 opus

166 1571 221 1633 est,
245 1580 341 1637 neque
364 1563 473 1624 efficies
495 1565 552 1624 hac
574 1566 809 1641 importunitate,
833 1572 867 1622 ut
889 1563 1047 1624 detrectem
1068 1572 1165 1622 tecum
1188 1562 1320 1637 velitari,
1344 1564 1460 1639 quoties
1483 1560 1514 1620 id

166 1654 230 1712 aine
254 1667 319 1709 meo
342 1660 439 1710 sumtu
464 1660 581 1712 etcum
605 1653 705 1727 aliquo
729 1652 846 1711 lectoris
869 1654 1000 1726 proiectu
1022 1647 1189 1727 potero.⁴⁶)

243 1735 407 1811 ‘Quantum
432 1756 509 1798 nunc
532 1758 583 1817 per
606 1740 701 1798 Deum
724 1739 917 1798 immortalem
939 1739 1006 1798 bilis
1029 1741 1058 1797 in
1081 1739 1211 1798 membro
1227 1736 1384 1815 analyscos
1406 1736 1509 1795 alterol

169 1825 243 1883 Cum
268 1841 323 1900 ego
347 1825 502 1903 chymiam,
527 1845 592 1885 cum
615 1827 762 1886 Hermetis
785 1836 815 1886 et
836 1827 984 1886 Paracelsi
1009 1826 1169 1887 doctrinam
1193 1843 1230 1885 ne
1253 1823 1374 1886 verbulo
1398 1823 1516 1900 quidem

166 1915 355 1991 pupugerim,
386 1917 442 1974 nisi
466 1914 545 1989 quod
567 1933 627 1974 rem
651 1915 786 1974 omnibus
808 1917 991 1974 notissimam
1012 1932 1114 1986 narro,
1147 1914 1301 1974 obscuram
1327 1919 1357 1973 et
1378 1913 1516 1972 tenebro-

166 2019 230 2058 sam
253 2018 326 2072 csse,
351 2018 416 2059 cnm
439 2003 562 2061 titulum
586 2004 749 2061 Hermetici
769 2021 824 2060 nec
846 2002 910 2061 odii
930 2020 985 2062 uec
1007 2002 1134 2061 ludibrii
1155 2019 1250 2061 cauea
1270 2002 1439 2072 tribuerim,
1464 1997 1517 2057 sed

167 2096 199 2145 ut
222 2089 421 2148 nominatione
444 2098 541 2148 sectae
564 2108 673 2149 morem
695 2089 938 2165 philosophandi,
972 2107 1059 2165 quem
1089 2092 1193 2149 intuo
1220 2089 1294 2149 libro
1327 2086 1514 2163 deprehendi,

167 2174 326 2234 lectoribus
347 2176 451 2234 futuris
479 2176 672 2236 describerem
696 2176 876 2250 evidentius,
910 2194 975 2238 cum
1002 2175 1082 2236 haud
1106 2194 1253 2253 quaquam
1283 2175 1433 2236 dedecoris
1462 2181 1519 2233 aut

167 2264 319 2339 infamiae
340 2266 373 2321 in
393 2272 483 2338 parte
504 2270 667 2339 posuerim,
693 2266 841 2323 Hermetis
862 2282 921 2324 esse
942 2265 1135 2339 discipulum,
1158 2283 1223 2325 cum
1245 2281 1300 2322 nec
1316 2261 1442 2342 oderirrq
1464 2279 1518 2321 nec

167 2350 382 2410 damnaverim
409 2369 464 2409 rece
482 2371 542 2427 pro
563 2354 658 2411 militia
686 2354 846 2411 habuerim
870 2352 946 2411 hanc
969 2351 1155 2425 facultatem,
1179 2362 1211 2412 tu
1239 2360 1419 2410 tamencum
1442 2367 1518 2427 pan·

168 2438 249 2513 opha
280 2440 309 2494 in
332 2455 378 2497 me
406 2443 576 2516 consurgis,
608 2440 752 2499 mathesin
776 2439 1056 2515 mathematicosquo
1080 2457 1179 2499 omncs
1204 2442 1236 2498 in
1259 2446 1403 2498 conamen
1427 2453 1518 2497 vocas

168 2542 234 2583 cum
258 2525 375 2601 chymia
397 2543 521 2602 cumque
543 2527 691 2588 Hermete.
737 2527 857 2586 Frustra
880 2526 1009 2604 quidem,
1032 2535 1173 2602 quantum
1195 2528 1232 2587 ad
1248 2544 1311 2600 me,
1334 2544 1402 2585 nam
1423 2526 1518 2584 lecto·

169 2630 214 2671 res
238 2611 386 2684 adhortor,
410 2613 510 2688 legant
533 2617 754 2690 pensitantqne,
778 2632 855 2691 quae
877 2623 910 2674 tu
933 2614 1078 2674 hocloco
1101 2617 1240 2692 scripsisti
1263 2613 1397 2692 chymiae
1419 2613 1518 2671 socia-

168 2717 291 2774 rumque
317 2699 534 2776 disciplinarum
556 2704 707 2779 ipsiusque
729 2701 876 2762 Hermeiis
900 2705 1048 2778 encomia3
1072 2704 1148 2762 circa
1162 2703 1306 2763 mathesin
1321 2719 1392 2762 vero
1407 2709 1437 2760 et
1452 2717 1517 2760 cum

169 2805 277 2847 ranam
300 2791 506 2863 geometriam,
539 2807 603 2849 cum
626 2799 758 2848 motuum
791 2791 939 2851 stellarum
963 2792 1182 2867 inquisitionem
1212 2790 1426 2867 phantasticam
1448 2805 1518 2867 pro·

169 2876 289 2950 clamas,
313 2893 350 2935 ne
374 2885 401 2936 te
424 2877 555 2949 audiant,
579 2880 635 2937 nisi
659 2896 723 2937 cum
747 2885 805 2937 ista
826 2881 933 2939 scribis
955 2880 991 2939 de
1014 2882 1092 2938 omui
1115 2881 1288 2939 tomeritate.
1335 2878 1519 2953 Numquae

168 2967 273 3037 major
294 2972 336 3022 est
357 2965 495 3024 deliratio
517 2984 553 3024 ac
577 2966 717 3025 vecordia
740 2962 822 3047 (utor
845 2985 913 3027 ecoe
937 2968 1032 3027 verbis
1050 2964 1133 3048 tuis),
1158 2986 1253 3043 quam
1275 2984 1343 3025 eam
1366 2965 1519 3025 damnare

169 3060 196 3110 et
214 3068 283 3127 pro·
296 3053 392 3111 nihilo
413 3053 520 3111 habere
541 3056 706 3125 scientiam,
729 3058 764 3111 iu
786 3074 850 3129 qua
870 3073 997 3131 prorsam
1018 3055 1270 3133 conticiscere?

261 3137 327 3197 Non
350 3148 417 3198 sunt
440 3139 529 3213 adeo,
553 3140 695 3213 Roberte,
720 3140 816 3200 divisa
830 3138 979 3202 'mathesis
1002 3151 1031 3201 et
1053 3142 1187 3220 chymia‚
1209 3143 1293 3200 utin
1317 3139 1441 3200 eundem
1463 3138 1520 3196 ho-

171 3229 278 3284 minem
299 3243 357 3284 non
381 3227 500 3300 cadant,
532 3229 582 3302 qni
605 3228 812 3288 mathematica
833 3228 931 3288 tradat
954 3228 1095 3307 dilucide,
1123 3230 1262 3299 verbose,
1294 3246 1346 3304 per
1367 3228 1468 3287 literas
1491 3233 1521 3286 et

172 3314 397 3387 diagrammata,
428 3315 561 3393 chymica
591 3332 672 3373 more
702 3323 810 3375 sectae.
863 3316 917 3375 Vis
947 3320 1020 3376 scira
1051 3317 1180 3391 conjugii
1214 3317 1302 3392 hujus
1332 3314 1520 3391 exemplum?

173 3402 284 3476 Accipe
307 3400 477 3477 Tychonem
502 3402 608 3480 Brabe,
639 3405 685 3461 cui
709 3404 737 3459 in
762 3412 843 3479 parte
867 3407 962 3480 operis
992 3421 1046 3477 ego
1070 3406 1207 3463 successi.
1254 3403 1349 3477 Quam
1372 3402 1422 3462 ille
1445 3401 1520 3460 fidus

174 3488 285 3547 silentii
308 3496 406 3547 custos
430 3492 458 3546 in
481 3489 664 3561 Hermeticis,
688 3497 747 3548 tam
771 3490 864 3549 fidelis
888 3498 988 3550 contra
1011 3495 1240 3568 perspicuusque
1265 3489 1378 3559 doctor,
1403 3492 1518 3565 quoties

175 3580 204 3633 in
228 3575 443 3635 mathematicis
466 3576 576 3652 aliquid
601 3579 629 3633 in
653 3576 760 3650 vulgus
783 3578 986 3652 proterendum
1008 3581 1128 3652 sumsit,
1158 3578 1240 3635 nulia
1266 3584 1335 3638 tunc
1355 3576 1413 3647 xiile
1437 3593 1519 3635 com·
1590 3625 1597 3647 ,

170 3666 285 3722 minisci
308 3663 412 3722 solitus
435 3674 480 3723 est
502 3668 678 3739 aenigmata,
701 3663 772 3722 nihil
797 3666 826 3722 in
848 3667 969 3741 picturis
992 3665 1119 3729 tradidit.
1144 3682 1202 3724 non
1224 3662 1372 3741 pollicitus
1395 3670 1439 3722 est
1454 3680 1519 3722 mo·

171 3762 218 3810 tus
243 3751 385 3810 coelestes
410 3751 513 3812 docere
536 3755 600 3810 sine
624 3753 847 3827 quantitatibus,
871 3770 929 3812 non
953 3752 1127 3828 dedignatus
1150 3759 1195 3812 est
1216 3752 1371 3812 subvenire
1393 3753 1520 3828 ingeniis

171 3839 392 3907 infirmioribus,
418 3840 465 3897 vel
489 3842 553 3915 ipsa
575 3839 680 3899 calculi
703 3840 797 3897 forma
820 3840 1058 3916 compendiisque
1081 3840 1248 3916 publicatis.
1342 3838 1346 3851 '

259 3925 338 3985 Illud
361 3929 481 3986 seorsim
505 3928 568 3999 tibi,
591 3927 711 4001 majmis
734 3926 900 3987 evidentiae
923 3946 1014 3988 causa
1035 3927 1225 4003 regerendom
1248 3926 1387 3987 hocloco
1410 3928 1519 3998 censui,

173 4030 283 4089 magna
309 4031 373 4072 com
403 4014 510 4089 injuria
539 4032 604 4074 mea
635 4024 664 4072 te
692 4014 877 4086 efferbuisse,
907 4017 956 4091 qui
981 4016 1054 4075 duas
1077 4017 1149 4074 mihi
1172 4017 1332 4076 sententias
1354 4017 1521 4089 impiaret

171 4100 361 4176 blasphemas
385 4103 530 4171 tribueris,
554 4103 676 4161 alteram
700 4102 817 4175 quidem
841 4121 906 4161 curn
930 4113 1001 4180 typo
1024 4107 1156 4163 variante
1176 4121 1352 4180 expressam,
1375 4110 1408 4160 ut
1430 4102 1522 4160 lector

170 4187 280 4258 medat,
304 4189 439 4248 formalia
462 4207 527 4248 mea
548 4190 655 4261 referri,
681 4189 731 4247 iol.
759 4192 806 4247 12.
831 4189 881 4246 lin.
907 4193 968 4248 41:
1005 4191 1054 4249 Me
1075 4193 1148 4251 boec
1170 4196 1276 4251 omnia
1298 4193 1447 4249 inuenisse
1469 4192 1520 4247 irt-
1596 4258 1600 4265 Ι

169 4279 263 4353 aenio
285 4294 350 4335 meo
368 4280 513 4351 proprio,
538 4276 670 4351 intelligo
692 4294 819 4353 namque
841 4277 899 4335 hoo
921 4278 974 4336 abs
998 4284 1026 4338 te
1050 4297 1114 4339 esse
1131 4281 1296 4354 oppositum
1320 4278 1415 4335 lineae
1435 4281 1521 4335 ante-

169 4363 309 4429 cedenti,
342 4380 399 4438 qua
422 4364 542 4423 concedi
565 4366 751 4423 scientiarum
774 4381 883 4424 arcana
905 4364 1022 4425 dicebas
1048 4385 1105 4442 per
1135 4368 1363 4441 capulationem
1386 4364 1521 4439 Spiritus

171 4452 297 4522 Sancti,
328 4453 415 4521 cuites
436 4452 528 4510 soiius
549 4454 587 4509 sit
608 4453 680 4509 haee
709 4455 814 4510 omniu
837 4470 906 4510 vere
927 4452 1038 4512 docere.
1084 4454 1206 4512 Iterum:
1237 4470 1300 4523 me,
1330 4450 1398 4509 dum
1421 4450 1520 4510 Solem

168 4540 282 4597 iontem
304 4545 400 4596 motus
423 4556 507 4611 roco,
529 4538 647 4597 titulum
671 4539 747 4597 buno
770 4538 912 4614 derogare
935 4544 1066 4607 creatori,
1091 4556 1227 4615 arrogare
1251 4548 1409 4598 creaturae.
1456 4537 1520 4596 Ve-

169 4643 246 4693 reor,
271 4631 303 4681 ut
325 4632 369 4683 cst
391 4628 471 4684 natio
494 4624 581 4684 hodie
604 4643 752 4700 perversa,
775 4644 812 4686 ne
834 4644 892 4685 non
917 4629 974 4685 ista
990 4629 1130 4703 iniquitas
1153 4626 1228 4686 ultra
1244 4626 1335 4685 rerba
1349 4642 1381 4684 se
1396 4626 1426 4681 in
1442 4626 1520 4684 iacta

170 4716 237 4790 ipsa
259 4712 396 4788 proferat,
420 4716 446 4771 si
468 4712 609 4772 lectorum
632 4713 724 4788 aliqui
747 4715 801 4771 tibi
824 4722 931 4775 temore
956 4714 1083 4789 credant,
1108 4732 1165 4773 non
1188 4716 1320 4791 iuspecto
1343 4729 1409 4772 meo
1425 4719 1516 4770 textu.

261 4799 314 4858 Ad
338 4800 526 4877 Analysin
549 4799 622 4857 ΧΠ.
667 4799 726 4858 Sex
749 4803 821 4859 meis
836 4802 923 4863 lineis
945 4803 1040 4880 iisque
1063 4804 1204 4863 brevibus
1225 4802 1292 4879 plus
1308 4810 1339 4861 tn
1356 4817 1444 4877 quam
1467 4816 1518 4858 sex
