3567 5625
308 387 373 447 464
774 379 940 450 Appendicis
957 379 1180 435 Harmonieorum

307 560 492 620 Mierocosmi
515 558 633 632 scribis,
662 559 688 618 si
718 576 777 617 non
807 557 877 618 licet
896 561 1029 617 scrutari
1050 568 1162 619 secreta
1189 569 1338 634 naturae,
1367 578 1424 619 nee
1454 563 1658 621 imbumento

306 651 475 722 cuicunque
504 647 634 705 tribuere
666 648 808 723 mysteria
837 649 981 705 momenti
1011 648 1158 722 alicuius,
1188 666 1242 707 nec
1272 651 1452 708 auctoritate
1483 652 1657 723 sapientum

307 735 383 795 duce
405 733 441 792 ad
466 751 570 792 musas
593 751 697 794 rerum
711 736 788 792 riam
812 732 930 793 tendere
954 744 1120 810 propterea,
1156 737 1226 811 quia
1249 735 1290 793 illi
1319 739 1421 794 everi
1447 736 1502 793 Dei
1525 737 1657 796 revelata

309 823 475 898 cognitione
499 822 577 880 luere
601 820 773 896 longiores?
818 821 876 879 Cur
900 838 968 896 ergo
992 829 1023 880 tu
1040 821 1262 898 Trismegistum
1286 825 1426 899 sequeris,
1449 827 1474 880 si
1497 823 1569 881 milri
1585 823 1656 882 Pla·

306 912 384 969 tonis
410 907 558 968 interdicis
581 907 796 969 contubernio?
841 910 900 967 Cur
922 906 1123 969 Jsmblichum
1152 910 1206 968 tibi
1230 911 1482 987 l’orphyrinmque
1506 911 1577 970 licet
1608 911 1655 969 al-

305 999 416 1073 legare,
441 996 625 1056 Christianae
648 995 796 1056 doctrinae
820 995 930 1068 hostes,
954 998 1024 1054 rnihi
1041 996 1176 1055 Proelum
1199 1007 1251 1056 aut
1269 997 1466 1056 Aristarchum
1489 999 1654 1058 nonlicet?

308 1083 366 1144 Sed
392 1085 467 1143 enim
491 1101 596 1142 coecus
620 1101 675 1160 ega
698 1082 809 1161 palpito
834 1086 861 1140 in
884 1094 971 1143 vasto
993 1085 1049 1142 lruo
1072 1086 1212 1143 orationis
1235 1093 1303 1143 tuae
1327 1084 1495 1156 coenaculo,
1532 1088 1653 1145 necubi

304 1183 335 1231 te
358 1173 479 1230 ebrium
502 1171 636 1244 babeam,
660 1171 770 1230 divino.
815 1170 948 1230 Tandem
972 1174 1099 1231 occurris
1127 1183 1157 1230 et
1178 1173 1255 1231 leris.
1301 1170 1441 1247 Sapienti
1471 1175 1569 1248 inquis
1591 1191 1654 1233 non

301 1260 477 1330 mundano,
507 1259 557 1316 sed
587 1260 769 1335 dreasophieo
796 1258 871 1318 datu
902 1267 943 1317 est
974 1261 1103 1334 cognitio
1130 1266 1212 1319 certa
1241 1261 1439 1318 institutionis
1466 1261 1579 1319 mundi
1601 1269 1652 1319 eta

303 1347 350 1406 Tu
374 1349 509 1405 nimirum
532 1346 713 1424 theosophus
733 1364 773 1418 es,
798 1345 849 1404 alii
872 1346 1073 1422 cosmosopbi,
1102 1355 1133 1405 ιιι
1157 1351 1338 1424 quantitates
1361 1346 1524 1406 invisibiles
1550 1348 1652 1421 calles,

304 1443 334 1492 tu
360 1450 496 1494 numeros
520 1451 578 1493 non
604 1433 808 1505 numerandos,
832 1443 863 1492 tu
878 1433 977 1493 Solem
1000 1434 1193 1511 spiritualem,
1216 1442 1246 1493 tu
1264 1434 1398 1511 planetas
1421 1431 1653 1513 adventassem,

301 1522 484 1581 solamente
507 1522 681 1594 cernendos,
706 1538 762 1596 ego
785 1525 915 1597 spurius,
941 1531 971 1581 ιιι
997 1522 1095 1581 veram
1117 1522 1307 1596 astrologiam
1330 1522 1427 1594 elicis,
1452 1539 1507 1598 ego
1531 1523 1652 1582 adulte-

302 1612 395 1667 rinum
417 1607 554 1682 eiereeo,
578 1617 610 1669 tu
635 1627 704 1668 vcra
725 1610 827 1668 frueris
851 1613 948 1668 anima
971 1609 1140 1668 barmoniae
1163 1609 1344 1680 rnuudanae,
1377 1627 1443 1668 mea
1465 1617 1510 1669 est
1534 1613 1651 1686 imapi-

300 1701 404 1769 uaria,
428 1705 459 1756 tu
481 1695 638 1773 splendore
658 1699 825 1772 sapientiae
844 1700 1089 1771 praesentissimo
1104 1698 1306 1771 illuminaris,
1329 1696 1404 1754 mihi
1424 1699 1579 1772 sapientia
1594 1703 1651 1757 nra

300 1793 341 1842 est
363 1786 525 1861 irrcapnita.
571 1781 714 1856 Omnino,
745 1783 888 1856 Roberte,
921 1784 1139 1844 conclusionum
1163 1793 1278 1843 tuarum
1309 1783 1436 1860 undique
1463 1785 1648 1862 standique

300 1873 343 1931 sic
362 1875 437 1930 satis
460 1882 521 1939 est,
546 1879 577 1930 ut
600 1870 717 1931 abunde
740 1873 828 1931 ctiam
850 1875 900 1931 sit.
1353 1941 1359 1948 ι

390 1959 474 2018 lllarn
496 1961 595 2034 potius
617 1959 757 2017 orationis
780 1968 847 2018 tuae
870 1968 998 2036 partem,
1032 1977 1108 2035 quae
1131 1957 1235 2019 laudes
1259 1960 1388 2019 conduct
1414 1961 1579 2035 sapientiae
1602 1957 1649 2016 di-

303 2049 396 2119 rinne,
421 2045 636 2106 consideremus
658 2046 774 2105 devotis
797 2049 901 2106 animis
925 2056 954 2107 et
976 2047 1014 2106 ab
1038 2047 1088 2106 illa
1110 2064 1260 2124 speremus
1284 2046 1451 2120 illuminari,
1475 2047 1566 2105 etiarn
1583 2064 1649 2105 eum

301 2133 447 2193 naturalia
468 2137 620 2207 rimamur,
651 2134 731 2209 quod
758 2152 812 2193 nos
840 2143 923 2194 tanto
945 2136 1066 2212 propius
1095 2151 1301 2211 assequemur,
1335 2142 1445 2209 quanto
1475 2136 1650 2193 remotiores

301 2225 436 2297 utrinque
466 2223 503 2281 ab
533 2221 729 2281 aemulatione
759 2222 907 2281 fuerimus.
954 2222 1030 2282 lllud
1052 2221 1147 2281 solum
1174 2230 1202 2280 te
1225 2224 1366 2281 monitum
1391 2222 1473 2292 volo,
1505 2224 1530 2280 si
1554 2224 1650 2298 prima

299 2308 348 2389 (ex
369 2309 485 2387 analysi
512 2307 574 2388 12.)
604 2309 715 2367 ultimis
747 2326 930 2385 comparem,
964 2309 1055 2368 rideri
1088 2311 1157 2368 milri
1190 2309 1265 2368 banc
1292 2311 1467 2387 sapientiam
1497 2326 1516 2368 a
1546 2321 1575 2367 te
1605 2311 1649 2369 sie

300 2397 450 2456 contusam
482 2413 548 2456 cum
578 2397 732 2466 creaturis,
765 2408 796 2455 ut
819 2402 964 2472 nesciam,
994 2397 1112 2474 qnando
1142 2405 1271 2456 creatam
1298 2395 1516 2474 subintelligere
1542 2396 1649 2471 jubeat

296 2481 485 2560 sapientiam,
508 2482 625 2561 quando
649 2486 824 2544 creatricem.
1087 2499 1089 2506 ·

385 2571 458 2630 Sine
478 2574 590 2648 spiritu
613 2571 673 2630 Dei
701 2578 790 2631 tanta
816 2579 950 2630 naturae
971 2579 1081 2629 secreta
1104 2588 1256 2647 operaque
1280 2570 1339 2629 Dei
1368 2568 1558 2630 admiranda
1578 2588 1647 2646 ape·

296 2660 397 2717 aulaei
426 2662 550 2719 insania
580 2667 621 2718 eat
643 2661 796 2732 munima,
829 2660 931 2719 fateor.
975 2662 1016 2716 At
1042 2660 1107 2717 sive
1134 2668 1166 2716 tu
1195 2657 1231 2718 de
1255 2661 1444 2718 conversione
1474 2660 1581 2716 mentis
1608 2658 1646 2717 ad

298 2747 393 2806 Deum
421 2746 564 2822 loquaris,
598 2747 698 2807 desine
729 2764 841 2823 quaeso
869 2745 1053 2825 profanitatis
1076 2745 1270 2805 condemnare
1298 2755 1441 2805 secretum
1470 2762 1583 2819 meum,
1616 2749 1645 2803 in

298 2834 378 2911 qnod
408 2835 489 2894 solus
514 2835 594 2894 Deus
623 2837 757 2914 inspicit,
786 2837 850 2894 sive
882 2835 918 2895 de
947 2832 1116 2912 impletione
1139 2837 1245 2894 mentis
1276 2834 1417 2893 adiriuo
1440 2836 1576 2893 numine:
1610 2852 1644 2893 ex

299 2922 403 2982 ellectu
426 2938 545 2981 causam
574 2934 691 2982 censete
714 2933 761 2996 et,
792 2925 817 2981 si
850 2941 919 2983 vera
942 2922 978 2982 de
1001 2923 1138 2999 operibus
1162 2922 1216 2980 Dei
1241 2923 1355 2998 prolem
1389 2922 1465 2981 circa
1485 2922 1645 2980 stellarum

295 3011 455 3085 positiones
476 3017 505 3068 et
525 3017 663 3069 motuum
685 3014 835 3084 rationes,
860 3027 992 3086 ‚agnum
1015 3020 1099 3086 gratu
1122 3012 1219 3068 animo
1244 3010 1366 3085 digitum
1389 3009 1464 3081 Dei,
1495 3026 1549 3068 uec
1572 3010 1644 3068 mihi

295 3096 353 3155 hoe
376 3098 566 3173 imputaretis
589 3099 757 3174 impietatis,
781 3096 860 3172 quod
883 3097 1032 3158 oraculum
1048 3097 1183 3157 damnem
1198 3097 1402 3173 apostolieum,
1425 3114 1513 3154 omne
1527 3097 1643 3155 deinum

292 3184 459 3262 perfectum
493 3184 620 3262 desuper
652 3204 672 3244 a
702 3194 790 3262 patre
821 3187 997 3257 luminum,·
1028 3188 1073 3243 siu
1100 3185 1210 3244 alieubi
1242 3185 1376 3244 falsitatis
1406 3201 1471 3243 mea
1501 3183 1644 3260 dogmata

294 3289 453 3347 coarguere
476 3284 569 3349 potes,
593 3272 622 3332 id
646 3276 741 3349 ipsum
764 3290 819 3348 age
843 3273 963 3333 honoris
976 3270 1068 3332 diririi
1090 3271 1188 3331 studio
1208 3282 1305 3331 mente
1322 3270 1487 3348 tranquilla,
1510 3274 1643 3348 seposito

295 3361 488 3418 contentionis
511 3369 605 3420 aestu.

380 3447 548 3522 Intelligere
561 3466 610 3506 me
629 3447 805 3533 dioinprum
827 3465 953 3525 operum
968 3454 1114 3507 ornatum
1128 3446 1341 3507 harmonicum
1364 3462 1494 3521 eumpse
1516 3444 1644 3506 demam

291 3540 399 3591 enasse
417 3537 579 3610 principiis
600 3538 785 3611 peometricis
806 3536 897 3611 uulgo
918 3539 959 3595 sie
981 3536 1074 3607 dietis,
1098 3535 1151 3594 etsi
1179 3552 1236 3594 non
1257 3535 1348 3611 jacto,
1372 3541 1404 3591 ut
1419 3550 1464 3591 me
1488 3542 1641 3607 ostentam,

293 3631 321 3679 te
348 3619 523 3697 deprimam,
547 3622 729 3681 dissimulare
753 3631 931 3682 tamennon
956 3622 1059 3693 debui,
1090 3639 1127 3681 ne
1149 3622 1178 3679 in
1202 3622 1298 3683 Deum
1322 3623 1469 3697 ingratus,
1493 3622 1521 3676 in
1545 3619 1643 3680 hono·

291 3725 350 3765 rem
379 3709 443 3784 ejus
474 3709 613 3784 injurius,
644 3713 673 3767 iu
695 3710 819 3769 lectores
842 3712 1019 3787 (proximum
1050 3710 1161 3783 meum)
1184 3708 1362 3768 inofficiosus
1393 3726 1544 3783 coarguas.
1570 3708 1637 3782 ‚Si,

290 3802 326 3852 ut
354 3797 578 3857 inventionibus
607 3801 680 3855 meis
703 3799 814 3874 [aciem
842 3797 1073 3874 splendidiorem
1100 3798 1266 3870 coudliem,
1298 3798 1497 3871 caligatorum
1527 3799 1642 3872 scripta

290 3881 417 3956 damno,
449 3883 555 3943 damno
586 3887 647 3962 ipse
681 3901 727 3943 me
758 3888 867 3961 ipsum3
901 3887 946 3945 sin
978 3888 1085 3945 veritas
1114 3895 1143 3943 et
1172 3886 1311 3944 creatoris
1332 3884 1426 3942 honor
1455 3885 1553 3960 potior
1575 3901 1641 3943 esse

291 3969 379 4030 debet
401 3970 511 4031 honore
537 3980 681 4045 veterum,
705 3988 791 4030 uerno
813 3989 849 4031 ex
873 3990 941 4032 rere
965 3982 994 4033 et
1016 3974 1145 4049 legitime
1168 3972 1444 4050 philosophantibus
1471 3972 1509 4030 ab
1534 3971 1642 4047 bujan-

291 4055 369 4115 modi
393 4057 545 4119 calumniis
568 4068 647 4118 tutus
671 4061 725 4119 erit
740 4076 876 4135 unquam.
916 4058 1013 4135 Quare
1029 4070 1059 4121 tu
1086 4062 1181 4118 missis
1198 4060 1456 4118 obtrectationibus
1480 4077 1642 4135 pergepu-

290 4147 349 4204 tius
364 4163 468 4206 aureas
485 4147 594 4207 dictare
610 4148 779 4237 sentcprtias,
804 4156 835 4205 nt
850 4147 1025 4226 applausum
1041 4168 1087 4208 ure
1110 4149 1206 4224 potius
1224 4157 1315 4214 utare,
1339 4164 1427 4223 quarn
1443 4147 1640 4207 currsutatorc.

377 4232 428 4292 Est
446 4236 532 4311 Deus
551 4236 680 4309 propior
700 4235 798 4307 stellis
821 4252 886 4295 non
907 4236 1071 4312 impeditur
1094 4256 1114 4295 o
1135 4236 1239 4308 stellis,
1265 4253 1329 4293 cnm
1353 4234 1416 4291 uult
1437 4236 1557 4308 punire,
1580 4252 1641 4293 non

289 4317 402 4395 indiget
429 4322 670 4395 radiationibus,
700 4339 764 4381 curn
795 4323 982 4398 benefacere3
1011 4342 1097 4383 coeca
1126 4330 1168 4381 est
1196 4325 1259 4380 sine
1282 4325 1346 4395 ejus
1367 4325 1545 4397 praesentia
1574 4338 1641 4380 enm

288 4416 394 4466 natura
416 4411 492 4486 ipsa,
516 4420 577 4469 tum
601 4409 664 4484 ejus
687 4413 788 4483 simia,
818 4413 899 4471 coeci
922 4413 984 4469 sine
1008 4411 1064 4470 hac
1086 4412 1239 4487 scriptores
1262 4419 1320 4468 tarn
1344 4407 1518 4481 Harmetiei,
1549 4427 1640 4484 quam

287 4494 494 4557 mathematici.
539 4496 643 4574 Neque
666 4505 762 4558 tamen
786 4516 822 4558 ex
845 4498 891 4557 his
915 4500 1048 4557 omnibus
1071 4501 1212 4574 sequitur,
1238 4498 1371 4556 inutilem
1394 4514 1413 4555 a
1435 4513 1481 4554 me
1506 4495 1639 4555 colloca·

286 4591 346 4641 tam
369 4599 435 4643 esse
458 4601 575 4661 operam
607 4588 636 4645 in
657 4585 821 4664 supplenda
842 4585 975 4644 doctriua
1007 4584 1235 4660 meteorologica
1259 4583 1442 4655 Aristotelis,
1477 4585 1506 4640 irr
1530 4602 1639 4660 perve-

181 4725 189 4741 ‚
285 4670 428 4745 stignrrdis
459 4674 555 4732 causis
586 4677 813 4733 commotionum
844 4672 1041 4747 naturalibns3
1074 4690 1132 4731 non
1164 4673 1231 4732 ideo
1260 4670 1342 4732 nulla
1374 4680 1419 4731 est
1452 4670 1498 4729 vel
1536 4672 1636 4730 mundi

286 4761 376 4817 totius
408 4759 454 4818 rel
483 4768 605 4819 naturae
633 4761 799 4821 sublunaris
828 4762 953 4845 anima,
972 4779 1031 4820 non
1061 4761 1127 4820 idco
1155 4765 1275 4820 evannit
1306 4777 1363 4818 sex
1396 4760 1452 4818 Dei
1484 4763 1636 4833 creatoris,

285 4862 350 4906 cum
374 4848 447 4909 dixit
471 4847 640 4925 ,producat
669 4852 782 4917 terra“.
829 4847 928 4924 Quare
959 4851 1035 4909 male
1058 4858 1088 4907 tu
1112 4848 1265 4933 concludis
1293 4844 1348 4909 hoe
1376 4865 1464 4907 amc
1488 4857 1637 4909 assertum
