3567 5625
265 383 328 444 208
699 379 742 434 Do
758 376 984 473 I’roportinuibus⁸
999 377 1176 434 fflmordds

264 558 315 632 qui
345 559 383 616 iis
409 555 553 617 accidunt
597 556 771 634 Numquae
794 556 925 616 Rudinus
951 555 1093 615 hactam
1123 558 1151 614 'ar
1170 556 1287 632 judicis
1310 566 1537 634 temperamenta
1560 557 1613 617 de—

265 645 422 718 sideravit,
451 662 488 704 ea
510 646 767 720 provocationibus
797 644 915 704 taudem
947 642 986 701 ad
1016 645 1111 719 ipsum
1134 647 1204 720 reip.
1228 662 1372 703 summurn
1402 645 1613 705 moderatorem
1717 640 1720 647 ’

183 766 188 773 ·
265 730 471 791 devolvuntur.
516 732 614 808 sitque
643 740 712 791 tuuc
740 732 803 806 ille,
835 749 900 792 cum
922 731 1172 808 proportionibus,
1200 748 1275 807 quas
1297 731 1471 791 Aristoteles
1494 732 1614 809 judiciis

265 827 295 876 et
313 819 448 895 Iustitiae
463 818 553 892 dedit,
576 818 707 895 derogat,
728 835 787 878 non
806 820 869 895 jam
881 818 1004 895 judicat,
1027 817 1079 882 sed
1094 818 1190 878 cilicio
1209 822 1351 896 eupedori
1367 821 1504 895 iungitur,
1528 830 1613 879 tuens

264 920 354 983 remp.
378 915 409 965 et
430 906 547 983 singula
569 907 633 982 ejus
655 907 793 966 membra
837 906 917 965 Huic
938 922 1010 965 sane
1030 905 1214 978 moderatori,
1237 910 1301 968 sire
1324 923 1374 966 rex
1395 910 1434 966 sit
1456 911 1520 967 sive
1534 908 1613 985 opti·

264 1005 358 1073 matos
381 996 444 1052 aire
466 992 594 1070 populus
617 997 786 1068 universus,
816 1009 871 1070 ago
894 993 1046 1052 suaderem
1075 995 1279 1069 proportiones
1301 994 1500 1068 mmonieas,
1532 996 1612 1054 nulle

264 1083 458 1157 geometricae
481 1080 655 1158 analogiae,
683 1080 765 1139 nullo
789 1080 989 1141 arithmeticae
1011 1080 1215 1156 aequalitatis,
1243 1080 1297 1142 scd
1320 1081 1399 1139 nudo
1421 1091 1613 1141 concentuum

232 1188 235 1195 ·
263 1177 406 1245 respectu,
425 1169 616 1244 jubarumque
632 1177 664 1227 ut
678 1168 801 1228 subtiles
814 1167 880 1228 illas
896 1167 1048 1244 analogiae
1065 1167 1240 1227 harmonicis
1255 1170 1451 1241 concentione,
1477 1172 1519 1228 sic
1541 1172 1613 1245 rigi·

148 1300 156 1315 ι
264 1254 332 1315 dam
361 1258 513 1332 utriusque
537 1257 670 1332 justitiae
692 1255 973 1316 administrationem
1003 1259 1123 1314 summis
1151 1258 1280 1331 imperiis
1311 1265 1341 1316 et
1369 1255 1456 1315 saluti
1489 1259 1559 1333 reip.
1584 1260 1622 1314 in

263 1342 330 1403 loco
353 1342 469 1407 cedere.
509 1342 588 1402 Proh
611 1343 716 1416 Deum,
740 1350 851 1421 quauta
865 1342 913 1403 hic
928 1342 1156 1418 disputationum
1171 1359 1266 1418 seges,
1288 1347 1314 1402 si
1334 1345 1400 1418 quis
1415 1343 1612 1419 comparando

264 1448 316 1506 per
337 1429 453 1506 singula
477 1429 566 1491 redet
588 1429 651 1490 irai
696 1429 858 1490 Considera
871 1447 901 1488 n.
924 1443 1057 1491 naturam
1077 1432 1227 1507 utriusque
1241 1433 1293 1489 rei.
1319 1430 1524 1490 -Geometrica
1539 1449 1613 1491 ana

263 1518 345 1595 logia
367 1520 528 1578 communia
550 1525 595 1577 est
616 1520 743 1577 numeris
766 1526 796 1578 et
817 1520 974 1594 quantitati
998 1520 1161 1586 continuae,
1183 1521 1227 1579 sic
1243 1526 1275 1575 ut
1296 1520 1441 1594 posteriue
1463 1520 1493 1575 in
1508 1535 1613 1579 nume·

264 1620 312 1664 ros
335 1609 450 1681 renitet,
481 1615 550 1664 tunc
578 1606 730 1679 nimirum,
764 1622 829 1664 euro
857 1605 993 1683 figuratio
1022 1606 1232 1682 quantitatibus
1261 1604 1318 1663 hoc
1340 1605 1406 1677 dat,
1436 1613 1469 1663 at
1491 1624 1611 1665 numero

265 1692 356 1752 efferri
379 1695 502 1770 possint
547 1690 616 1751 Jam
640 1693 811 1754 ereberrime
833 1693 874 1767 iit,
898 1701 931 1751 ut
953 1692 1114 1753 ineffabiles
1136 1695 1195 1752 sint
1217 1695 1329 1752 tumini
1351 1692 1519 1768 analogiam
1538 1712 1613 1770 geo-

264 1782 413 1839 metricam
428 1778 580 1856 complexi
603 1787 632 1840 et
652 1796 714 1856 quo
736 1780 936 1858 progredimur
957 1781 1087 1856 longius,
1110 1779 1167 1839 hoc
1189 1781 1282 1855 megia
1304 1779 1343 1838 ab
1365 1779 1537 1841 affabilitate
1559 1781 1612 1840 de·

264 1876 413 1943 generent.
456 1867 481 1926 ii
503 1869 647 1928 contrario
669 1871 796 1927 sumeris
819 1868 899 1927 eiiari
922 1876 1021 1944 potest
1043 1868 1139 1927 omnis
1157 1866 1325 1926 barmoniae
1339 1870 1498 1945 proportio.
1534 1867 1613 1944 Quid

265 1955 323 2017 hoc
344 1955 402 2014 sibi
425 1954 489 2013 vult
511 1953 591 2013 aliud
613 1954 652 2015 ad
673 1954 796 2032 politica
816 1955 1010 2031 applicatrrm,
1039 1972 1127 2031 quam
1149 1956 1308 2014 sententias
1327 1954 1460 2030 judicum
1482 1956 1612 2031 justissi-

264 2058 329 2101 mas
359 2041 455 2117 adque
484 2040 580 2118 legum
610 2043 838 2119 aequitatisque·
859 2060 989 2103 normam
1012 2042 1251 2103 ventilationibus
1276 2041 1508 2119 iurisperitorum
1538 2045 1636 2119 sub-¹

263 2129 398 2188 tilissime
420 2136 540 2189 exactas
562 2146 628 2190 ease
651 2138 800 2207 oportere,
822 2130 1052 2191 moderatmncm
1082 2137 1182 2190 eontra
1205 2132 1275 2206 reip.
1299 2129 1423 2191 solutam
1445 2133 1535 2188 tantis
1558 2148 1610 2189 ue-

264 2218 459 2291 cessitatibus,
482 2224 569 2293 prout
591 2225 723 2293 tempora
744 2218 860 2291 luerint,
884 2221 947 2277 siue
962 2216 1053 2276 multo
1069 2219 1190 2296 strepitu
1212 2215 1395 2276 adsalutem
1410 2218 1612 2277 uniremorum

263 2304 405 2389 arbitratu
427 2306 595 2381 imperantis
617 2304 903 2366 accommodandam.
948 2304 1006 2364 Hic
1020 2304 1185 2366 diducenda
1203 2310 1280 2364 esset
1294 2308 1429 2381 quaestio
1452 2307 1481 2363 in
1504 2313 1610 2382 partes,

264 2390 411 2467 quomodo
434 2390 633 2476 arithmeticae
655 2394 866 2469 progressionis
889 2394 963 2453 ratio
985 2392 1074 2465 rudis,
1097 2394 1161 2459 sina
1178 2391 1270 2452 noblli
1293 2391 1395 2467 aliqua
1415 2392 1516 2465 lorma,
1540 2394 1611 2452 eolis

263 2483 403 2557 materiae
426 2478 654 2540 dimensionibus
676 2482 821 2553 insistens,
845 2482 1033 2553 commerciis,
1057 2479 1187 2556 opificiis,
1212 2482 1302 2538 victui
1325 2479 1442 2556 plebejo
1464 2480 1612 2539 assimila-

263 2576 351 2641 retur,
372 2569 549 2643 geometrica
571 2567 731 2628 similitudo
752 2567 863 2644 (legem
880 2584 968 2627 unam
983 2566 1075 2626 solam
1091 2567 1259 2640 observans,
1283 2580 1337 2625 aec
1356 2568 1512 2642 quiequam
1528 2570 1611 2643 penei

263 2653 386 2727 liabens,
408 2654 496 2729 linea,
520 2672 609 2730 quam
629 2658 768 2728 intruetur,
791 2653 870 2714 latus
893 2654 1105 2732 quinquanguli
1128 2656 1167 2711 sit
1188 2670 1225 2711 au
1249 2655 1399 2730 trianguli,
1424 2654 1551 2714 effabilis
1572 2672 1610 2714 an

268 2737 440 2824 ineffabiIis)
469 2741 593 2820 simplex
618 2742 750 2820 judicum
781 2741 908 2801 cilicium
936 2742 1106 2818 adumbrot;
1138 2747 1169 2801 at
1190 2743 1318 2801 rationes
1341 2741 1541 2817 hermocleac,
1573 2760 1610 2801 er

265 2830 363 2889 multis
387 2838 476 2889 ortae·
491 2830 590 2907 liguria
611 2830 793 2907 regularibus
812 2830 982 2904 scibilibus,
1014 2846 1120 2906 genere
1143 2828 1341 2889 differentibus
1364 2832 1392 2887 iu
1415 2846 1505 2889 urum
1528 2847 1612 2890 eom·

264 2919 431 2994 paginulae,
453 2917 706 2979 multardistincta
727 2919 839 2994 imperii
861 2920 962 2977 munia
983 2923 1207 2995 repraesentent,
1231 2933 1354 2992 quorum
1377 2918 1534 2993 unicuique
1556 2935 1611 2977 sua

264 3006 381 3081 propria
402 3003 465 3080 lex,
495 3014 608 3065 secreta
634 3023 654 3064 a
680 3009 792 3066 cetere.
837 3004 895 3064 Hic
923 3021 989 3064 cum
1011 3005 1182 3065 Ptolemaeo
1206 3000 1296 3084 (Infra
1324 3005 1353 3060 in
1380 3005 1544 3080 appendice
1572 3006 1611 3064 ad

265 3092 317 3152 lib.
346 3086 405 3171 V.)
432 3108 468 3150 ex
497 3094 653 3168 generibus
686 3093 899 3152 harmoniarum
932 3100 962 3151 et
990 3101 1109 3164 cantus,
1139 3091 1226 3150 molle
1255 3090 1373 3167 quidem
1395 3095 1461 3167 paci
1485 3092 1610 3167 dmemr,

265 3177 368 3238 durum
391 3178 477 3256 bello,
502 3178 681 3256 dissidiaque
703 3197 840 3257 generum
863 3179 975 3253 eadam,
998 3197 1074 3255 quae
1098 3181 1125 3236 in
1150 3182 1269 3239 eivItete
1293 3185 1478 3256 suorumque
1494 3187 1611 3255 tempo-

265 3284 337 3325 rum·
382 3263 491 3325 Verum
520 3266 593 3327 haec
622 3267 688 3326 aliis
716 3267 842 3327 curanda
869 3268 1018 3343 relinquo,
1048 3268 1156 3344 quibus
1178 3269 1257 3325 vitae
1280 3268 1391 3325 munna
1420 3269 1515 3343 magis
1538 3284 1612 3325 con-

268 3355 407 3428 veniunt,
430 3355 494 3429 ipsa
515 3372 593 3413 nune
614 3354 653 3413 ad
675 3362 831 3431 sequentes
852 3371 936 3415 meae
957 3355 1146 3431 professionis
1167 3354 1304 3413 materias
1325 3369 1459 3429 propero.
1505 3353 1611 3430 Itaque

265 3440 410 3522 Bodinum
432 3443 511 3518 prius
526 3441 696 3519 expediam.
742 3442 790 3501 Ad
818 3443 881 3519 ojus
905 3445 982 3502 enim
1004 3441 1069 3501 libri
1097 3439 1185 3500 linem
1213 3440 1358 3517 simulque
1380 3441 1418 3499 ad
1440 3441 1528 3517 hujus
1551 3445 1609 3500 mei

267 3530 347 3588 tertii
366 3529 538 3605 principium
559 3533 708 3606 pervenio.
760 3552 764 3562 ·

352 3614 473 3674 XXIII.
496 3615 567 3676 Jam
593 3622 668 3678 enim
692 3616 823 3677 Bodiaus
853 3624 932 3676 totus
961 3615 1000 3675 ad
1029 3617 1183 3687 musicam,
1212 3623 1245 3673 ut
1275 3622 1320 3675 est
1348 3633 1366 3673 a
1390 3631 1437 3674 me
1465 3613 1613 3690 descripta

266 3705 387 3761 seorsim
409 3721 427 3760 a
450 3706 684 3782 proportionibus
706 3707 899 3781 geometricis,
922 3706 1065 3762 transiens
1085 3719 1216 3781 eamque,
1240 3709 1273 3760 ut
1287 3702 1357 3760 mibi
1373 3717 1490 3778 quoque
1505 3701 1610 3778 placet,

266 3790 376 3865 palitiis
399 3793 635 3866 accommodans,
655 3792 730 3850 nibil
751 3794 914 3870 speciosius
929 3799 992 3852 toto
1007 3790 1081 3850 llbro
1097 3789 1235 3866 disputat,
1259 3795 1347 3865 quain
1363 3785 1400 3849 de
1414 3791 1494 3865 regni
1508 3789 1611 3861 torma,

266 3894 405 3953 expressa
425 3881 550 3937 numeris
576 3883 603 3954 1,
627 3883 656 3952 9,
681 3881 709 3953 3,
734 3883 763 3952 t,
786 3881 846 3957 qui,
871 3887 905 3938 ut
925 3881 1009 3956 primi
1022 3886 1089 3935 sunt
1111 3886 1215 3937 natura
1243 3885 1273 3936 et
1295 3879 1392 3936 unitas
1414 3874 1531 3952 quidem
1554 3891 1612 3934 nu·

266 3973 410 4023 merorum
422 3967 605 4041 principium,
627 3968 670 4024 ita
681 3968 876 4043 quantitatum
892 3967 1044 4042 principio,
1062 3973 1176 4041 puncto,
1198 3964 1323 4039 indeque
1344 3965 1498 4040 speciebus
1512 3979 1612 4021 earnm
1632 4015 1635 4028 ,

267 4053 369 4122 tribus,
393 4054 411 4108 i
434 4051 540 4132 lineae,
563 4055 582 4111 3
605 4052 779 4130 superficiei,
802 4056 821 4111 4
844 4054 958 4128 corpori
980 4068 1054 4128 pene
1077 4051 1179 4128 ecdem
1201 4052 1298 4122 modo,
1316 4050 1404 4127 q'ucm
1425 4052 1508 4109 initio
1524 4048 1612 4124 hujus

267 4136 323 4199 III.
351 4137 418 4197 iibri
453 4157 488 4199 ex
522 4140 724 4217 Pythagorius
752 4139 904 4213 rocensuI,
939 4139 1071 4214 jucundo
1092 4141 1213 4215 ingenii
1247 4138 1313 4197 lusu
1345 4139 1505 4214 comparati
1534 4146 1611 4196 surrt

267 4224 382 4284 Deinde
404 4228 503 4285 unius
533 4227 574 4285 illi
600 4246 653 4290 rex
676 4236 734 4302 oet,
765 4227 822 4286 Dei
847 4227 1105 4304 praepotentisin
1127 4243 1186 4303 rep.
1210 4228 1351 4297 cicadae,
1383 4229 1507 4284 isacar
1529 4223 1611 4298 ordo,

269 4314 287 4371 3
311 4311 446 4372 militarie
468 4330 520 4373 seu
543 4318 702 4394 equestris,
725 4317 743 4372 4
766 4314 905 4391 populus,
932 4321 962 4373 ct
982 4317 1008 4372 le
1030 4312 1147 4389 quidem
1170 4315 1287 4372 omnino
1310 4309 1506 4389 quadruplex:
1530 4313 1612 4386 agri-

267 4401 366 4473 colae,
395 4400 580 4475 scholastici,
609 4411 797 4475 mueatorea,
828 4403 956 4480 opifices.
1008 4400 1065 4460 Hic
1093 4403 1167 4460 inter
1193 4401 1249 4459 hoe
1278 4417 1413 4460 numeros
1444 4398 1613 4458 harmonias

267 4487 491 4565 comprehensas
514 4487 616 4549 eodem
633 4490 724 4550 modo
746 4497 890 4560 remutet,
914 4505 974 4565 quo
996 4499 1162 4566 ego'supra
1183 4505 1247 4546 sum
1264 4504 1356 4561 ¹risus3
1383 4504 1490 4547 vanarn
1512 4496 1613 4544 tamen

266 4585 362 4635 metm
389 4592 509 4635 causam
535 4577 637 4651 habet,
670 4577 707 4636 ad
736 4579 897 4653 quinarium
928 4575 1145 4654 progrediendi,
1177 4575 1260 4651 quasi
1290 4576 1422 4633 turbetur
1448 4573 1612 4646 harmonIa,

267 4662 346 4737 qnod
368 4663 475 4723 ialaum
496 4680 562 4724 esse
583 4682 621 4724 en
642 4673 704 4724 toto
726 4663 783 4724 Iroc
805 4664 879 4723 libro
902 4671 992 4741 patet
1037 4663 1103 4738 Sint
1124 4680 1195 4723 eane
1217 4670 1247 4722 et
1264 4662 1390 4722 ¹valeant
1411 4660 1487 4721 aliae
1503 4677 1613 4720 causae

267 4741 444 4810 subsistendi
471 4752 501 4809 in
530 4753 731 4828 quaternario:
761 4754 833 4828 quin
863 4754 952 4812 ctiam
980 4754 1009 4809 in
1034 4752 1151 4810 homine
1182 4753 1247 4828 ipso
1275 4748 1414 4826 reluoere
1433 4747 1613 4807 demonstrat

267 4836 437 4918 banareip
457 4838 581 4901 immane
600 4855 639 4900 arr
659 4837 798 4913 Platona,
828 4842 943 4916 inqua
967 4842 981 4897 l
1005 4856 1101 4912 mena,
1132 4838 1383 4896 tratioeluatira
1409 4835 1551 4909 incultas,
1579 4837 1610 4896 iu
