3567 5625
609 392 694 451 hiber
709 394 758 452 lli
775 394 917 467 niverno
934 392 1055 465 politica.
1444 401 1509 461 209

27 624 29 639 ,
156 567 345 650 syllossln·
366 588 433 633 sess
454 572 628 649 diluamus,
651 575 670 634 8
694 572 863 650 irascibilis,
887 576 908 632 4
931 572 1170 653 concupiscibilis
1190 570 1363 649 facultates,
1386 590 1509 652 quaram

27 664 29 695 i
159 660 245 718 etlam
267 657 353 719 sedes
376 662 405 718 iu
429 661 564 735 cerebro,
596 662 626 719 iu
649 662 780 739 pectore,
814 664 842 719 in
866 669 966 743 venus
996 662 1084 722 Plato
1107 662 1283 721 harmonicis
1307 664 1397 722 etiam
1418 666 1510 723 inter·

159 744 243 805 vallia
264 745 424 808 dhlocstas
447 746 626 808 domonstrat
654 766 812 825 earumque
834 750 946 825 primae
975 751 1143 826 imperinm,
1177 747 1323 809 secundae
1346 750 1509 826 cornellium,

157 835 260 893 lutiae
282 834 418 895 multans
440 835 528 906 ordo,
551 844 673 913 quartae
695 835 779 914 piens
801 836 1001 897 assimilantur
1024 838 1147 913 ejusque
1169 835 1328 912 plurimum
1349 837 1509 914 possident
1637 832 1644 846 ⁸

157 918 234 981 illus
256 930 383 999 quatum
405 939 531 1000 rarump
554 923 724 997 columnae,
752 924 883 1000 iustitis,
913 922 1084 1001 prudentia,
1116 922 1274 998 tortitudo,
1305 929 1509 1001 temperantia.

157 1025 225 1068 vars
247 1008 382 1071 cardisss
404 1009 483 1085 dicti,
505 1012 612 1088 cuique
634 1010 729 1071 ordtm
751 1028 806 1071 sua
827 1014 1011 1088 potissimum
1027 1008 1239 1072 commendata.
1287 1012 1429 1089 Adeoque
1443 1030 1511 1073 rnu-

158 1097 237 1156 sicas
258 1106 305 1157 est
325 1096 422 1159 iactus
444 1097 585 1173 Bodiuus,
608 1098 729 1159 dimissa
750 1102 914 1175 geo-atria
936 1108 967 1160 et
988 1099 1180 1173 arithmetica,
1203 1108 1237 1158 ut
1258 1116 1295 1160 ue
1312 1100 1511 1161 dissonantia·
1538 1133 1547 1149 ι

153 1200 219 1243 rem
241 1183 359 1261 quidem
382 1186 469 1247 luent
491 1186 618 1262 oblitus3
641 1187 726 1263 cnjus
746 1189 789 1247 rei
810 1187 867 1247 suh
889 1189 1016 1264 imagine
1038 1188 1153 1256 suadet,
1175 1186 1319 1247 interdum
1343 1190 1430 1248 etiam
1453 1192 1510 1248 lm·
1584 1256 1585 1259 Ἴ

158 1273 259 1332 nerito
290 1272 379 1333 alicui
406 1276 608 1352 magistratus,
644 1274 772 1334 honores
801 1283 958 1351 musam
989 1264 1129 1335 virtutum
1159 1278 1290 1350 praemis
1319 1292 1378 1335 non
1410 1280 1510 1354 iniquo

158 1360 255 1421 auimo
277 1363 461 1436 permitam
493 1364 563 1438 qnia
585 1370 619 1421 ut
640 1379 676 1421 ex
699 1363 885 1439 oppositione
916 1363 1003 1423 unius
1031 1362 1230 1423 dissonantiae
1259 1371 1417 1423 conuentus
1439 1365 1510 1424 reli·

27 1486 29 1493 ›
158 1463 233 1524 quus
252 1454 338 1508 mute
359 1449 465 1509 melius
488 1448 669 1527 dignoscitur
690 1455 834 1526 tantoque
854 1448 972 1510 aridius
993 1449 1134 1524 hauritur,
1158 1450 1202 1508 sic
1223 1452 1389 1528 quicunque
1412 1454 1509 1511 lucum
1623 1438 1625 1441 ’

158 1533 324 1604 huiuamodi
347 1536 565 1596 commodorum
587 1539 658 1614 reip.
690 1540 838 1597 intuentur
861 1546 1117 1615 exsecranturque,
1145 1538 1274 1597 universi
1297 1541 1323 1609 ii,
1342 1539 1415 1598 vitia
1437 1556 1510 1601 con·

157 1621 264 1682 similia
285 1623 397 1703 lngus,
419 1626 541 1685 virtutes
563 1625 669 1685 sectari
690 1627 784 1702 magis
806 1632 896 1701 atque
917 1628 1013 1704 magis
1035 1633 1238 1686 consuescant.

242 1708 365 1770 XXIV.
389 1710 521 1771 Tandem
537 1710 669 1772 Bodiuus
690 1729 812 1790 regnum
836 1731 854 1772 a
876 1730 908 1772 se
932 1715 1127 1792 conscriptum
1149 1712 1258 1772 mundo
1273 1715 1329 1790 ipsi
1352 1722 1510 1790 comparat,
1617 1698 1621 1707 ’

158 1796 333 1873 ostendeus,
362 1799 511 1875 quomodo
535 1799 768 1875 benecantur,
793 1799 904 1877 junctis
932 1800 1100 1880 aequalium
1132 1808 1162 1860 et
1183 1799 1322 1860 similium
1350 1800 1512 1861 rationibus

159 1886 187 1942 iu
211 1903 304 1945 uuum
326 1895 499 1948 concentum
521 1886 736 1957 harmonicum,
765 1904 839 1965 opus
862 1884 935 1947 illud
958 1907 1043 1949 suum
1067 1890 1260 1949 exornaverit.
1305 1888 1339 1947 Iu
1363 1890 1512 1967 proposito

27 2034 28 2037 Ἴ
158 1971 200 2031 illi
227 1976 372 2033 maentior
399 1983 433 2033 ut
461 1975 511 2052 qui
541 1977 682 2050 maxim03
710 1991 846 2052 quaeque
873 1976 939 2053 ipse
969 1984 1021 2036 aut
1047 1976 1256 2054 praecedentes
1278 1974 1445 2053 philosophi
1476 1994 1514 2037 uc

158 2061 318 2137 attigerunt
340 2061 475 2138 quidem,
506 2061 542 2123 de
565 2062 734 2122 harmonica
756 2065 1023 2140 contemperatione
1046 2062 1267 2123 accuratissima
1294 2072 1426 2123 motuum
1450 2081 1514 2124 cer·

160 2154 272 2221 torum,
305 2165 342 2209 ea
363 2148 446 2213 libris
469 2150 659 2227 sequentibus
685 2166 740 2227 ego
763 2149 887 2228 suppleo
911 2146 1266 2229 demonstrationibusque
1293 2150 1460 2229 clarissimis
1483 2154 1513 2210 iu

160 2235 255 2296 lucem
277 2236 403 2312 protero.
448 2237 514 2297 Non
538 2238 639 2298 desino
662 2243 770 2313 umen,
793 2256 830 2299 ne
854 2240 881 2296 in
906 2239 985 2300 ealce
1008 2239 1136 2316 quidem,
1164 2238 1284 2314 obloqui
1308 2238 1423 2299 Bodino
1446 2239 1513 2299 hal-

160 2322 318 2398 lucinautl3
346 2341 404 2385 uou
427 2327 556 2385 existunt
584 2327 660 2385 euim
685 2341 771 2386 verae
793 2326 965 2386 harmoniae
996 2345 1032 2388 ex
1055 2329 1154 2386 mixtis
1181 2325 1350 2402 aequalium
1379 2337 1408 2388 et
1430 2329 1514 2387 simi·

160 2409 232 2471 llum
254 2412 434 2485 rationibus,
465 2421 498 2473 ut
519 2416 638 2490 saepius
661 2412 779 2473 dictum.
826 2413 904 2490 Ergo
926 2414 1075 2488 Bodinus,
1109 2415 1276 2474 harmonias
1298 2417 1326 2473 iu
1349 2414 1459 2474 mundo
1481 2432 1513 2475 se
1544 2468 1546 2473 s

161 2494 359 2560 demonstrare
381 2507 504 2578 pomus,
527 2500 701 2561 medietates
723 2502 823 2577 potius
846 2503 1039 2578 geometricae
1062 2502 1241 2562 demonstrat
1268 2509 1298 2561 et
1319 2502 1514 2577 aequalitates

160 2593 189 2645 st
209 2568 428 2647 similitudines.
475 2582 509 2668 1)
531 2586 726 2648 Harmonicas
749 2588 866 2665 quidem
890 2592 919 2647 iu
935 2589 1125 2650 facultatibus
1140 2592 1270 2664 animae3
1293 2597 1324 2648 at
1342 2588 1409 2648 illas
1431 2606 1513 2667 sym-

161 2672 274 2734 bolicas
297 2680 425 2750 antam,
448 2675 530 2735 uulla
554 2674 834 2736 demonstrationum
856 2677 1005 2737 evidentia
1028 2680 1057 2737 in
1079 2677 1203 2737 solidam
1225 2674 1354 2753 aliquam
1378 2676 1513 2753 effigiem,

161 2768 194 2822 at
212 2761 423 2824 mathematica
444 2771 558 2837 amant,
581 2780 749 2844 expressas,
779 2766 888 2842 quippe
913 2782 979 2826 eum
1002 2763 1125 2843 intelligi
1148 2782 1206 2825 nnn
1229 2767 1341 2842 possit,
1365 2764 1512 2841 quomodo

160 2851 251 2909 insint
272 2852 303 2908 iu
325 2852 423 2911 anima
444 2854 632 2928 quantitates,
654 2853 818 2932 proximum
841 2860 871 2914 et
895 2853 1094 2914 immediatum
1108 2854 1324 2914 harmoniarum
1339 2853 1513 2929 subjeetum.
1543 2871 1560 2900 *-

160 2939 204 3010 tlu
221 2941 320 3010 quavis
333 2958 371 2998 se.
384 2942 443 3012 qus
454 2942 586 2999 laenitate
600 2958 727 2999 numerus
741 2942 789 2999 ille
801 2944 869 3014 ipae,
888 2958 969 3013 quem
982 2943 1006 3000 ei
1019 2943 1142 2999 Bodiuus
1154 2946 1298 3014 assignat)
1338 2941 1369 3020 2)
1392 2941 1513 3018 Aequa·

160 3024 274 3088 litatem
305 3029 379 3087 inter
407 3026 507 3088 muudi
538 3045 643 3106 corpus
676 3036 706 3087 et
733 3029 899 3088 universam
930 3031 990 3087 vim
1020 3029 1168 3089 materiae.
1209 3029 1256 3107 ‚3)
1287 3027 1513 3088 similitudinem

160 3113 385 3190 (qualitativam
407 3118 505 3194 potins
528 3133 565 3176 ox
586 3115 697 3192 figuris,
721 3132 809 3193 quam
837 3114 992 3175 relativam
1017 3123 1192 3193 quantorum
1215 3117 1417 3191 terminorum)
1440 3118 1515 3175 iuter

161 3201 353 3280 archetypum
382 3210 533 3284 aeteruum
566 3213 595 3263 et
622 3202 722 3262 muudi
751 3203 889 3278 sormam,
919 3219 978 3280 quo
1001 3199 1067 3263 loeo
1090 3203 1222 3263 Bodinus
1250 3203 1421 3280 praecordia
1442 3202 1513 3263 mibi

161 3291 267 3367 tangit,
283 3292 408 3351 materia
422 3285 555 3368 Mysterll
571 3291 629 3350 mei
645 3290 892 3368 Cosmogrsphiei,
917 3307 1084 3367 quanquam
1102 3309 1154 3368 per
1169 3293 1371 3367 ignorantiam,
1395 3298 1515 3350 attacta.

251 3376 370 3454 Quanto
393 3396 465 3439 vero
478 3377 665 3457 plausibilius
688 3381 717 3437 in
733 3395 816 3438 meas
832 3378 984 3457 Epitomes
1000 3379 1118 3439 Astron
1134 3377 1351 3456 coperuicauee
1372 3378 1447 3437 libro
1461 3376 1515 3436 IV.

164 3463 241 3526 hacc
262 3465 432 3542 aequalium
456 3473 486 3527 et
506 3464 645 3526 similium
667 3467 835 3526 commixtio
866 3465 902 3525 de
925 3465 1025 3525 muudi
1047 3464 1179 3545 partibus
1209 3466 1373 3545 praecipuis
1396 3474 1441 3525 eat
1463 3464 1517 3524 dc·

164 3561 345 3629 monstrata,
376 3553 413 3616 de
441 3562 553 3614 motorc
576 3552 660 3627 Sole,
689 3552 806 3613 locante
832 3553 958 3631 sphaera
987 3553 1125 3627 fixarum,
1157 3562 1187 3612 et
1217 3552 1405 3625 intermedio,
1436 3549 1517 3629 qued

164 3641 325 3702 mobilibus
354 3658 534 3703 concessum.
579 3640 852 3718 Aequaliter-euim
882 3649 928 3701 est
949 3643 977 3698 in
1001 3643 1133 3720 partibus
1161 3643 1301 3701 materiae
1324 3646 1452 3714 statuta,
1484 3648 1518 3698 ut

164 3727 338 3789 monadem
363 3732 403 3789 sit
424 3730 488 3806 ejus
519 3731 548 3788 iu
571 3727 656 3798 Sole,
686 3736 827 3806 quantum
860 3727 908 3787 rel
937 3730 965 3786 in
988 3729 1114 3789 extimae
1141 3727 1283 3805 sphaerae
1308 3727 1378 3787 orbs
1408 3726 1455 3786 vel
1487 3730 1518 3785 in

164 3818 262 3894 spatio
283 3815 466 3878 intermedio.
511 3816 653 3877 Materiae
676 3833 760 3890 vero,
784 3822 816 3875 ut
838 3815 968 3893 populo,
993 3815 1115 3876 debetur
1136 3816 1320 3875 arithmetica
1342 3813 1517 3890 aequalitas,

165 3904 296 3965 nussim
326 3907 505 3983 geometrica
531 3904 727 3982 proportionis
757 3902 918 3962 similitudo
950 3901 1148 3964 indemitate
1178 3906 1264 3962 trium
1286 3903 1390 3972 horum
1412 3917 1518 3978 corpo·

165 4006 237 4066 rum,
261 3999 294 4053 st
307 4008 422 4052 misum
436 3992 496 4053 alia
509 3993 584 4052 inter
599 3989 756 4051 diametros
771 3989 849 4052 Solis
865 3993 996 4064 motoris,
1017 3993 1143 4068 regionis
1158 3991 1311 4051 mobilium
1332 3997 1361 4050 et
1377 3990 1519 4066 sphaeras

166 4076 289 4140 ultimae
309 4077 434 4140 locautls
457 4077 625 4140 immobilis.
671 4080 706 4154 4)
729 4077 903 4139 Medietates
923 4095 1009 4156 porro
1025 4081 1217 4156 geometricas
1233 4076 1463 4154 quodammodo,
1487 4083 1521 4136 ut

169 4165 327 4227 interduo
349 4184 458 4245 genera
479 4175 621 4241 motuum,
645 4166 770 4226 alterum
792 4168 820 4224 iu
838 4174 942 4241 ortum,
965 4164 1088 4226 alterum
1107 4169 1136 4225 iu
1152 4182 1298 4240 comeum,
1321 4168 1438 4226 tertium
1461 4172 1521 4224 tre·
1599 4229 1602 4234 ,

166 4252 327 4329 pidatiouis
349 4263 476 4329 motum,
499 4254 551 4316 sed
573 4273 610 4315 ex
632 4254 739 4330 quibus
762 4253 821 4314 duo
844 4255 1021 4330 posteriores
1043 4254 1108 4314 sola
1135 4254 1216 4314 uisus
1238 4256 1447 4329 imaginatione
1469 4268 1519 4309 se-

168 4341 295 4401 cundum
324 4341 477 4420 Copemici
510 4341 620 4420 placita
649 4347 791 4402 coustant
839 4337 875 4422 5)
903 4340 983 4402 Inter
1012 4350 1117 4401 terram
1148 4348 1178 4401 et
1208 4341 1346 4419 tophum,
1378 4338 1520 4415 argillam.

170 4421 206 4509 6)
226 4428 308 4491 Inter
329 4430 451 4491 metalla
473 4438 503 4490 et
525 4428 647 4508 lapides,
671 4446 791 4489 aerosas
813 4427 925 4506 glebas.
973 4424 1009 4509 7)
1031 4428 1112 4488 lnter
1132 4430 1237 4505 stirpes
1260 4436 1289 4488 et
1310 4426 1441 4503 lapides,
1470 4440 1522 4484 co·

168 4513 259 4577 tallia.
301 4512 338 4599 8)
361 4517 440 4578 luter
455 4517 595 4578 animalia
611 4521 641 4577 et
654 4518 769 4596 stirpes,
792 4517 951 4594 aoophyta.
991 4517 1025 4590 9)
1047 4515 1127 4575 Inter
1145 4514 1350 4592 quadrupedes
1373 4519 1403 4573 et
1417 4513 1521 4592 pisces,

171 4604 329 4682 amphibia.
378 4604 432 4683 10)
455 4605 536 4667 Inter
558 4621 630 4665 sves
652 4612 683 4664 et
703 4605 815 4682 pisces,
848 4603 984 4666 volantes
1006 4604 1110 4678 pisces.
1159 4606 1213 4678 11)
1234 4602 1315 4662 inter
1339 4600 1472 4660 homines
1493 4606 1524 4658 et

167 4688 262 4766 hrute,
284 4693 395 4766 murias,
419 4699 471 4752 sut
492 4691 628 4752 mulieres
651 4707 687 4750 ex
709 4691 843 4753 Platone.
891 4691 947 4767 12)
970 4688 1049 4748 luter
1071 4690 1182 4750 bestias
1205 4695 1234 4750 et
1256 4689 1394 4766 angeles,
1424 4687 1523 4747 homi·

169 4792 244 4855 nem,
265 4779 419 4841 mortalem
441 4797 561 4857 corpore
578 4787 612 4839 ut
626 4777 702 4853 illas,
722 4777 918 4840 immortalem
933 4780 1031 4838 animo
1047 4784 1081 4838 ut
1094 4777 1180 4836 hos·
1205 4771 1261 4859 13)
1285 4777 1364 4836 Inter
1383 4774 1523 4848 coelestia

169 4861 324 4928 buterum
346 4865 516 4930 habitacula
539 4875 569 4929 et
591 4861 796 4927 elementarem
818 4867 976 4944 regionem,
1000 4865 1115 4926 coelum
1130 4863 1287 4927 stellatum.
1336 4857 1390 4947 14)
1412 4861 1526 4940 Quibus

222 4974 444 5031 ιηιιιιομιι.
1163 5021 1166 5034 ,
1330 4971 1371 5029 lt
