3567 5625
291 416 353 479 422
516 365 519 372 Ι
757 409 923 480 Appendicis
940 410 1164 467 Harmonlcorum

291 597 326 650 et
351 597 467 649 nmium
498 589 683 649 substantiae
712 605 782 647 uere
813 589 954 665 physicae
985 590 1085 651 solitos
1120 592 1240 668 operire
1267 592 1386 651 ratione
1413 588 1635 649 manmena

291 677 383 738 Miror
404 694 455 736 cur
478 676 554 736 idem
576 694 623 735 me
646 677 827 735 factitantem
840 677 1054 752 reprehendas.

378 763 436 824 Sed
461 764 530 840 qnid
563 782 618 840 ego
647 763 745 822 multis
768 762 805 822 de
827 781 894 822 mea
921 763 1148 841 philosophandi
1177 762 1338 822 methodo?
1360 779 1426 822 cum
1448 771 1480 821 tu
1504 760 1551 822 vel
1575 762 1638 837 jam

293 869 371 910 nnnc
392 854 421 908 in
445 852 533 928 hujus
555 851 713 928 analyseos
742 851 798 910 fine
821 852 978 927 capitalem
1004 853 1278 928 aequivocationem
1309 853 1337 909 in
1366 851 1489 910 vocibus
1519 851 1637 922 musica,

294 938 479 1012 harmonica,
503 938 609 997 inseras
633 941 660 995 in
684 939 874 1014 sequentibus
898 938 1054 998 identidem
1077 938 1257 1017 iterandam,
1280 955 1338 1014 qua
1361 927 1551 1014 ambiguitate
1574 953 1638 994 om·

295 1045 362 1085 nem
385 1026 472 1099 hunc,
495 1043 553 1085 non
577 1043 673 1084 meum
696 1035 818 1097 tantum,
841 1024 894 1084 sed
917 1029 1005 1087 etiam
1028 1035 1161 1087 veterum
1182 1034 1320 1086 conatum
1345 1027 1375 1083 in
1398 1024 1638 1102 disceptationem

293 1131 390 1173 vocae.
437 1113 592 1189 Egregiam
615 1127 685 1171 vero
708 1113 894 1189 palaestram,
917 1116 946 1172 in
970 1131 1029 1189 qua
1051 1115 1272 1174 transcurrimus
1287 1111 1422 1188 altemis3
1446 1128 1501 1186 ego
1524 1111 1639 1170 mathe-

290 1204 428 1260 maticam
453 1209 582 1261 veterum
605 1199 774 1271 methodum
797 1202 1006 1277 comprobans,
1030 1204 1058 1259 in
1081 1218 1237 1280 progressu
1260 1203 1337 1260 circa
1360 1199 1546 1279 particularia
1568 1215 1639 1257 con·

290 1299 335 1349 tra
360 1288 426 1346 illos
449 1281 558 1365 pugno,
582 1298 624 1359 tu,
646 1287 815 1346 methodum
839 1290 968 1366 ipsorum
989 1291 1085 1367 ipsam
1099 1287 1264 1366 generalem
1284 1289 1464 1361 insimulans,
1487 1288 1517 1344 in
1541 1289 1638 1345 minn-

290 1379 329 1434 tis
353 1375 500 1435 nonnullis
523 1385 654 1435 veterum
676 1383 849 1434 assertorem
872 1383 902 1435 te
923 1376 1077 1453 profiteris.

379 1462 540 1521 Medullum
564 1465 717 1521 innescio
741 1480 828 1538 qnam
852 1461 970 1523 divinae
993 1466 1122 1524 musicae
1144 1462 1297 1541 producis,
1325 1461 1410 1537 cujus
1437 1462 1558 1521 umbrae
1581 1461 1638 1519 sint

290 1549 507 1626 mathematica,
531 1566 607 1626 quae
631 1551 679 1608 vir
704 1557 826 1626 tangant
846 1549 937 1609 illam.
982 1550 1068 1611 Hanc
1094 1549 1252 1610 medullam
1279 1552 1310 1608 in
1333 1549 1494 1609 visceribus
1517 1556 1638 1608 naturae

289 1637 432 1696 recondis.

380 1713 466 1783 Error
495 1725 549 1783 tibi
578 1731 623 1784 est
646 1725 748 1799 ingens
773 1725 801 1781 in
825 1733 886 1783 arte
909 1725 1057 1798 musicae,
1086 1722 1167 1800 quod
1193 1723 1277 1783 haec·
1294 1724 1369 1782 inter
1396 1730 1474 1783 artes
1502 1721 1637 1784 liberales

290 1811 513 1871 mathematicas
536 1811 705 1871 collocatur.
757 1811 880 1870 Vanum
902 1815 938 1870 ia
958 1830 995 1871 eo
1017 1812 1162 1871 umbram
1183 1828 1242 1870 esse
1263 1809 1451 1887 pronuncias,
1474 1827 1538 1871 nora
1552 1813 1639 1869 tuat

290 1917 367 1974 com,
389 1915 453 1959 nort
475 1902 623 1974 corticem,
648 1915 755 1975 perque
778 1916 843 1957 eam
865 1901 993 1974 ignorari
1016 1902 1060 1958 ais
1075 1900 1231 1958 essentiam
1246 1899 1411 1958 interiorem
1424 1915 1477 1958 sou
1491 1896 1638 1957 nucleum.

256 2039 259 2045 .
378 1985 411 2045 Si
433 1986 491 2046 boc
514 1986 606 2045 velles
629 1989 757 2058 innuere,
782 1995 840 2043 uon
863 1985 1108 2063 acquiescendum
1132 2002 1199 2056 esse¹
1218 1985 1395 2063 philosopho
1422 1986 1451 2043 irr
1473 1988 1555 2044 sonis
1577 1983 1638 2043 ele·

291 2075 472 2133 mentaribus
501 2080 531 2132 et
558 2072 686 2132 sensuali
716 2074 842 2145 musica,
875 2073 927 2133 sed
950 2072 1215 2151 philosophandum
1247 2072 1353 2145 altius,
1382 2072 1638 2149 indagandumqus

291 2178 358 2220 enm
380 2159 550 2220 «Iamblicho
573 2162 723 2235 tuo,'qui
746 2160 809 2232 fiat,
833 2160 912 2236 qnod
936 2162 1016 2220 verbi
1041 2177 1131 2220 causa
1154 2177 1189 2219 ex
1211 2160 1372 2222 intervallis
1395 2162 1493 2232 tertia,
1522 2166 1637 2234 quarta,

293 2249 407 2324 quinta,
431 2255 538 2307 octava
560 2246 721 2318 delectent,
749 2248 879 2307 secunda
902 2255 931 2307 et
953 2251 1078 2325 septima
1100 2264 1158 2305 nou
1182 2246 1342 2320 delectent,
1375 2264 1433 2306 non
1455 2264 1510 2318 me,
1524 2255 1638 2306 tantum

291 2335 414 2395 haberes
444 2337 689 2407 consentientem,
720 2333 773 2392 sed
802 2352 898 2410 neque
926 2335 1005 2413 apud
1029 2345 1142 2395 veteres
1172 2333 1331 2411 quidquam
1364 2336 1525 2405 invenires,
1557 2332 1638 2410 quod

291 2426 449 2494 incusares.
493 2422 568 2482 Nam
590 2422 762 2482 Ptolemaeo
786 2421 925 2481 voluntas
947 2425 1064 2499 egregia
1086 2423 1149 2492 tuit,
1172 2422 1250 2482 lrunc
1271 2422 1406 2482 rrncleum
1429 2420 1563 2495 eruendi,
1576 2421 1638 2497 qni

290 2509 518 2587 philosophandi
542 2512 630 2569 etiam
652 2526 745 2586 genus
769 2510 902 2569 adhibuit
925 2510 1065 2582 sublime,
1095 2526 1148 2569 nee
1171 2501 1320 2586 in'dignnm
1346 2511 1441 2586 visum
1464 2508 1639 2585 Porphyris,

291 2597 451 2658 Jamhlicbi
476 2600 517 2656 tui
541 2600 694 2673 magistro,
726 2599 754 2653 iu
779 2596 859 2672 quod
882 2599 944 2674 ipse
966 2605 1217 2657 commentaretur.
1263 2597 1354 2672 Atqui
1378 2596 1476 2657 nullus
1505 2603 1639 2657 veterum

292 2686 475 2744 harmonicen
499 2684 663 2764 interiorem
686 2679 854 2743 essentiam
872 2701 963 2743 ausus
986 2691 1030 2744 est
1052 2701 1157 2743 cruere
1185 2684 1410 2760 quantitatibus,
1441 2685 1511 2760 quin
1537 2685 1640 2759 potius

293 2780 352 2832 tam
376 2771 434 2845 illi,
465 2787 555 2847 quam
578 2773 629 2849 qui
653 2771 720 2830 illos
744 2779 789 2831 est
810 2780 943 2845 secutus,
970 2771 1105 2844 Procius,
1128 2772 1305 2847 geometriae
1321 2770 1473 2831 thesauros
1494 2770 1640 2833 altissime

293 2859 460 2918 extulerunt
482 2861 569 2935 inque
593 2861 803 2937 penitissimum
825 2862 988 2919 animorum
1018 2861 1168 2938 ipsiusque
1190 2858 1266 2918 adeo
1296 2858 1458 2919 divinitatis
1481 2861 1640 2919 essentiam

291 2945 524 3005 recondiderunt.
570 2945 652 3021 Quos
675 2944 792 3022 quidem
814 2946 921 3007 bacin
944 2957 1027 3023 parte
1050 2957 1080 3007 et
1102 2963 1157 3022 ego
1180 2955 1297 3005 secutus
1319 2964 1384 3005 sum
1406 2953 1537 3019 strenue,
1562 2946 1641 3021 dog-

276 3040 371 3092 mata
394 3041 491 3093 tamen
514 3033 629 3092 illorum
653 3052 688 3092 er
711 3037 889 3112 praescripto
919 3022 1067 3094 doctrinae
1097 3032 1259 3093 catholicae
1286 3035 1413 3106 correxi,
1441 3036 1485 3091 uti
1512 3032 1642 3093 lectores

291 3121 349 3179 hoe
371 3122 522 3197 agnituros
546 3139 631 3199 spero
661 3138 695 3179 ex
719 3122 845 3181 lectione
874 3123 1058 3199 potissimum
1089 3120 1155 3179 libri
1182 3123 1239 3189 mei
1263 3120 1315 3178 lV.
1339 3123 1466 3198 capitum
1496 3122 1640 3198 priorum.

291 3207 357 3267 Hoc
379 3207 474 3267 solum
498 3210 598 3267 censui
621 3207 803 3281 novandum,
833 3211 891 3268 imo
914 3209 1085 3269 necessariis
1108 3207 1402 3267 demonstrationibus
1425 3207 1550 3267 adactus
1572 3226 1642 3267 sum

291 3311 416 3367 novare,
449 3296 527 3371 quod
550 3297 698 3355 veteribus
721 3313 773 3374 pro
796 3298 857 3355 suis
880 3298 1022 3369 numeris,
1051 3294 1177 3354 discreta
1199 3297 1378 3372 quantitate,
1407 3297 1470 3371 ipse
1498 3297 1643 3355 substitui

276 3380 431 3442 'circulum
454 3391 485 3442 et
507 3383 617 3459 figuras
638 3385 847 3459 geometricas,
870 3386 1064 3460 quantitatem
1086 3383 1198 3442 scilicet
1220 3386 1398 3443 continuam.

379 3469 412 3529 Si
434 3469 508 3529 haec
531 3478 662 3530 vetemm
683 3472 758 3529 ratio
779 3469 952 3531 enucleaudi
975 3470 1156 3529 harmonicus
1177 3471 1332 3530 essentiam
1356 3472 1407 3528 tibi
1423 3485 1480 3528 non
1495 3468 1643 3540 sorderet,

292 3566 321 3617 ct
350 3558 375 3614 si
406 3558 613 3618 mathematica
642 3575 702 3616 uon
730 3559 758 3615 in
790 3561 927 3639 corticem
957 3567 1009 3616 aut
1036 3559 1164 3615 tunicam
1195 3555 1357 3633 relegates,
1386 3559 1445 3615 imo
1476 3574 1587 3617 vanam
1612 3564 1645 3616 ot

290 3643 425 3703 frivolam
449 3646 580 3704 umbram
603 3645 793 3733 indigetares,
825 3648 895 3721 quin
925 3647 1022 3722 potins
1053 3647 1081 3702 ln
1104 3645 1200 3720 ipsum
1225 3644 1360 3704 nucleum
1389 3646 1546 3720 reciperes,
1575 3646 1645 3721 jam

291 3748 376 3809 porro
404 3748 491 3792 nemo
523 3749 591 3791 vere
620 3731 891 3811 philosaphantium
921 3734 976 3792 tihi
1004 3749 1062 3790 non
1093 3730 1286 3809 applauderet
1307 3734 1463 3802 asserenti,
1492 3734 1645 3792 musicam

292 3817 414 3878 eandem
436 3837 501 3878 esse
523 3821 552 3876 in
575 3817 708 3892 homine,
733 3837 809 3896 quae
832 3830 876 3880 est
901 3822 929 3877 iu
952 3817 1078 3891 mundo,
1108 3817 1230 3879 candem
1256 3821 1286 3877 in
1309 3819 1460 3879 elementis
1481 3817 1527 3898 (nt
1548 3836 1646 3879 sonos

292 3904 488 3982 intelligamus
511 3905 723 3986 elementares),
746 3925 824 3983 quae
846 3910 875 3965 in
899 3906 1042 3983 planetis3
1071 3906 1193 3966 eandem
1216 3906 1333 3967 tandem
1355 3911 1385 3965 in
1408 3906 1482 3979 illis,
1505 3924 1589 3982 qnae
1614 3911 1646 3965 in

292 3995 355 4070 ipso
378 3993 485 4052 mundo
508 3994 681 4072 archetypo,
713 3992 789 4053 unde
817 3993 997 4070 originaliter
1025 4000 1089 4052 orta
1110 3996 1148 4052 sit
1179 3995 1332 4056 harmonia
1359 3994 1511 4054 machinae
1536 3997 1645 4054 totius.

290 4080 366 4139 Nam
397 4080 499 4140 eadem
532 4080 633 4140 iisdem
663 4098 736 4158 pene
766 4083 864 4141 verbis
895 4089 925 4140 et
953 4076 999 4139 me
1030 4079 1114 4139 vides
1142 4098 1270 4141 asserere
1299 4084 1426 4157 passim,
1464 4085 1647 4158 praesertim

293 4168 367 4228 libro
390 4166 444 4225 ΙΙΙ.
461 4169 513 4227 fol.
541 4169 600 4226 136
624 4176 654 4228 et
675 4167 740 4227 libr.
764 4168 817 4225 IV.
841 4185 906 4243 cap.
933 4170 966 4240 l,
990 4171 1025 4238 2,
1049 4169 1077 4227 3.

377 4254 526 4315 Modicam
558 4257 634 4313 enlm
656 4255 732 4315 hanc
754 4256 1029 4331 aequivocationem
1059 4253 1211 4314 admittere
1240 4256 1371 4329 cogimur
1393 4256 1460 4331 juro
1487 4273 1648 4331 gramma·

291 4343 358 4415 tico,
383 4359 448 4401 eum
471 4343 651 4402 harmoniam
675 4344 751 4402 alius
774 4341 903 4420 quidem,
926 4359 980 4400 usu
999 4343 1061 4416 jam
1083 4344 1168 4413 trito,
1193 4342 1320 4421 admittit
1342 4343 1435 4402 solam
1458 4342 1542 4402 illam
1567 4362 1649 4404 con-

293 4438 404 4499 centus,
428 4446 503 4505 quas
527 4440 572 4490 est
594 4448 659 4489 cum
682 4448 769 4503 sono,
800 4430 890 4503 alius,
913 4438 1030 4489 secunus
1054 4431 1175 4506 primam
1198 4432 1279 4489 vocis
1301 4432 1459 4504 originem,
1486 4446 1541 4506 pro
1567 4451 1650 4492 con-

291 4520 425 4592 gruentia
446 4534 541 4576 rernm
564 4521 804 4592 geometricarum
827 4517 981 4577 omnifaria
1001 4518 1113 4592 recipit,
1136 4517 1222 4591 alius,
1245 4517 1372 4577 mediam
1392 4517 1532 4577 incedens
1548 4522 1648 4592 viam,

293 4606 485 4680 geometricas
507 4608 718 4681 proportiones,
743 4623 819 4683 quae
841 4607 1030 4665 inveniuntur
1052 4606 1080 4660 in
1103 4605 1225 4663 vocibus
1248 4606 1650 4677 consonantibusnbicun·

220 4682 224 4689 ’
291 4710 348 4769 que
372 4710 423 4751 eas
445 4703 598 4770 praeterea
620 4694 739 4766 invenit,
763 4692 844 4753 velut
866 4693 1029 4752 abstractas
1044 4709 1064 4749 a
1077 4691 1218 4767 subjectis
1234 4693 1447 4769 subintelligit3
1471 4710 1532 4769 quo
1548 4711 1651 4755 sensu

292 4796 347 4855 ago
370 4779 417 4838 bis
433 4781 556 4839 vocibus
579 4788 645 4838 utor
666 4798 719 4855 per
740 4788 835 4839 totam
857 4779 917 4839 lere
940 4796 1015 4856 opus
1028 4795 1134 4840 meum.
1180 4780 1221 4839 st
1236 4788 1277 4851 tu,
1302 4796 1359 4838 nou
1376 4789 1532 4841 contentus
1558 4782 1651 4846 hisce

285 4866 517 4953 usignihcstibus,
548 4884 651 4931 rocem
674 4868 784 4952 profers
807 4866 929 4930 ulterius
952 4866 989 4928 ad
1012 4869 1218 4946 congruentias
1241 4876 1301 4928 tam
1324 4867 1462 4948 physicas
1485 4875 1650 4947 agentium
