3567 5625
660 409 743 480 iiber
760 411 808 498 lIL
829 412 920 484 Caput
937 410 971 466 X.
1427 406 1490 470 ait
1547 459 1550 470 .

145 599 286 668 tanquam
322 609 422 658 semus
453 593 691 672 inconspicuum,
725 602 755 654 et
780 595 973 671 gravissimae
1004 590 1152 658 tensiones
1173 586 1355 666 prim
1382 583 1494 656 baum

146 683 226 738 nocis
249 679 412 757 hueusque,
435 680 511 741 illud
532 681 651 758 quidem
673 691 813 759 tanquam
835 698 872 742 ax
887 681 1014 751 surmio,
1036 678 1114 738 huno
1129 683 1269 751 tammum
1282 691 1386 736 sersus
1400 672 1493 738 mlta-

144 771 232 842 ilum,
266 768 337 842 quia
359 770 565 844 gravissimum
587 770 705 845 quidem
727 771 891 848 prox’uuum
913 776 959 828 est
979 766 1203 828 evanescentiso
1225 765 1323 836 soah,
1354 761 1493 822 acutissiv
1599 835 1602 840 Δ

144 872 224 919 mum
248 871 319 916 sero
342 858 567 916 remotissimum
590 860 629 918 ab
652 875 697 918 ea
740 857 901 934 Propterea
913 862 1045 915 cantores
1060 851 1184 914 emendi
1194 853 1369 929 principium
1382 849 1494 909 laniunt

144 960 163 1001 a
192 944 378 1018 muniminis
408 944 553 1004 sonitibus
583 955 613 1006 et
634 945 721 1006 duem
743 945 847 1004 tacturi
868 942 1005 1004 desinunt
1030 942 1060 998 ln
1088 941 1178 1018 ipsos.
1223 937 1306 999 tiocli
1331 953 1400 998 vcro
1429 953 1494 996 me-

145 1028 294 1089 diationes
324 1037 354 1089 et
384 1047 460 1108 quas
480 1032 599 1092 'absum
628 1034 798 1110 longissime
828 1050 846 1090 a
877 1029 1068 1108 disparentis,
1098 1033 1176 1088 recte
1207 1027 1288 1086 sonis
1318 1024 1494 1096 acudssirnis

142 1118 345 1192 associantur,
377 1135 442 1177 cum
470 1128 500 1180 ct
527 1123 583 1198 ipsi
610 1121 780 1198 longissime
803 1119 948 1180 absistant
975 1135 994 1180 a
1019 1109 1206 1195 sttcrrtmii).
1250 1112 1391 1191 Insuper,
1422 1111 1494 1189 quii

145 1206 337 1281 gravissimas
360 1222 447 1266 voces
470 1210 528 1268 loci
550 1209 632 1269 interi
655 1207 793 1282 efficiunt,
816 1207 1000 1266 ncuussimss
1022 1204 1118 1282 superi
1141 1199 1230 1282 (unde
1251 1202 1408 1284 vgraviores
1429 1206 1497 1259 ten-

146 1286 246 1352 siones
270 1293 309 1351 ab
331 1283 420 1364 ilibus
444 1298 521 1361 exire
545 1296 676 1372 dicimus,
699 1302 801 1358 acutas
823 1315 842 1355 a
864 1288 1069 1372 temporibus),
1100 1297 1169 1356 suut
1189 1306 1259 1360 sero
1288 1296 1319 1350 et
1340 1299 1420 1352 ortus
1443 1303 1495 1347 oc·

147 1396 296 1456 casusque
318 1378 444 1446 siderum
466 1383 636 1460 humillimi,
667 1381 743 1445 coeli
764 1382 960 1454 mediatiopss
982 1378 1157 1440 altissimae:
1185 1381 1261 1444 istae
1287 1378 1391 1438 merito
1412 1392 1495 1438 come

145 1468 328 1546 parabuntur
356 1486 422 1536 cum
452 1474 532 1540 spuis
561 1473 750 1544 acutissimis,
783 1470 825 1530 illi
855 1486 926 1531 vero
955 1485 1022 1528 cum
1048 1467 1240 1543 mashslmis.
1281 1465 1331 1528 Ita
1352 1472 1495 1526 morum

145 1564 245 1630 motas
270 1567 373 1618 sersus
396 1559 469 1620 coeli
492 1560 619 1621 medium
642 1558 832 1638 respondebit
854 1556 1025 1618 uansitibus
1052 1553 1173 1614 usonis
1190 1545 1361 1631 'grauiorum
1384 1552 1496 1612 mumo-

146 1662 218 1704 uum
240 1642 283 1704 sd
303 1661 392 1706 sonos
414 1648 572 1722 acutiores,
607 1655 704 1708 motus
727 1663 797 1707 sero
824 1643 939 1706 acosd
962 1640 1190 1704 mediationibus
1212 1641 1342 1701 vicissim
1365 1637 1496 1699 transiti-

145 1735 200 1793 bus
224 1733 467 1816 ahscutloribns
490 1735 529 1796 ad
551 1738 710 1814 graviores.

234 1836 310 1899 Nata
327 1837 348 1890 l.
382 1836 556 1892 Ptolemaeus
574 1837 618 1891 hic
637 1844 692 1891 tres
711 1834 818 1906 quidem
836 1840 926 1888 motus
945 1831 1112 1896 differentius
1135 1830 1309 1904 aggreditur,
1329 1827 1416 1898 qnasi
1432 1825 1495 1882 illas

143 1915 240 1970 ordine
259 1923 463 1986 comparaturus
480 1916 569 1972 tribus
587 1916 802 1972 harmonicorum
820 1928 911 1969 rerum
929 1909 1088 1968 differentiis
1105 1911 1178 1967 luter
1195 1926 1225 1966 se
1243 1910 1375 1980 cognatis,
1391 1915 1493 1967 motum

144 1996 170 2050 in
189 1994 304 2065 longum
324 1995 490 2052 successioni
507 2011 643 2064 sonorum,
662 2002 764 2049 motum
781 1992 809 2046 in
828 1992 910 2046 altum
929 1989 1073 2058 generibus
1091 1996 1197 2057 cantus,
1215 1990 1243 2043 in
1262 1988 1360 2058 thns
1378 1988 1497 2046 variatur

89 2140 94 2156 Ι
144 2076 336 2148 propinquitas
358 2090 487 2130 sonorum
504 2074 617 2129 invicem
643 2072 861 2138 succedentium,
888 2076 990 2124 motum
1016 2068 1044 2122 iu
1062 2069 1146 2124 latum
1165 2067 1308 2126 mutationi
1333 2069 1366 2122 de
1384 2073 1450 2120 tuno
1468 2063 1495 2126 in

143 2165 257 2220 tonum,
284 2154 330 2210 ubi
353 2154 419 2209 ordo
445 2153 625 2210 successionis
650 2168 780 2208 sonorum
803 2152 931 2210 sanatur.
971 2148 1031 2204 Hoc
1053 2147 1203 2203 Ptolemaei
1227 2145 1385 2202 institutum
1406 2143 1498 2222 specie

145 2232 353 2304 amplissimum,
369 2247 400 2288 re
417 2247 483 2290 vera
500 2231 648 2288 absurdum
666 2239 716 2299 est,
736 2248 796 2288 cum
813 2230 900 2292 radet
918 2243 1017 2299 genera
1035 2235 1169 2298 motuum,
1188 2241 1304 2296 quorum
1322 2222 1498 2288 differentias,

145 2331 177 2368 ac
196 2312 222 2367 ai
240 2328 325 2368 uuam
343 2327 429 2381 genus
445 2319 527 2377 esset,
546 2316 758 2367 enumeraverat
796 2308 855 2365 Hoc
874 2312 943 2368 cuim
962 2308 1052 2378 capite
1070 2315 1176 2364 tantum
1194 2306 1229 2366 de
1241 2315 1315 2361 motu
1328 2304 1414 2380 pripro
1433 2301 1497 2378 agit,

143 2392 272 2462 sequenti
290 2392 324 2446 de
342 2391 481 2452 secundis.
500 2391 581 2445 tertio
600 2390 698 2445 abhinc
715 2405 823 2445 rursum
841 2394 875 2448 de
892 2396 967 2446 nrotu
986 2389 1081 2456 primo.

232 2471 306 2527 Nota
324 2470 360 2525 H.
395 2469 527 2537 Proponit
544 2470 588 2524 hic
604 2468 726 2539 quidem,
752 2470 829 2538 quasi
849 2471 883 2526 dc
901 2478 1016 2535 unoque
1033 2476 1109 2524 motu
1127 2469 1162 2525 sit
1180 2473 1299 2534 acturus,
1318 2479 1373 2520 non
1390 2465 1498 2522 tautum

141 2550 176 2605 de
196 2549 287 2622 primo
305 2547 340 2604 ab
358 2555 420 2602 ortu
438 2548 467 2602 in
485 2562 620 2615 occasum,
638 2546 687 2612 sed
705 2547 785 2602 etiam
806 2549 839 2603 de
858 2551 987 2617 secundo,
1006 2547 1039 2601 sb
1059 2563 1158 2604 occasu
1176 2548 1204 2601 in
1223 2551 1329 2615 ortum,
1347 2549 1376 2598 at
1392 2542 1421 2598 iu
1438 2541 1499 2614 ipss

143 2628 231 2698 huius
250 2628 347 2698 capitis
365 2627 579 2698 pertractatione
596 2625 702 2682 nullum
721 2628 831 2683 verbnm
850 2631 983 2698 occurrit,
1002 2627 1075 2710 quod
1093 2628 1128 2684 ad
1146 2632 1236 2681 motus
1255 2621 1390 2679 secundos
1407 2620 1498 2691 plane·

142 2711 236 2763 tarum
254 2707 365 2777 proprie
381 2707 470 2777 possit
485 2706 691 2770 accommodari,
709 2723 793 2775 qnare
812 2709 865 2764 bne
882 2710 972 2784 capite
989 2715 1096 2776 tanturn
1115 2706 1149 2760 de
1167 2704 1254 2774 primo
1272 2707 1348 2756 motu
1366 2699 1430 2769 aglt.

233 2801 309 2858 Nota
324 2802 374 2858 111.
410 2801 499 2857 Metui
516 2802 603 2872 primo
622 2804 648 2859 iu
667 2804 778 2873 longum
796 2816 937 2876 comparat
954 2817 1073 2873 cantium,
1091 2821 1108 2859 a
1126 2802 1200 2874 grati
1218 2802 1369 2865 inuentum
1386 2798 1497 2855 iterum·

142 2898 197 2953 qne
217 2884 248 2955 in
266 2897 347 2953 grave
364 2880 529 2949 tendentem,
547 2882 595 2937 ubi
612 2889 703 2939 motus
721 2883 772 2938 suh
791 2886 876 2942 Terra
895 2886 1025 2945 rationem
1044 2887 1127 2941 habet
1148 2882 1261 2939 nubam.
1295 2874 1423 2939 dasian&
1440 2875 1498 2945 qui-
1524 2928 1529 2943 .

140 2963 205 3018 dem
226 2967 271 3016 est
288 2960 455 3029 assimilatio,
474 2959 524 3015 sed
541 2975 616 3016 mere
633 2961 742 3031 poetica
760 2970 788 3018 ct
805 2979 876 3031 quae
894 2965 1084 3034 cognationem
1101 2960 1308 3032 quantitativum
1325 2973 1380 3013 non
1394 2954 1500 3013 redolet

140 3056 234 3111 eoque
253 3055 348 3109 parum
367 3044 417 3103 est,
436 3038 509 3108 quod
527 3054 561 3094 er
580 3038 753 3111 philosophia
770 3043 833 3097 huic
852 3043 934 3112 lusui,
953 3047 1000 3114 qul
1019 3045 1080 3101 sola
1096 3041 1250 3111 aptitudine
1261 3034 1374 3093 ludendi
1386 3048 1499 3093 causan·

141 3118 193 3183 dns
217 3122 269 3183 est,
287 3115 464 3186 interloqnar.
499 3119 531 3172 ln
550 3117 699 3187 astrologis
716 3120 824 3187 quidem
843 3122 945 3183 utiliter
962 3123 1034 3181 torta
1051 3120 1216 3178 considerari
1233 3117 1346 3189 poterit,
1365 3114 1411 3170 ubi
1426 3114 1500 3173 salat

139 3198 194 3251 hoc
215 3193 335 3251 axioma:
355 3195 478 3263 planetas
496 3195 536 3251 sic
554 3195 668 3264 operari,
687 3196 758 3267 sicut
773 3208 920 3271 apparent,
943 3204 1046 3272 quippe
1064 3216 1158 3256 eorum
1168 3197 1275 3267 operari
1294 3203 1346 3258 est,
1366 3192 1499 3263 objectiva

140 3279 178 3343 tet
197 3274 241 3331 sic
259 3278 431 3345 apparenter)
450 3290 557 3330 morere
574 3280 687 3331 naturas
706 3275 877 3335 sublunares.
914 3279 953 3335 Et
970 3286 1044 3346 nota,
1063 3279 1136 3346 qnod
1150 3278 1207 3346 jam
1226 3276 1316 3331 adhuc
1333 3273 1499 3342 singidonum
1604 3282 1607 3291 ’
1703 3258 1705 3267 ’

140 3362 238 3408 motus
256 3358 404 3421 comparat,
423 3369 476 3408 non
491 3352 657 3419 junctorum,
677 3353 711 3409 de
729 3355 828 3424 quibus
846 3368 958 3415 acturus
975 3366 1036 3419 erat
1052 3372 1111 3426 cap.
1130 3358 1170 3413 tt.
1206 3357 1258 3411 Est
1275 3353 1346 3410 anim
1363 3350 1404 3407 illi
1421 3349 1500 3407 semi·

140 3433 369 3519 circuluspupra
387 3432 553 3487 horizontem
573 3439 685 3488 exstans
704 3433 837 3501 quaedam
856 3437 939 3493 ueluti
959 3437 1077 3505 cbopdp,
1103 3434 1183 3502 cujas
1200 3432 1362 3503 principium
1381 3429 1410 3489 iu
1428 3434 1503 3497 oran,

139 3514 206 3569 linis
232 3512 260 3565 in
282 3526 391 3567 occasu.
428 3511 495 3565 Cum
513 3525 578 3581 ergo
599 3511 628 3565 hi
652 3511 706 3569 siut
723 3513 830 3571 termini
852 3513 935 3583 hujus
959 3513 1079 3573 chordae
1095 3510 1262 3583 immobiles,
1289 3507 1368 3573 facile
1392 3514 1435 3567 eat
1452 3507 1500 3577 illi,

139 3590 315 3663 singidonum
334 3588 453 3645 siderum
471 3590 647 3659 traiectiones
665 3606 715 3659 per
732 3591 930 3649 semicirculum
950 3592 1116 3661 superiorem
1137 3590 1251 3647 seorsim
1268 3587 1448 3653 considerare.

236 3686 312 3745 Nota
329 3685 374 3743 IV.
411 3687 462 3741 Hic
481 3702 543 3755 uos,
558 3686 581 3740 si
599 3685 758 3741 insistamus
776 3688 897 3756 vestigiis
914 3686 1059 3757 prioribus,
1077 3687 1293 3755 comparationes
1308 3700 1401 3741 eorum
1418 3697 1500 3752 quas·

141 3774 250 3831 rentes,
270 3779 340 3836 quae
357 3764 506 3819 cobserent
522 3771 555 3820 nt
572 3779 656 3820 causa
674 3769 702 3819 et
720 3763 843 3834 effectus,
862 3781 987 3836 quasque
1004 3782 1035 3821 re
1051 3765 1113 3834 ipsa
1128 3764 1213 3823 insint
1230 3764 1408 3820 instructura
1417 3760 1501 3818 muns

139 3846 266 3911 uniuersi
284 3844 400 3912 ejusque
416 3843 660 3923 administratione,
678 3845 762 3905 misso
779 3853 855 3900 motu
871 3846 960 3914 prium
973 3843 1070 3901 durno
1087 3850 1224 3899 samemm
1237 3842 1273 3897 ad
1286 3841 1501 3912 comparationes

140 3925 337 3991 secundarum,
350 3938 424 3997 snas
442 3924 564 3995 geminas
581 3923 690 3989 madere
708 3923 852 3983 dehemus:
875 3940 957 3981 unam
975 3924 1084 3993 quidem
1107 3923 1268 3981 intensionis
1290 3928 1318 3976 et
1335 3920 1501 3977 remissioris

141 4002 365 4078 planetariomm
382 4010 506 4061 motuum
524 4004 695 4073 propriorum
713 4003 794 4061 realis
812 4010 840 4058 et
857 4003 1014 4075 semssimas
1031 4003 1126 4070 (quam
1145 4003 1313 4074 singulorum
1330 4001 1501 4071 planetarum

138 4081 392 4142 considerationem
409 4080 584 4138 Ptolemaeus
606 4083 702 4151 rejecit
724 4085 751 4138 iu
769 4091 853 4152 capnt
870 4082 919 4139 14,
945 4096 996 4150 ego
1019 4082 1090 4139 libro
1107 4098 1168 4138 roeo
1186 4084 1218 4137 V.
1241 4089 1401 4153 persecutus
1419 4081 1501 4149 mm),

140 4165 264 4229 aberam
282 4160 440 4230 apparentis
457 4160 530 4217 illius
549 4162 729 4231 separationis
746 4161 919 4230 planetarum
937 4162 972 4217 ab
990 4163 1104 4218 invicem
1117 4162 1168 4218 sub
1179 4155 1300 4230 robiaco,
1320 4161 1354 4217 de
1366 4176 1420 4231 qua
1432 4160 1500 4216 libro

140 4258 205 4309 meo
225 4240 275 4296 iv.
293 4247 321 4294 et
334 4237 363 4293 iu
380 4238 454 4294 uotis
471 4239 507 4294 sd
524 4246 608 4309 caput
619 4240 770 4297 Ptolemaei
788 4244 813 4298 a.
832 4243 866 4296 de
880 4257 937 4310 qua
953 4241 1012 4297 sola
1023 4241 1068 4296 hic
1081 4258 1166 4309 agam
1201 4243 1233 4297 ln
1245 4242 1299 4296 hoc
1310 4255 1374 4295 vero
1386 4238 1501 4309 primun

140 4338 200 4381 non
219 4317 300 4379 aliud
317 4317 345 4372 iu
362 4318 475 4373 audace
495 4318 655 4393 principium
674 4318 763 4375 iacere
780 4320 939 4389 poterimus,
957 4335 1039 4391 quam
1057 4320 1130 4389 qnod
1148 4322 1239 4387 signia
1256 4321 1367 4390 planeta
1384 4317 1499 4384 sardium

140 4394 246 4461 deinde
266 4394 377 4453 tardiori
396 4394 440 4450 sel
457 4398 615 4467 retrogrado
629 4397 776 4469 jungemus
794 4398 956 4454 velociorem
974 4397 1122 4468 disemum,
1144 4397 1186 4453 rel
1205 4399 1350 4454 tardiorem
1368 4403 1500 4463 retrogra-

141 4479 227 4544 dum3
248 4476 330 4530 tertio
349 4476 479 4535 circnlmn
498 4477 633 4545 integrum
650 4477 833 4537 retmcbimns,
850 4478 896 4533 hie
913 4477 984 4535 euim
1003 4476 1221 4546 repraesentabit
1238 4476 1356 4531 sonitum
1371 4483 1500 4544 systema·

141 4559 178 4612 tis
195 4554 394 4625 gravasimum,
407 4554 646 4624 semperenndem.
682 4555 763 4624 Infra,
782 4555 827 4611 ubi
838 4555 997 4626 deplanetis
1007 4552 1121 4623 singulis
1134 4561 1235 4621 agetur,
1254 4552 1363 4609 Saturni
1379 4552 1501 4608 altissimi

142 4646 239 4699 motus
259 4631 429 4689 tardissimus
447 4633 520 4689 huuc
538 4634 621 4689 imum
640 4633 795 4705 systematis
821 4649 917 4690 sonum
934 4631 1016 4688 dabit
1054 4632 1158 4700 Quarto
1180 4648 1234 4693 uon
1252 4630 1411 4699 pmllelum
1429 4632 1499 4687 dius·

141 4732 222 4781 num,
240 4720 273 4766 ut
290 4710 471 4780 Ptolemaeus,
490 4710 538 4765 sed
556 4710 697 4766 zodmcum
715 4711 910 4785 spectabimum
929 4727 983 4766 uon
1002 4712 1117 4780 primum
1131 4717 1232 4769 motum
1249 4710 1277 4765 iu
1297 4725 1433 4777 messum,
1451 4710 1498 4764 sed

141 4793 298 4857 secundos,
323 4790 369 4860 qui
387 4799 418 4844 ut
436 4789 580 4859 plurimum
600 4788 715 4853 tendunt
732 4789 759 4847 iu
778 4796 876 4849 ortum.
903 4787 1014 4856 ‘Quinto
1040 4789 1177 4857 separatio
1195 4788 1339 4847 reluctaris
1354 4803 1372 4843 a
1388 4786 1500 4844 tardiori

143 4871 190 4927 sel
211 4867 373 4938 retrogrado
392 4868 632 4936 inconsequentia
651 4867 791 4923 ueletiam
810 4868 839 4922 in
856 4866 1058 4938 antecedentia,
1088 4884 1141 4923 non
1160 4883 1223 4924 vero
1247 4874 1336 4924 motus
1354 4866 1434 4925 unius
1453 4868 1498 4923 ab·
