3567 5625
289 425 353 488 468
680 419 847 493 Appendiois
864 419 1088 478 Harmoniournm
1104 421 1246 492 Apologia
1346 406 1347 409 ¹

290 601 420 661 oriminis
444 601 612 678 opinionem
635 603 808 662 sustineant.
853 600 900 661 De
922 606 1019 660 ostem
1042 597 1165 660 candide
1187 617 1234 662 me
1256 601 1312 661 tibi
1333 618 1460 677 excuso,
1483 619 1531 663 ma
1552 618 1639 680 prae·

289 694 424 765 terquam
447 686 528 766 quod
552 689 688 748 omnibus
710 707 786 767 pene
808 689 894 748 lineis
923 688 1121 762 nominasse,
1152 687 1225 747 nihii
1246 688 1326 749 aliud
1351 692 1552 766 quaesivisse,
1584 689 1640 748 hon

289 776 402 837 scilieet
432 794 522 836 unum
549 784 713 854 spectasse,
748 769 792 836 ut¹
810 775 936 838 lautores
967 777 1108 853 imperiti,
1145 777 1194 851 qui
1218 777 1303 836 iaoiie
1326 776 1418 842 titulis
1447 777 1638 857 decipiuntur,

291 865 407 938 seirent,
433 863 506 941 quid
529 864 608 942 apud
631 881 786 941 quemque,
799 880 869 939 ¹quo
892 863 1057 923 discrimine
1079 864 1252 923 invenirent
1295 863 1331 923 Id
1352 865 1477 925 sialiter
1497 865 1561 926 fieri
1582 881 1638 922 non

289 953 396 1030 potuit,
421 954 492 1029 quin
517 958 548 1011 tn
572 950 621 1012 sel
643 953 876 1029 perstringerem
898 951 1003 1012 leviter
1025 949 1083 1009 vei
1097 947 1283 1011 offenderetis
1305 956 1441 1028 graviter,
1465 953 1537 1012 iliud
1554 944 1639 1028 equi-

289 1039 356 1099 dem
377 1041 560 1114 neomaenia,
594 1039 651 1099 hoo
679 1049 780 1099 sonna
810 1056 907 1098 meam
938 1039 1121 1098 voluntatem
1143 1037 1253 1097 iactum
1283 1040 1463 1117 perpendito.
1507 1041 1546 1102 Et
1567 1040 1640 1100 haec

289 1126 409 1203 quidem
432 1125 761 1204 de‘eomparationibus
782 1128 855 1185 meis
878 1143 914 1186 ex
937 1125 1098 1202 appendice
1121 1123 1160 1183 ad
1183 1142 1258 1201 opus
1281 1125 1499 1191 Harmonieum.

377 1212 525 1289 Quantum
549 1216 654 1274 attinet
676 1222 860 1291 praesentem
883 1213 1062 1291 apologiam,
1085 1214 1140 1272 etsi
1163 1213 1272 1273 enebris
1295 1214 1546 1290 injuriisimitatns
1568 1232 1640 1274 cau·

287 1318 353 1360 sam
376 1300 545 1361 habuissem
568 1304 678 1378 passim
701 1299 942 1375 exoandmoendi,
965 1316 1051 1378 spero
1073 1307 1172 1360 tamen
1194 1299 1266 1359 nihil
1290 1302 1319 1359 in
1334 1311 1373 1375 te,
1397 1301 1469 1362 nihil
1492 1304 1521 1361 in
1544 1302 1641 1361 hono-
1769 1361 1770 1364 ,

287 1406 349 1448 rem
371 1388 421 1448 vel
443 1389 617 1466 dignitatem
640 1397 720 1449 tuam
743 1388 853 1448 dietum
876 1406 941 1448 esse
965 1391 1094 1464 gravius,
1120 1386 1193 1447 nihil
1216 1387 1296 1464 quod
1319 1407 1385 1449 oum
1407 1391 1567 1451 acerbitate
1589 1399 1642 1449 tua

288 1477 411 1537 conferri
433 1479 543 1554 possim
573 1478 650 1537 sales
672 1493 743 1536 vero
766 1484 796 1537 et
816 1477 875 1552 joni
898 1475 1113 1551 disputatorum
1143 1482 1212 1534 eunt
1238 1477 1443 1539 embammata.
1487 1477 1553 1538 Hac
1575 1494 1643 1536 mea
1769 1499 1770 1550 j

287 1566 518 1642 aequanimitate
540 1568 566 1625 si
588 1573 621 1624 tu
643 1565 732 1625 fueris
754 1566 923 1639 mitigatus,
945 1562 1018 1622 nihii
1040 1563 1070 1620 in
1094 1570 1243 1641 posterum
1266 1564 1415 1642 impediet,
1438 1567 1508 1642 quin
1532 1566 1639 1624 amiei-

287 1655 359 1712 tiam
382 1653 512 1712 colamus
534 1652 694 1713 literarium
716 1660 746 1713 ei
768 1650 848 1729 qnod
870 1653 995 1736 quisquo
1010 1652 1124 1726 aooepit
1139 1669 1158 1710 a
1173 1650 1239 1711 Deo
1256 1651 1407 1727 talentum,
1431 1651 1508 1711 id'iu
1521 1650 1641 1712 landem
1769 1727 1770 1730 Ἴ

288 1741 427 1800 creatoris
456 1741 545 1816 ioque
575 1740 769 1801 eruditionem
799 1741 925 1815 proximi
959 1740 1033 1798 citra
1063 1737 1304 1798 obtrectationem
1336 1738 1459 1800 alterius
1488 1741 1638 1814 oonierat;

288 1845 364 1904 quae
387 1844 457 1887 vero
480 1828 553 1887 alter
575 1829 614 1888 ab
636 1828 729 1888 altero
752 1828 826 1887 bene
848 1830 958 1905 scripta
979 1823 1143 1899 offenderit,
1166 1843 1203 1886 aa
1222 1826 1262 1885 ab
1282 1826 1333 1886 iiio
1356 1845 1425 1888 eom
1445 1823 1639 1889 veneratione

288 1914 434 1991 largitoris
455 1917 576 1993 spiritus
598 1917 696 1976 animo
717 1923 803 1991 grato
824 1922 958 1993 acceptet
980 1920 1070 1989 atque
1091 1913 1214 1972 truatur.
1258 1914 1343 1976 Vale.

749 2001 814 2063 Cal.
838 2001 966 2080 Augusti
991 2002 1061 2061 anni
1086 2001 1179 2060 1621.

860 2192 1060 2255 FINIS.
