3567 5625
122 357 125 369 ’
256 391 320 453 teo
397 437 400 445 ,
856 385 998 457 uppem
1056 465 1059 478 Ι

254 565 416 627 mendam
439 561 568 644 ιΙιιιιιιιιι
589 571 806 647 proportionem
827 569 1025 645 qnanmstnm
1040 564 1173 644 spasmus
1185 563 1304 643 generis
1314 563 1399 635 muri,
1423 576 1489 621 um
1504 568 1604 620 usn

254 653 314 714 alsi
334 657 364 714 in
387 658 583 731 quantitatum
606 657 875 733 comparationibus
898 656 1067 715 hannoniae
1090 656 1188 715 inesse
1208 667 1267 712 non
1289 651 1413 727 possint

343 740 523 820 Quadrato
547 745 609 802 toni
631 743 788 804 musicales
810 751 1015 819 comparantur
1037 741 1191 801 affectibus
1213 747 1243 799 et
1263 738 1393 797 naribus
1415 735 1551 814 publicis,
1573 733 1604 792 id

180 835 184 848 '
256 829 371 889 ostendi
393 832 518 890 maxime
541 832 674 891 natrrale
697 847 762 891 esse
783 839 813 892 ei
835 830 948 891 habere
966 830 1086 889 medens
1108 844 1231 904 eaesae,
1256 827 1308 885 ubi
1329 827 1484 884 occasione
1507 831 1603 882 tortus

141 935 147 946 ¹
255 916 428 977 Ptolemaici
455 917 567 977 adduxi
595 918 838 996 philosophorum
865 920 1015 977 sariorum
1035 918 1145 994 placita
1175 916 1212 975 de
1235 914 1412 1016 cognatione
1431 911 1603 982 ammonia,

255 1019 441 1065 nmerornm
464 1013 492 1065 ei
515 1005 729 1068 harmoniarum
752 1009 827 1066 inter
849 1023 892 1080 se,
915 1006 1021 1081 quibus
1044 1013 1074 1064 et
1095 1003 1244 1081 epilogum
1266 1002 1324 1059 ιιιιί
1338 999 1403 1058 libai
1418 998 1457 1057 V
1472 998 1604 1073 adjunxi.

260 1092 299 1151 lit
321 1090 401 1168 qnod
423 1096 598 1154 nemaeum
620 1097 726 1155 attinet
747 1094 867 1155 effeetus
890 1100 1028 1153 tenorem
1048 1094 1076 1150 in
1099 1091 1254 1154 merendis
1271 1090 1377 1149 adme
1399 1084 1605 1156 &seminuda

253 1178 335 1238 illam
363 1183 516 1240 materiam
545 1196 600 1257 ega
631 1169 802 1258 complexae
829 1198 896 1240 snm
921 1178 1062 1257 peculiari
1091 1196 1155 1255 cap
1188 1179 1238 1239 15.
1266 1176 1334 1235 libri
1360 1176 1420 1234 mei
1449 1172 1504 1231 ill.
1554 1172 1605 1232 Sic

255 1265 335 1342 qnod
356 1268 462 1327 eminet
486 1269 632 1343 justitiam
655 1270 896 1329 commutarim
919 1268 1197 1342 hamburiramqae
1223 1273 1254 1325 et
1274 1263 1434 1323 amicitiem
1462 1269 1494 1320 ot
1513 1275 1605 1319 oeco-

253 1356 372 1414 nomica
393 1363 482 1431 atque
504 1355 641 1434 politica,
671 1356 708 1415 de
730 1357 787 1417 hac
809 1357 948 1430 mmeria,
980 1356 1178 1431 quatenus-in
1201 1353 1238 1412 n‘s
1261 1350 1381 1411 valeant
1402 1349 1605 1427 proportiones

253 1444 399 1520 musicae,
425 1442 481 1502 leui
510 1443 718 1519 digressionum
751 1446 780 1506 la
809 1442 867 1504 line
894 1446 951 1504 mei
979 1442 1032 1502 lib.
1062 1441 1117 1501 ΠΙ.
1163 1441 1300 1516 Denique
1327 1439 1482 1498 materm-
1508 1436 1605 1512 ipsam

253 1531 406 1607 praemissi
434 1530 498 1606 Jam
526 1532 632 1608 capitis
662 1532 691 1590 3.
714 1538 744 1591 ct
766 1532 803 1606 4,
836 1527 865 1591 ct
887 1548 965 1608 quae
996 1529 1033 1590 de
1057 1530 1090 1604 5,
1124 1531 1159 1603 6,
1177 1531 1222 1586 t.
1252 1527 1283 1585 in
1310 1541 1418 1603 meere
1448 1539 1520 1584 vera
1546 1522 1606 1583 dici
1660 1515 1663 1530 ¹

252 1624 425 1694 potuerunt,
455 1617 626 1694 complexus
655 1635 711 1694 ego
740 1635 805 1677 snm
836 1620 929 1680 tnbna
957 1619 1061 1695 primis
1086 1623 1119 1677 et
1137 1632 1252 1676 rursum
1279 1614 1403 1691 septimo
1426 1615 1522 1688 capite
1546 1613 1604 1670 mei

252 1704 320 1763 libri
351 1702 408 1776 lV,
446 1705 496 1763 ubi
525 1705 671 1782 explicata
710 1708 873 1765 animorum
903 1713 1010 1764 natura
1040 1702 1172 1777 mendi,
1210 1698 1450 1779 quandoquidem
1477 1700 1606 1758 arentes

252 1793 428 1869 geometrice
450 1799 549 1851 sectns
570 1809 624 1869 per
644 1795 861 1871 inscriptionem
885 1793 1044 1870 figurarum
1059 1792 1223 1869 planarum,
1247 1789 1466 1867 eonrpamtione
1477 1789 1607 1863 partiam

253 1896 320 1939 cnm
343 1887 424 1952 toto,
457 1879 580 1940 deliniat
599 1871 670 1940 dere
690 1890 720 1941 et
740 1883 857 1958 proprie
878 1882 1082 1958 proportiones
1106 1879 1307 1950 harmonicas,
1334 1878 1366 1933 in
1387 1876 1495 1934 mimis
1515 1876 1607 1950 igitur

253 1966 404 2027 essentiali
427 1965 556 2042 quadam
586 1965 700 2027 ratione
721 1971 819 2029 inesse
841 1968 982 2029 circulum
1008 1967 1168 2027 formaliter
1190 1973 1220 2025 at
1242 1965 1390 2025 abstracte
1417 1978 1475 2020 nan
1497 1978 1517 2020 a
1539 1979 1608 2020 ιι·

253 2056 327 2115 turia
349 2061 478 2128 tantnm,
511 2053 565 2115 sed
588 2051 677 2115 etiam
703 2055 745 2116 *ab
768 2060 833 2133 ipsa
856 2053 1073 2133 quodammodo
1102 2055 1278 2130 pernatare:
1294 2048 1484 2111 materialiter
1506 2051 1607 2107 consi-

253 2141 371 2218 derata,
404 2157 495 2217 qnare
523 2158 590 2202 cnm
619 2143 730 2220 ceculo
751 2145 847 2205 inesse
878 2146 908 2202 ln
931 2144 1038 2203 animia
1064 2149 1094 2201 et
1115 2142 1301 2212 hermonim,
1328 2146 1359 2199 et
1385 2137 1463 2197 hano
1484 2153 1607 2200 cauum

257 2245 338 2304 csse,
370 2245 421 2290 eur
449 2230 539 2289 animi
568 2240 743 2291 moveantar
769 2231 943 2307 harmoniis,
974 2229 1027 2289 ssd
1055 2229 1130 2290 haec
1159 2231 1259 2288 omia
1286 2229 1315 2285 ha
1344 2242 1452 2302 genere
1480 2232 1606 2299 tamum,

253 2316 336 2376 nulla
358 2324 556 2393 consequente
579 2321 750 2379 cassatione
773 2319 988 2379 distributionis
1010 2319 1100 2378 animi
1126 2319 1156 2376 in
1178 2316 1334 2377 lacaltates
1357 2311 1511 2391 spermles
1555 2311 1609 2372 Sic

252 2406 341 2482 igitar
362 2404 453 2464 habet
475 2421 521 2464 res
544 2421 609 2464 cum
632 2408 738 2466 animis
761 2407 906 2468 humanis.

339 2490 426 2567 Quod
447 2495 593 2555 motiones
621 2494 764 2555 coelestes
785 2497 904 2566 attinet,
934 2490 1121 2553 Ptolemaeus
1150 2489 1217 2550 libri
1239 2492 1285 2549 sai
1308 2488 1364 2548 Ill.
1388 2505 1452 2565 cap.
1478 2488 1606 2546 Scom-

253 2586 338 2656 paret
358 2578 513 2640 zodiacum
534 2597 600 2641 cum
623 2589 783 2659 systemate
804 2599 857 2642 sen
879 2580 960 2641 scala
976 2581 1103 2656 musica3
1126 2579 1276 2657 capital.
1297 2576 1529 2654 consonantias
1520 2593 1606 2651 msas

252 2684 318 2725 cum
341 2669 510 2744 aspectibus
527 2668 726 2746 planetarum.
770 2668 829 2729 Hic
860 2667 975 2728 ostendi
997 2684 1069 2744 ego,
1099 2667 1235 2743 quibus
1227 2682 1255 2724 ur
1279 2664 1412 2742 partibas
1434 2679 1541 2722 manca
1562 2665 1605 2722 sit

253 2753 386 2814 doctrina
413 2751 449 2815 de
475 2758 644 2832 aspectibus
671 2756 751 2835 apud
773 2756 994 2829 Ptolemaeum,
1024 2762 1055 2815 et
1080 2753 1229 2832 quomodo
1257 2753 1453 2828 integratione
1480 2754 1606 2825 numeri,

252 2840 320 2901 hinc
342 2850 530 2920 aspectuum,
562 2844 630 2904 inde
653 2848 924 2916 consonantiarum,
954 2850 1097 2921 appareat
1118 2841 1237 2901 tandem
1257 2839 1400 2900 naturalis
1423 2846 1453 2898 et
1474 2838 1607 2903 munta

253 2929 357 2989 harum
377 2947 473 2990 rernm
495 2932 647 2993 connexio.
692 2933 745 2992 Est
766 2939 866 2992 sutem
888 2932 963 2992 hace
979 2932 1114 3007 genuina
1135 2930 1257 2991 materia
1279 2930 1337 2988 mei
1358 2926 1426 2986 libri
1439 2926 1493 2987 IV.
1516 2944 1607 3003 prae-

252 3016 353 3077 sertim
375 3033 438 3095 cap
463 3020 499 3090 4,
524 3020 557 3091 5,
583 3021 611 3079 6.

267 3088 272 3105 ’
341 3102 520 3183 Cephalo
542 3105 731 3166 Ptolemaeos
753 3125 789 3168 ex
811 3114 894 3166 motu
915 3104 1054 3182 planetae
1076 3104 1114 3163 ab
1131 3104 1227 3162 urin
1218 3120 1249 3160 ιιι
1264 3100 1400 3163 omnm
1421 3101 1493 3161 tacit
1508 3100 1630 3177 spuriu-⁴

255 3188 325 3250 dam
345 3192 521 3261 melodiam,
550 3209 613 3270 cap.
641 3195 701 3252 ll.
722 3211 758 3254 ex
780 3203 861 3254 motu
882 3209 955 3254 nero
978 3192 1161 3270 planetarum
1188 3192 1219 3248 ln
1246 3190 1338 3249 sitnm
1369 3198 1399 3248 et
1428 3180 1624 3265 protundum

254 3279 325 3339 lacit
346 3294 455 3356 genera
478 3287 594 3353 cantus,
618 3296 683 3358 cap.
710 3284 759 3340 12.
783 3299 819 3342 er
840 3289 924 3340 motu
944 3282 976 3339 in
998 3279 1092 3339 latera
1113 3281 1282 3354 aeqnmoris
1310 3277 1380 3353 iacit
1404 3277 1608 3337 diversitatem

253 3374 390 3427 tonorum
412 3366 605 3442 musicalium,
629 3385 694 3446 cap
719 3370 768 3428 13.
791 3387 827 3428 er
850 3370 941 3428 variis
962 3365 1241 3443 configurationibus
1256 3364 1439 3441 planetarum
1452 3381 1518 3423 cnm
1534 3364 1609 3426 Sole

253 3454 325 3515 lacit
353 3456 436 3515 varia
466 3457 635 3532 systematis
658 3455 852 3515 tetrachorda.
897 3455 933 3515 In
954 3455 1000 3514 his
1022 3457 1043 3512 4
1066 3453 1212 3530 capitibus
1237 3453 1365 3525 ostendi,
1398 3451 1607 3512 Ptolemaeum

253 3543 401 3603 luxuriare
424 3544 561 3602 exercitio
584 3543 773 3630 comparandi
793 3546 911 3623 poetico
934 3541 982 3602 vel
1005 3544 1149 3614 oratorio,
1180 3556 1246 3599 cum
1269 3557 1319 3613 ea,
1342 3556 1419 3615 qnae
1441 3548 1607 3616 comparat,

254 3647 312 3688 non
335 3608 446 3691 sintin
470 3629 676 3705 coelorealia,
699 3616 1075 3711 exceptaparticulacap.
1102 3632 1157 3701 ll,
1180 3645 1268 3703 quam
1290 3626 1328 3686 ad
1347 3627 1403 3686 tria
1426 3626 1529 3686 ultima
1550 3644 1610 3687 ea·

252 3720 316 3794 pita
337 3717 376 3777 ad
398 3720 604 3794 cognationem
625 3719 764 3778 materiae
786 3716 857 3778 volo
879 3717 1026 3793 rejectam
1071 3712 1195 3775 Ostendi
1216 3717 1322 3788 edam,
1355 3715 1403 3775 hic
1424 3717 1532 3791 partim
1555 3718 1610 3773 in-

255 3805 465 3883 comparabilia
487 3823 665 3884 comparare,
686 3805 864 3866 reclamante
886 3810 1119 3882 comparatorum
1139 3810 1254 3875 natura,
1277 3804 1393 3882 partim,
1415 3820 1492 3879 quae
1506 3806 1611 3862 omni

253 3893 310 3952 bns
337 3893 474 3953 membris
502 3893 688 3971 respondent,
717 3893 914 3975 accidentaria
942 3891 1062 3962 saltem,
1093 3908 1151 3950 non
1173 3907 1245 3951 sero
1272 3908 1308 3951 ex
1338 3890 1464 3966 alicujus
1495 3907 1611 3952 mosae

255 3983 432 4040 necessitate
455 3980 622 4041 cohaerere.
668 3980 822 4042 Hactenus
844 3983 934 4058 igitur
955 3978 1027 4039 nihil
1049 3978 1096 4039 vel
1111 3994 1226 4058 param,
1249 3977 1328 4055 qnod
1351 3995 1418 4038 cnm
1439 3980 1512 4038 meis
1535 3978 1614 4039 ham

254 4069 360 4128 moniis
383 4066 560 4128 coelestibus
583 4071 749 4128 contemni.

343 4155 384 4214 at
404 4172 475 4216 vero
498 4172 624 4232 sequeus
647 4173 711 4234 cap.
738 4156 786 4214 14.
809 4153 974 4215 Ptolemaei
995 4153 1133 4232 proponit
1154 4153 1309 4229 inquirere,
1330 4155 1426 4224 mcc
1446 4169 1521 4228 quos
1542 4169 1614 4212 aa·

253 4260 351 4305 meros
376 4246 495 4318 penses
521 4247 699 4320 comparari
722 4246 840 4319 perstat
869 4249 938 4323 soni
963 4243 1131 4318 maceratis
1167 4257 1220 4300 sea
1246 4240 1347 4299 aonios
1373 4243 1507 4299 musicae
1535 4257 1614 4300 ιιιιιι

253 4332 389 4408 sphaeris
416 4335 526 4407 manis
554 4334 590 4390 in
618 4338 774 4408 systemate
798 4331 984 4406 piastetcrio.
1027 4327 1087 4388 Hic
1114 4344 1169 4404 ego
1198 4326 1327 4401 ostendi,
1357 4328 1616 4404 comparationem

255 4418 427 4480 Ptolemaeo
451 4426 481 4478 et
503 4418 710 4496 Pythagoricis
732 4420 762 4478 ln
784 4436 840 4478 sna
861 4419 972 4477 usitata
986 4417 1167 4479 ethonomia
1187 4415 1278 4475 laissa
1295 4414 1516 4492 impossibilem,
1536 4414 1618 4476 lieet

255 4509 429 4568 tentaverim
451 4506 564 4583 ailquid
586 4508 737 4585 principiis
757 4502 948 4564 Ptolemnicis
969 4511 1197 4563 consentaneum
1219 4504 1415 4576 comminisci,
1446 4509 1481 4561 nt
1501 4504 1546 4562 ita
1569 4506 1616 4562 ti·

253 4596 318 4655 tnlo
340 4592 420 4653 nudo
447 4611 519 4653 snus
541 4601 695 4657 contextus
717 4592 899 4653 subderetur.
945 4588 1068 4651 Ostendi
1098 4593 1201 4665 etiam,
1231 4607 1297 4650 cum
1319 4593 1431 4666 primm
1462 4589 1617 4668 sphaerae

255 4682 470 4759 qnandtatibns
492 4685 554 4741 sule
576 4689 720 4755 constent,
742 4697 800 4740 non
824 4681 920 4738 minue
935 4695 1025 4753 quam
1040 4677 1165 4738 chordae
1180 4680 1243 4738 suis
1257 4676 1499 4754 longitudinibus,
1516 4695 1618 4755 opon-
1658 4743 1660 4746 ,

255 4772 348 4830 ιιιὶιιι
379 4772 626 4848 comparationem
659 4767 821 4829 secundnm
852 4768 1032 4843 qnaafitstes
1065 4767 1193 4839 institui,
1227 4783 1293 4824 cnm
1326 4772 1426 4825 tamen
1455 4769 1616 4843 proportio

254 4856 445 4935 sphaerarum
459 4875 478 4918 a
491 4858 681 4935 proportione
695 4855 868 4918 chordarum
882 4855 1106 4914 consonantium
1120 4851 1277 4932 plurimum
1292 4853 1460 4916 abhorreat.
1498 4853 1618 4916 ΡΜ.
