3567 5625
729 407 937 510 emas
1458 462 1500 524 aa

160 626 264 688 mitam
283 626 375 689 libros
397 628 422 690 1.
445 636 476 692 et
496 629 535 692 Π.
560 630 804 695 Harmonicerum
830 650 897 695 aum
927 630 1028 709 egara
1058 632 1160 694 asneis
1186 632 1323 711 pauculis
1351 640 1382 696 et
1412 633 1500 696 titulo

159 714 287 791 generali,
309 720 386 777 etsi
408 720 464 793 vis,
487 725 582 779 totum
605 721 753 799 exemplar
774 721 854 780 allud
876 720 1004 781 melioris
1031 721 1146 799 papyri,
1169 719 1248 797 quod
1270 720 1363 781 Nonis
1385 721 1501 783 demum

158 799 298 862 ianuario
320 821 374 881 per
395 805 600 886 supplementa
621 809 876 871 Francoiurtensia
898 805 1079 884 integratum
1095 807 1167 867 mibi
1189 815 1234 869 est
1235 850 1404 871 ......
1427 810 1500 871 Stu-

159 888 264 967 peodae
279 891 453 954 eruditionis
469 900 537 958 tuae
552 896 759 960 documentum
779 895 1051 969 luculentissimum,
1073 903 1188 956 strenae
1204 895 1272 958 loco
1288 900 1499 972 transmissum,

158 979 261 1055 accipio
281 987 367 1055 grato
388 982 487 1043 anino
509 985 597 1062 inque
612 985 758 1047 thesauris
778 984 875 1045 habeo
898 986 940 1045 rei
962 983 1117 1058 literatius,
1139 983 1192 1044 sed
1213 992 1243 1046 et
1255 984 1368 1044 idoneis
1391 988 1420 1044 in
1444 985 1501 1047 bac

158 1067 297 1142 provincia
326 1071 460 1147 patronis
487 1074 560 1133 meis
583 1072 752 1146 ostendam,
785 1073 811 1131 si
832 1073 913 1148 prius
943 1072 1006 1149 ipe
1034 1070 1195 1147 perlegero.
1239 1071 1303 1131 Etsi
1334 1072 1500 1150 linguarum

158 1154 324 1214 undenum
347 1159 459 1232 peritus
482 1159 599 1221 minime
621 1178 701 1236 sum,
731 1176 854 1221 ueneror
876 1167 973 1218 tamon
997 1159 1095 1218 omnia
1117 1159 1300 1236 antiquitatis
1323 1158 1501 1222 documenta

157 1241 243 1389 iliaque1
254 1243 402 1393 emm
414 1246 452 1306 iis
473 1246 617 1309 interdum
639 1256 670 1311 et
691 1251 754 1327 ipse
776 1246 888 1308 laboro.
934 1245 1008 1307 Vale
1023 1245 1070 1306 Iil.
1089 1245 1224 1308 Domino.
1268 1245 1386 1308 Dabam
1404 1249 1501 1310 Lineii

195 1374 202 1389 .
242 1346 289 1388 an.
361 1337 369 1362 ⁶
403 1376 411 1393 .
516 1335 521 1346 '

230 1434 338 1497 Propius
357 1449 434 1501 qnam
452 1436 580 1488 illanehm
598 1437 694 1488 accedit
711 1437 744 1487 ad
759 1436 921 1486 Harmoniam
940 1435 1042 1498 liepleri
1060 1433 1235 1484 Florianus
1253 1433 1402 1505 Orosius,
1428 1442 1499 1502 culus

157 1500 263 1562 epistolas
285 1507 318 1553 ab
343 1518 409 1555 anno
431 1505 497 1564 iuis
519 1507 547 1556 in
571 1521 664 1556 anuum
685 1504 750 1559 luit
774 1508 962 1568 baud'pareas
988 1508 1107 1554 exhibent
1125 1505 1183 1554 hias.
1204 1506 1391 1564 Yienniensia·
1411 1505 1498 1575 (Oomp

156 1569 253 1623 llansch.
271 1589 296 1636 p.
315 1572 370 1628 620
388 1590 420 1626 ae.
439 1577 538 1626 etVoi
556 1578 576 1628 1.
603 1584 701 1627 nostrae
723 1578 841 1625 editionis
863 1589 888 1638 p.
908 1573 978 1633 660.)
1015 1577 1111 1624 Literae
1138 1577 1210 1628 datae
1228 1577 1410 1638 Rasssubergae
1434 1581 1499 1639 (arcs

155 1635 210 1689 istas
225 1642 339 1693 Zretlam
358 1652 384 1695 et
401 1645 539 1696 Gremsium
556 1648 613 1711 sita,
632 1647 699 1710 apud
710 1647 784 1698 hilch.
797 1645 932 1710 Zellerum,
951 1646 1077 1706 Rndolphi
1095 1645 1253 1706 lmperatorla
1267 1648 1396 1711 quondam
1415 1662 1498 1699 came·

155 1711 243 1776 sarium)
261 1714 292 1762 de
311 1716 452 1765 Harmonia
469 1717 570 1780 Kepleri
587 1718 759 1780 philosophice
777 1722 868 1782 agunt,
887 1719 962 1781 quasi
980 1715 1205 1776 s'tmetaphysicae
1224 1718 1411 1783 compendium,
1430 1719 1497 1769 hunc

155 1779 298 1832 inmodnm:
319 1786 371 1834 Diu
391 1791 442 1849 est,
461 1788 549 1836 scribit
566 1785 682 1854 (iruslus,
703 1789 747 1836 vir
765 1787 995 1852 Excellentissims,
1022 1787 1145 1834 lautorum
1163 1786 1320 1853 charissime,
1348 1788 1416 1852 quod
1433 1791 1498 1839 nihii

155 1848 181 1898 sd
196 1856 218 1900 te
234 1855 335 1917 scripsi:
355 1869 406 1904 nou
417 1858 485 1922 qnod
504 1860 541 1906 tui
553 1860 696 1907 memoriam
709 1857 874 1922 deposuerim,
894 1870 958 1920 quae
976 1863 1086 1904 aeternae
1105 1857 1233 1904 inanimo
1251 1871 1306 1905 meo
1325 1860 1420 1908 radices
1439 1863 1498 1928 egit,

154 1920 191 1969 sed
206 1924 271 1986 quod
290 1927 350 1974 aliis
367 1929 525 1988 perturbatus
544 1930 663 1989 negotiis,
685 1926 750 1976 nihil
767 1925 835 1992 quod
853 1926 885 1974 ad
905 1933 929 1975 te
947 1927 1080 1974 scriberem
1098 1925 1219 1974 habebam
1238 1932 1263 1975 et
1281 1929 1399 1977 inanibus
1417 1932 1497 1993 scrip·

154 1991 300 2043 litationibus
319 1997 481 2057 grauissimas
500 1999 682 2059 speculationes
700 2004 756 2046 tuas
774 1996 873 2045 turbare
890 1997 1022 2060 uolebam;
1047 1994 1091 2043 sed
1113 1997 1164 2055 jum
1181 2001 1280 2057 tempus
1304 2004 1355 2063 est,
1380 2004 1408 2047 ut
1425 2006 1498 2064 rupto

154 2060 242 2112 silentiu
261 2067 353 2114 ceteris
371 2080 411 2114 me
428 2065 558 2130 paulisper
575 2069 682 2129 negotiis
701 2068 847 2116 subtraham
870 2073 896 2115 et
912 2067 1054 2128 gratissimo
1076 2071 1120 2113 tuu
1140 2065 1266 2130 solioquio
1284 2067 1358 2116 iruar.
1395 2071 1498 2120 Amicus

153 2129 187 2179 hie
203 2147 269 2182 meus
287 2141 374 2200 (quem
392 2143 451 2185 tuae
469 2151 569 2203 quoque
587 2138 737 2186 humanitati
755 2135 910 2201 commendo)
935 2136 1068 2185 Alternum
1086 2136 1113 2183 ln
1132 2147 1232 2184 munere
1250 2136 1418 2188 eeclesiastico
1436 2154 1496 2190 cou-

152 2203 275 2254 imandus
293 2206 393 2255 tendit:
412 2207 434 2254 si
451 2208 514 2272 quid
531 2207 621 2266 babes,
639 2207 707 2273 qnod
725 2207 779 2256 illic
797 2207 835 2256 vel
854 2207 1029 2267 Norimbergae
1047 2210 1090 2254 aut
1109 2206 1247 2265 Ambergae
1266 2212 1309 2255 tua
1327 2222 1403 2257 causa
1421 2223 1497 2274 expe·

152 2270 221 2324 dlinm
239 2276 285 2339 vis,
307 2277 367 2326 huic
384 2279 502 2327 mandare
515 2278 609 2341 poteris
628 2283 653 2327 et
670 2277 697 2326 in
714 2277 797 2327 reditu
815 2280 881 2338 ejus,
906 2276 1011 2343 siquid
1029 2277 1119 2338 babes,
1143 2275 1212 2340 quod
1234 2289 1274 2326 me
1293 2279 1357 2327 scire
1374 2285 1417 2328 aut
1434 2283 1497 2330 mibi

151 2348 354 2396 mnmuniaasum
371 2349 418 2410 ris,
438 2348 518 2397 eidem
536 2347 632 2397 tradere
645 2350 745 2409 poteris.
772 2348 889 2410 inprimis
908 2361 965 2396 voro
984 2360 1035 2404 oro,
1054 2354 1083 2394 ut
1100 2358 1145 2408 per
1162 2357 1219 2394 eum
1237 2348 1299 2395 mihi
1317 2355 1411 2397 eeteros
1429 2350 1497 2400 Har-

151 2416 292 2466 monlcurum
314 2422 415 2466 tuorum
427 2418 512 2484 libros,
530 2423 628 2482 praeter
639 2423 763 2482 quartum,
781 2431 944 2483 quosomnes
961 2417 1124 2478 integralem
1142 2428 1246 2465 excusos
1265 2430 1319 2466 esse
1336 2431 1418 2482 spero,
1436 2422 1496 2469 mit·

153 2487 196 2532 las:
216 2486 246 2535 de
264 2487 393 2538 solutions
410 2491 486 2552 pretii
502 2502 533 2538 ue
551 2490 586 2538 sis
604 2486 726 2538 sollicitus
745 2500 853 2553 quaeso,
879 2489 966 2536 statim
990 2488 1055 2536 enim
1075 2487 1198 2550 integrum
1218 2486 1266 2534 tibi
1285 2486 1401 2536 ducatum
1419 2489 1492 2553 dabo,

153 2554 170 2600 si
191 2558 324 2607 comitatus
341 2571 393 2608 uon
418 2561 549 2611 suffecerit.
584 2558 683 2625 Ecquid
705 2558 869 2606 astronomiae
892 2563 952 2606 tuae
977 2569 1035 2618 pars
1058 2557 1170 2606 secunda
1191 2557 1259 2616 agit?
1287 2556 1376 2606 Jamne
1394 2560 1494 2609 undem

152 2629 386 2690 supographorum
404 2628 511 2678 vinculis
529 2628 635 2678 liberata
653 2631 707 2677 esti
743 2626 812 2690 Quid
830 2641 918 2677 causas
936 2633 982 2690 est,
1000 2627 1069 2706 quod
1086 2633 1137 2675 tam
1156 2625 1200 2674 diu
1218 2626 1363 2676 detinetur?
1392 2628 1496 2678 Tracta·

151 2697 185 2743 tus
200 2703 256 2746 tuus
275 2699 311 2745 de
329 2697 439 2748 cometis
456 2699 557 2764 quando
575 2698 713 2762 prodibiti·
731 2697 759 2748 Sl
776 2697 878 2764 prodiit,
898 2699 939 2747 iao
957 2710 1058 2762 quasso,
1075 2703 1105 2747 ut
1121 2697 1220 2745 rideam
1237 2697 1328 2759 ipsum.
1352 2695 1496 2749 (lalandarii

152 2769 174 2813 et
187 2762 380 2830 premeaidum
397 2769 523 2832 exemplar
540 2777 598 2833 peto
616 2782 724 2819 reserves
745 2782 791 2833 pro
815 2782 854 2819 me
872 2774 1006 2834 numquam
1025 2768 1200 2832 distrahantur,
1224 2774 1250 2817 et
1267 2780 1311 2831 pro
1327 2770 1397 2830 iusto
1414 2772 1496 2833 pretio

151 2835 277 2903 sialiquot
297 2846 424 2901 praeterea
441 2840 595 2903 exemplaria
611 2838 756 2889 calendarii
773 2842 810 2889 tui
827 2841 934 2905 miseris,
951 2840 1120 2900 gratissimum
1139 2840 1217 2889 iacias
1234 2837 1328 2905 multis,
1347 2841 1393 2904 qni
1411 2842 1438 2890 iu
1456 2841 1496 2891 bis
1567 2852 1572 2871 ⁶

151 2908 193 2956 oris
209 2914 281 2958 tuum
301 2922 407 2960 uumen
424 2910 585 2961 admirantur.
623 2910 745 2959 Dominus
762 2908 916 2959 Phandlerus
935 2909 1111 2971 premerldee
1128 2914 1185 2958 tuas
1195 2910 1264 2985 pothi
1282 2909 1409 2971 reddidit,
1433 2912 1496 2961 dicit

150 2989 197 3026 sess
211 2981 375 3028 sublimiores
391 2994 470 3045 quam
492 2993 538 3042 pro
556 2987 631 3043 captu
655 2995 714 3029 auor
738 2979 841 3039 videbo,
866 2986 895 3028 ut
912 2978 959 3028 alii
977 2980 1077 3028 cuidam
1095 2979 1169 3028 docto
1188 2993 1231 3040 pro
1247 2983 1317 3041 justo
1335 2982 1429 3043 pretio,
1454 2984 1496 3032 cul

149 3050 316 3106 &ausimum
332 3051 415 3116 inens
434 3051 555 3100 reum:
577 3051 621 3100 sed
639 3056 724 3101 muron
741 3051 825 3112 ipsum
842 3064 943 3115 quoque
961 3048 1137 3111 Phandlerum,
1156 3051 1199 3099 ubi
1218 3050 1352 3099 secundam
1370 3054 1493 3102 hstrouu·

150 3118 207 3167 niae
223 3124 286 3169 tuae
305 3126 400 3181 partem
418 3127 509 3170 nactus
525 3123 600 3171 ilrerit
618 3126 643 3170 et
660 3122 788 3183 allegarit
805 3133 861 3170 eam
878 3121 1020 3185 videritque
1036 3125 1103 3187 tum,
1130 3120 1307 3182 Ephemerides
1325 3125 1381 3169 tuas
1399 3135 1431 3170 ea
1449 3137 1495 3172 usu

150 3186 192 3247 ipsi
208 3191 309 3239 iutnraa
328 3190 418 3254 iubes,
436 3193 584 3257 poenitebit,
602 3193 662 3250 acio,
679 3191 749 3256 quod
766 3205 808 3240 eas
827 3204 878 3240 non
895 3191 1032 3240 retinuerit.
1062 3191 1164 3240 Utinam
1181 3191 1243 3239 mihi
1261 3196 1366 3253 tempus,
1385 3205 1495 3242 eommo-

150 3254 209 3309 diua
226 3266 252 3309 at
270 3262 353 3309 otium
368 3263 444 3321 iusta
460 3263 562 3322 negotia
579 3268 670 3326 cetera,
688 3263 780 3326 quibus
798 3262 872 3327 qnasi
892 3263 995 3310 obrutus
1013 3274 1081 3323 sum,
1099 3265 1255 3323 suppeteret,
1273 3275 1287 3309 e
1305 3265 1404 3311 tuorum
1422 3261 1493 3311 Har·

149 3329 298 3380 minorum
316 3336 407 3395 quarto
423 3329 488 3381 libro
507 3337 581 3394 caput
600 3332 725 3380 duntaxat
743 3330 767 3383 1.
785 3329 811 3383 2.
829 3330 855 3384 3.
874 3338 901 3381 et
918 3331 1034 3379 ultimum
1051 3331 1222 3379 examinandi:
1241 3333 1326 3391 mbas,
1344 3333 1407 3396 scio,
1425 3333 1494 3383 uide·

149 3409 195 3445 sam
210 3399 413 3465 speculationem
433 3402 477 3450 sed
493 3403 578 3450 ioman
596 3402 649 3450 alio
666 3402 694 3450 id
711 3409 829 3465 tempore,
846 3403 994 3463 praesertim
1012 3415 1070 3449 uum
1082 3406 1162 3448 totum
1175 3401 1383 3451 Harmonicorum
1396 3410 1495 3452 tuorum

148 3479 204 3529 epm
221 3471 344 3538 habuero,
362 3474 418 3522 aasz
442 3474 497 3532 iam
522 3470 591 3521 reiut
615 3473 642 3520 in
665 3477 808 3521 transcursu
829 3470 954 3536 quaedam
976 3471 1065 3519 saltem
1089 3471 1191 3519 inuuere
1216 3474 1332 3520 conabor.
1368 3472 1494 3538 Omnium,

148 3542 251 3601 quaein
270 3546 326 3591 toto
343 3544 459 3591 universo
476 3548 548 3607 snut,
572 3556 653 3592 rerum
671 3543 752 3590 omnis
769 3541 893 3591 exbtendi
909 3541 998 3591 modus
1017 3546 1054 3587 est
1072 3539 1112 3588 sei
1125 3541 1253 3590 harmonio
1266 3543 1305 3591 vol
1321 3535 1494 3605 dmpnoossa.

149 3606 221 3658 Onne
237 3610 309 3675 quod
326 3613 355 3660 in
371 3611 464 3663 mundo
482 3619 527 3678 est,
546 3614 585 3662 val
605 3619 642 3662 eat
659 3613 761 3674 spiritus
779 3614 831 3667 (seu
850 3617 878 3660 ut
895 3618 923 3660 tu
941 3610 1059 3675 loquoris,
1087 3612 1181 3669 anima)
1200 3609 1239 3659 vei
1251 3614 1365 3663 materia.
1392 3613 1493 3677 Loquor

149 3675 176 3726 ele
191 3681 349 3747 substantiis,
366 3681 430 3731 nihil
449 3682 480 3731 de
497 3684 683 3745 accidentibus,
701 3694 760 3730 uam
776 3681 808 3730 de
826 3682 865 3730 hia
883 3682 938 3730 alia
954 3688 992 3730 est
1009 3682 1157 3742 speculatio.
1194 3682 1301 3742 Spiritus
1321 3688 1417 3747 movet,
1436 3697 1492 3733 ma·

148 3750 206 3797 tesia
221 3756 345 3802 moremur.
381 3752 490 3815 Spiritus
507 3755 573 3818 agit,
596 3753 702 3803 materia
725 3751 831 3813 patltnrr
858 3753 961 3813 spiritus
980 3757 1018 3801 est
1035 3765 1112 3801 causa
1130 3765 1248 3816 operans,
1272 3753 1378 3800 materia
1396 3758 1435 3801 est
1453 3755 1494 3802 in·

148 3824 309 3871 &amentum
325 3823 415 3884 operis.
450 3822 489 3872 iia
506 3826 613 3873 materia
630 3823 764 3884 spirituum
783 3821 945 3886 differentiae,
963 3820 1003 3871 sel
1021 3835 1050 3870 aa
1070 3822 1271 3885 operationibus,
1290 3836 1357 3886 quae
1375 3836 1419 3884 per
1435 3838 1492 3873 ma·

148 3891 231 3939 mam
247 3904 265 3939 a
283 3893 374 3954 spiritu
392 3894 468 3958 liunt,
493 3892 672 3954 dignoscuntur
694 3898 817 3956 tanquam
835 3907 850 3940 a
866 3894 1004 3953 posteriori.
1045 3889 1195 3953 Coniugium
1217 3893 1304 3956 itaque
1327 3893 1495 3955 inseparabile

147 3961 244 4019 spiritns
262 3966 288 4009 rt
306 3963 425 4011 materiae
442 3964 471 4011 in
486 3963 534 4013 hac
550 3964 722 4012 universitatis
740 3962 876 4013 materiata
893 3963 1016 4011 maehina.
1052 3961 1117 4010 Nam
1136 3976 1181 4011 nec
1204 3963 1310 4011 materia
1327 3964 1380 4012 eine
1404 3965 1494 4026 spiritu

147 4032 263 4094 hnqm
281 4044 358 4081 saun
376 4037 531 4083 sustentante
549 4038 686 4097 mactaret,
710 4045 756 4081 uec
773 4034 877 4094 spiritus
896 4034 949 4081 sine
968 4033 1071 4081 materia
1089 4034 1202 4085 terminis
1221 4033 1294 4081 certis
1313 4033 1387 4093 hujus
1406 4034 1494 4083 mundi

147 4098 308 4153 mussan.
344 4101 444 4151 Diversi
468 4103 570 4165 spiritus
593 4101 759 4153 diversimode
784 4105 914 4151 materiam
930 4107 1031 4151 movent
1054 4107 1078 4150 et
1097 4104 1242 4167 disponunt.
1279 4102 1371 4152 Omnes
1389 4105 1493 4166 spiritus

148 4181 241 4219 emnem
260 4173 393 4221 materiam
410 4171 444 4220 ad
462 4173 616 4222 harmoniam
634 4175 698 4222 inter
716 4186 743 4221 ee
761 4173 878 4231 dirigunt,
903 4173 1039 4221 manutium
1057 4186 1128 4222 suum
1146 4177 1255 4239 quisque
1273 4172 1417 4222 harmonias
1436 4188 1493 4236 spe·

147 4239 204 4289 elem
222 4247 249 4291 et
265 4241 350 4291 ldaam
368 4255 383 4289 a
399 4243 578 4305 sapientissimi
596 4243 732 4292 conditoris
749 4243 856 4291 consssio
874 4243 922 4303 ipsi
940 4244 1095 4305 impressam.
1125 4244 1264 4293 Harmonia
1282 4248 1321 4291 est
1337 4241 1446 4304 plurium
1465 4246 1492 4292 in

146 4312 245 4360 natam
265 4313 439 4376 quantitatum
463 4317 488 4361 et
510 4311 660 4378 qualitatum
682 4311 813 4376 (latissime
831 4326 902 4361 sumo
920 4327 1005 4362 socam
1024 4311 1163 4376 qualitatis)
1191 4326 1327 4363 consensus
1345 4321 1370 4360 et
1387 4314 1492 4361 concol-

147 4377 240 4431 dentia.
277 4382 365 4433 Omnis
383 4396 519 4433 censemus
538 4388 564 4432 et
580 4383 757 4433 concordantia
774 4382 808 4431 ad
825 4384 950 4432 unitatem
968 4383 1056 4432 tendit
1093 4382 1220 4433 Unitatam
1238 4385 1349 4431 omnium
1366 4384 1492 4431 rationum

146 4446 343 4501 harmoniarum
360 4454 386 4501 lu
404 4454 512 4502 materia
529 4455 662 4503 consistere
680 4444 801 4517 tanquam
818 4454 845 4502 in
858 4454 1000 4518 archetypo,
1019 4450 1181 4514 impossibile.
1210 4455 1274 4512 Ergo
1294 4452 1320 4500 in
1338 4453 1436 4514 spiritu.
1466 4453 1491 4502 is

147 4520 247 4580 spiritus
264 4524 376 4571 omnium
394 4522 580 4572 harmoniarum
598 4517 806 4589 etaimpnooaos
824 4523 985 4585 archetypum
1003 4523 1029 4570 in
1047 4536 1074 4572 se
1092 4522 1243 4589 continebit,
1266 4535 1331 4586 quae
1350 4529 1492 4584 pestutum

147 4591 286 4640 univmaam
304 4593 331 4641 in
348 4594 423 4641 rebus
440 4594 564 4657 omnibus,
583 4598 703 4658 tanquam
721 4593 776 4654 typi
793 4607 837 4643 seu
854 4596 938 4655 potius
956 4593 1064 4654 autit5pi
1082 4593 1247 4642 continentur.
1277 4592 1339 4639 item
1356 4593 1383 4640 in
1400 4593 1490 4655 spiritu

145 4663 234 4723 quovis
251 4666 290 4712 est
306 4663 456 4727 archetypus
474 4660 529 4727 (sed
546 4661 597 4712 aliu
615 4663 690 4713 modo
708 4662 808 4730 dictus),
827 4664 958 4712 harmonia
975 4668 1013 4711 est
1031 4665 1056 4711 in
1076 4663 1180 4712 materia
1198 4666 1251 4723 elus
1269 4662 1352 4723 tspice
1369 4667 1395 4710 et
1411 4666 1491 4713 sensi·

147 4727 234 4781 uiliter.
269 4732 326 4783 Nou
344 4733 419 4782 datur
434 4731 558 4783 naturalis
575 4734 678 4794 spiritua
696 4734 722 4781 in
740 4737 796 4782 tota
812 4740 917 4782 naturae
934 4734 1108 4797 universitate,
1132 4735 1178 4797 qui
1199 4732 1361 4793 armannum
1379 4736 1490 4783 omnium

146 4798 329 4855 harmoniarum
346 4803 440 4853 haheat
455 4805 534 4853 totius
551 4804 669 4853 universi.
698 4801 757 4853 Sela
774 4804 858 4853 anima
875 4804 983 4853 hominis
1001 4802 1060 4866 (uon
1077 4804 1157 4866 ipsius
1174 4799 1298 4852 naturalis
1316 4804 1426 4868 spiritus,
1445 4806 1489 4868 qul

147 4874 281 4922 mmmunis
299 4879 338 4925 est
354 4873 377 4922 el
396 4887 453 4922 cum
470 4872 575 4938 reliquls
592 4873 754 4938 animalibus,
774 4872 817 4921 sed
835 4874 928 4938 anima,
947 4886 1013 4937 quae
1031 4874 1106 4922 bruta
1122 4870 1265 4935 praecellit)
1283 4876 1394 4922 omnium
1412 4878 1489 4923 totius

147 4942 252 4994 miraei
269 4944 456 4994 harmoniarum
472 4945 635 5006 archetypum
653 4944 736 4993 babet
771 4943 842 4993 ilude
861 4957 946 4994 omnes
964 4944 1108 4994 harmonias
1130 4945 1270 5010 cognoscit,
1293 4945 1356 5007 quia
1378 4947 1489 4995 omnium
