3567 5625
293 401 356 460 tte
760 391 927 463 appendicis
943 392 1169 452 harmonicorum

294 591 382 653 quam
404 578 519 650 tempus
540 571 690 644 nominare
712 569 855 644 solemus,
878 576 966 634 miror
988 591 1044 650 ego
1067 574 1211 648 vicissim,
1233 573 1331 636 mirari
1354 578 1398 646 te,
1423 571 1564 644 Roherte,
1589 586 1642 631 cur

293 662 365 721 nihii
389 659 546 720 admodum
576 657 612 717 de
635 659 815 735 temporibus
841 664 1057 738 perscripserim
1086 665 1113 717 io
1143 677 1230 739 opere
1260 660 1448 721 Harmonice.
1495 658 1579 735 Quae
1609 671 1642 720 tu
1762 659 1765 670 '

294 750 385 810 rerba
407 765 442 807 eo
465 748 673 823 interpretaris,
696 755 859 822 temporum
882 750 1099 826 inquisitionem
1121 766 1140 807 a
1162 765 1208 807 mc
1231 748 1366 808 irivolam
1389 749 1545 814 aestimari.

381 838 508 895 Annon
531 836 625 906 enim,
648 850 759 909 quaeso
782 844 827 907 te,
850 851 916 896 eum
940 838 1036 912 capite
1064 838 1111 894 13.
1136 845 1253 895 centum
1277 834 1438 908 definirem,
1468 832 1643 913 perticulam

293 924 454 985 definitioni
476 924 593 993 inserui,
617 938 693 996 qaae
716 929 879 997 temporum
902 922 1142 1000 complecteretur
1157 922 1332 982 mensuras?
1378 924 1423 981 dc
1438 929 1537 999 potest
1551 920 1641 997 quid-

295 1029 383 1089 quam
405 1009 553 1069 aestimari
574 1008 738 1086 frivolam,
762 1008 855 1085 quod,
879 1013 930 1087 qui
952 1011 1009 1070 hoc
1031 1014 1185 1069 aestimare
1208 1010 1330 1083 dicitur,
1358 1012 1387 1072 in
1409 1008 1579 1070 defiuitione
1601 1010 1643 1067 rei

294 1098 399 1178 ponit?
445 1097 571 1155 Annon
596 1097 725 1155 vicissim
748 1099 776 1153 iu
800 1096 995 1173 explicatione
1019 1099 1097 1158 iliius
1121 1098 1281 1174 particulae
1304 1097 1355 1156 iol,
1374 1098 1444 1162 118.
1467 1094 1644 1175 paragraphi

295 1189 333 1247 de
356 1186 497 1245 mensuris
519 1190 619 1260 aperte
642 1186 714 1242 satis
736 1200 852 1242 causam
880 1187 1033 1245 brevitatis
1056 1184 1214 1245 lectoribus
1244 1183 1386 1257 indicavi,
1415 1202 1479 1245 non
1504 1201 1566 1243 esse
1586 1184 1645 1241 aci·

294 1276 360 1334 licet
382 1273 513 1332 moeurs·
533 1273 593 1330 mci
615 1273 649 1328 in
671 1270 725 1331 hoe
746 1289 835 1346 opere
866 1273 903 1332 de
924 1275 1075 1332 mensurio
1097 1272 1276 1348 disputare?
1320 1270 1396 1348 Quid
1427 1272 1555 1342 miraris,
1586 1286 1645 1328 uon

294 1362 380 1440 piura
405 1378 424 1418 a
447 1376 493 1418 mc
515 1357 688 1435 disputata?
732 1357 859 1417 Causam
888 1363 1003 1437 accipe:
1033 1377 1091 1418 riou
1122 1360 1177 1418 iuit
1206 1361 1330 1419 instituti
1360 1361 1434 1432 mei;
1464 1375 1645 1434 quamquam

298 1451 387 1510 etiam
408 1447 484 1505 libro
508 1444 560 1504 tv.
584 1443 635 1504 iol.
658 1445 731 1502 228.
755 1444 855 1504 addidi
877 1449 1021 1550 paucula,
1046 1464 1124 1522 quae
1145 1450 1222 1506 eirca
1244 1463 1395 1507 mensuras
1418 1446 1508 1504 habet
1529 1447 1647 1522 poetice

295 1553 361 1596 cum
383 1533 525 1596 artificiali
548 1533 660 1591 musica
682 1536 856 1604 eommunia,
879 1537 951 1611 quia
973 1536 1013 1594 ibi
1038 1533 1093 1593 ioci
1116 1534 1170 1592 1ι1ι
1192 1536 1318 1594 instituti
1341 1536 1397 1593 mei
1420 1533 1567 1610 explicare
1591 1549 1646 1591 ra·

296 1625 429 1684 rietatem
452 1621 667 1697 subjectorum,
690 1620 718 1675 in
742 1621 849 1695 quibus
873 1631 970 1681 essent
992 1623 1171 1680 harmoniae

383 1707 466 1785 Quae
490 1708 575 1768 affers
597 1715 780 1784 argumenta,
803 1716 834 1767 ut
856 1709 972 1784 probes,
996 1708 1204 1785 disputandum
1220 1724 1285 1768 ease
1308 1706 1345 1766 de
1359 1715 1488 1786 ternpore
1507 1706 1646 1766 scribenti

296 1796 333 1856 de
356 1796 514 1868 harmoniis
535 1793 735 1871 planetarum,
758 1811 794 1853 ea
818 1793 963 1855 ducuntur
985 1815 1004 1855 a
1025 1802 1158 1873 respectu
1182 1795 1321 1871 temporis
1343 1798 1445 1871 priori,
1470 1793 1506 1854 de
1530 1810 1589 1870 quo
1614 1796 1643 1850 in

296 1885 442 1961 praesenti
464 1882 690 1959 comparationis
711 1881 855 1958 particula
876 1882 975 1952 nulius
998 1884 1083 1943 nobis
1105 1892 1149 1942 est
1171 1899 1276 1942 sermo.
1324 1881 1438 1943 Graves
1455 1898 1544 1942 sonos
1560 1898 1645 1940 com·

296 1989 369 2048 paro
392 1987 462 2029 sane
485 1969 614 2028 motibus
636 1967 763 2041 Saturni,
787 1978 818 2028 ut
842 1967 979 2046 planetae
1002 1970 1170 2048 tardissimi,
1193 1971 1249 2034 boc
1264 1980 1309 2029 est
1331 1973 1381 2045 qui
1404 1969 1492 2046 longo
1512 1977 1645 2046 tempore

296 2077 400 2135 parum
423 2058 533 2117 itineris
556 2054 680 2115 coniicit.
727 2057 766 2114 Αι
788 2057 928 2132 quamdiu
952 2057 1095 2116 Saturnus
1118 2058 1249 2118 obtineat
1272 2058 1394 2117 eandem
1416 2058 1480 2116 soni
1511 2059 1645 2132 gravita-

296 2154 364 2218 tem,
388 2143 510 2204 candem
532 2145 652 2219 iuquam
674 2151 704 2202 ct
725 2144 898 2203 uuiiorueem
919 2146 1082 2204 mutuesci
1105 2143 1281 2217 tarditatem,
1304 2145 1361 2204 hoc
1382 2144 1455 2203 nihii
1477 2146 1583 2204 attinet
1604 2143 1644 2202 ad

295 2233 477 2292 harmoniam
498 2228 664 2300 coelestem,
687 2238 721 2289 ιιι
742 2231 770 2286 in
794 2248 854 2306 qua
875 2234 971 2291 omnis
992 2230 1101 2307 gratim
1124 2232 1279 2306 tarditatis,
1302 2234 1327 2291 si
1342 2233 1561 2292 accuratissime
1577 2230 1663 2306 agi?

164 2345 176 2354 ·
297 2338 371 2391 mus,
396 2327 440 2379 est
461 2326 692 2388 momentaneus,
716 2315 850 2393 adeoque
872 2336 927 2378 nce
949 2318 1088 2396 possibile
1110 2327 1155 2378 est
1176 2319 1297 2393 homini,
1318 2336 1473 2396 procurare
1490 2318 1645 2377 durantem

297 2407 334 2467 ad
363 2406 483 2482 aliquod
513 2413 628 2482 tempus
659 2407 790 2463 mutuum
819 2404 935 2464 Saturni
967 2404 1225 2482 aequabilitatem,
1260 2423 1314 2466 uec
1342 2404 1544 2486 isdszoucvor,
1577 2417 1648 2481 post

296 2497 484 2555 constitutam
506 2491 595 2552 semel
618 2494 861 2567 permutationem
884 2495 1052 2552 continuant
1075 2492 1219 2554 intervalli
1250 2496 1325 2554 iuter
1346 2493 1494 2570 planetam
1524 2500 1554 2552 et
1575 2492 1648 2552 sou·

296 2590 356 2643 tem
378 2581 442 2657 ejus
465 2587 570 2651 motus,
595 2595 682 2655 quem
706 2578 852 2640 intervalli
875 2583 1068 2640 mutationem
1089 2583 1254 2642 necessario
1278 2583 1409 2657 sequitur
1437 2582 1576 2640 continua
1599 2582 1647 2637 in-

296 2671 390 2729 tensio
413 2674 443 2728 et
464 2667 596 2727 remissio
619 2674 758 2737 motuum,
782 2674 986 2744 praeterquam
1007 2670 1037 2725 in
1053 2666 1215 2743 opsidibus.
1259 2668 1325 2728 Non
1341 2668 1430 2728 hebet
1443 2670 1533 2744 igitur
1547 2667 1647 2726 iocum

200 2803 206 2823 ,
297 2772 431 2817 mensura
454 2756 593 2831 temporis
615 2754 643 2809 iu
667 2754 795 2813 motibus
818 2753 996 2815 coelestibus
1018 2756 1185 2816 harmonice
1200 2758 1433 2836 contemperatis,
1456 2757 1646 2832 inquantum

297 2844 464 2903 harmonice
486 2850 555 2902 sunt
578 2844 803 2917 contemperati3
827 2841 917 2902 habet
940 2860 1010 2903 vero
1033 2843 1130 2907 locutu
1154 2845 1203 2904 obi
1226 2847 1373 2920 procurari
1387 2852 1493 2921 potest,
1518 2846 1547 2900 iu
1571 2842 1647 2901 har·

297 2933 396 2991 monia
418 2928 528 2988 scilicet
551 2928 696 2987 humanae
721 2931 811 2999 vocis,
834 2939 867 2991 ιιι
889 2948 966 3006 quae
990 2932 1083 2999 omnis
1107 2930 1357 3006 inaequabilitate
1381 2948 1519 2989 sonorum
1540 2948 1650 2990 versa·

298 3026 359 3089 tur,
385 3024 416 3076 ut
438 3016 583 3093 explicavi
606 3015 680 3074 iibro
703 3014 754 3072 111.
779 3014 829 3074 iol.
853 3018 927 3077 228.
971 3017 1033 3077 Nec
1055 3020 1131 3077 enim
1154 3020 1264 3091 omnis,
1297 3019 1349 3078 sed
1372 3019 1517 3078 humanae
1538 3016 1660 3077 saltem.

297 3107 381 3164 vocis
404 3105 515 3164 musica
537 3119 641 3161 manca
662 3111 692 3162 et
714 3101 852 3161 deficiens
874 3112 936 3176 est,
959 3106 1022 3163 siue
1044 3122 1179 3164 mensura
1200 3109 1347 3182 temporis.
1394 3106 1430 3165 Et
1453 3106 1522 3177 hoc,
1547 3121 1651 3181 quau-

299 3201 360 3252 tnm
383 3194 487 3251 attinet
508 3189 546 3248 ad
569 3189 714 3249 humanae
738 3192 820 3249 vocis
842 3195 993 3262 musicem,
1017 3192 1132 3252 suffecit
1154 3193 1225 3251 mihi
1248 3194 1386 3253 brevibus
1401 3195 1552 3255 monuisse
1568 3192 1650 3251 dicto

273 3304 277 3311 ι
299 3278 350 3339 iol.
377 3279 447 3349 118,
470 3276 643 3354 properandi
667 3279 775 3354 quippe
798 3277 836 3336 ed
858 3280 1002 3338 coelestes
1024 3288 1054 3338 ιι
1069 3282 1279 3340 astronomicas
1294 3281 1468 3352 hermoniae,
1492 3281 1652 3355 inquibus

298 3366 396 3426 locum
418 3382 477 3425 non
499 3364 590 3424 habet
612 3363 727 3424 duratio
750 3368 927 3441 temporaria
948 3366 1100 3425 uniionuis
1122 3366 1287 3441 celeritatis,
1310 3366 1422 3427 scilicet
1444 3371 1514 3443 qnia
1536 3383 1650 3443 scopus

298 3455 389 3514 totius
411 3454 467 3512 mei
492 3455 588 3529 operis
609 3467 667 3510 nou
691 3453 720 3509 in
744 3451 794 3511 iiia
817 3453 963 3526 humana,
995 3452 1046 3513 sed
1075 3455 1104 3511 in
1128 3454 1183 3514 hac
1205 3454 1324 3515 coelesti
1353 3454 1505 3515 harmonia
1534 3453 1653 3517 defixus

298 3541 367 3614 init,
391 3547 423 3599 ut
446 3539 523 3599 clarc
544 3539 692 3617 professus
714 3556 779 3598 sum
802 3539 851 3598 iol.
880 3541 941 3600 195
964 3539 1030 3599 iibri
1054 3538 1160 3620 11111)

386 3627 505 3686 luteum
530 3626 611 3686 vetut
632 3635 713 3685 extra
735 3628 814 3686 viam
837 3626 1012 3687 mouendum
1034 3634 1064 3686 te
1086 3626 1165 3703 duri,
1188 3627 1265 3687 maie
1287 3646 1333 3688 me
1357 3636 1419 3689 ate
1442 3630 1519 3689 eirca
1539 3629 1655 3688 cubum

300 3731 364 3774 esse
392 3722 577 3791 perceptum,
609 3721 641 3772 ut
669 3730 757 3789 quam
786 3730 841 3791 ego
871 3714 993 3791 figurem
1025 3730 1120 3791 neque
1150 3714 1278 3793 pondere
1307 3733 1402 3793 neque
1425 3733 1498 3776 sono
1525 3733 1655 3793 gravem

299 3804 404 3876 statui,
427 3818 482 3860 uec
504 3802 646 3878 supremis
669 3800 795 3877 planctis
818 3802 856 3862 ob
879 3818 981 3863 eornm
1001 3809 1100 3861 motus
1122 3801 1303 3872 tarditatem,
1329 3802 1380 3863 sed
1403 3803 1441 3865 ad
1463 3805 1655 3863 constituen-

300 3888 370 3947 dum
392 3905 492 3947 eorum
516 3886 700 3946 intervallum
723 3886 844 3964 figurale
867 3891 1036 3968 interposui
1045 3884 1122 3975 11)

386 3974 497 4036 Eadem
520 3975 618 4033 cautio
640 3974 710 4032 mihi
733 3977 841 4052 pagina
862 3984 915 4036 tue
940 3981 969 4037 1.
993 3980 1069 4036 circa
1092 3966 1188 4036 varios
1211 3975 1347 4053 planetae
1372 3980 1459 4037 unius
1481 3959 1580 4037 motus
1605 3986 1658 4037 est

299 4060 478 4124 adhibenda
521 4061 599 4120 Nihil
623 4064 699 4120 enim
722 4062 830 4122 iactent
851 4062 965 4140 periodi
988 4062 1024 4123 ad
1049 4062 1322 4139 demonstrandum,
1352 4068 1557 4142 proportiones
1577 4063 1658 4124 har-

299 4152 431 4209 monicas
454 4152 482 4207 iu
505 4149 663 4208 motibus
656 4151 780 4208 inveniri
804 4150 1004 4228 planetarum
1035 4149 1190 4227 diiigenter
1212 4151 1266 4212 hoc
1289 4155 1353 4212 cavi
1377 4151 1442 4212 Lib.
1466 4152 1502 4211 V.
1526 4169 1592 4227 cap.
1621 4155 1656 4211 4.

301 4237 440 4300 101183.
465 4238 495 4293 iu
517 4235 622 4297 medio.
667 4235 726 4295 Sed
749 4255 803 4298 neo
825 4239 912 4297 medii
936 4232 1031 4297 diurni
1053 4246 1151 4298 motus
1169 4239 1352 4315 pinnatarum
1373 4238 1469 4300 idonei
1485 4249 1556 4300 sunt
1577 4239 1660 4299 har·

299 4327 462 4383 moutarum
485 4325 614 4395 termini,
638 4332 670 4382 ιι
692 4326 742 4399 qui
766 4326 826 4384 reri
850 4343 908 4384 non
932 4332 1016 4399 sunt,
1039 4325 1092 4386 eed
1114 4325 1209 4385 sciuru
1233 4329 1411 4403 imaginarii3
1441 4345 1497 4402 ego
1521 4344 1594 4387 vcro
1624 4331 1659 4385 in

299 4413 428 4488 ipsorum
456 4409 637 4486 planetarum
664 4409 794 4471 realibus
824 4413 966 4487 motibus,
997 4421 1030 4470 ut
1060 4412 1178 4489 quidem
1208 4431 1242 4492 er
1266 4422 1364 4474 centro
1387 4414 1465 4474 Solis
1491 4423 1658 4492 apparent,

299 4498 465 4559 harmonias
493 4514 611 4574 quaero.
656 4497 702 4557 Ita
731 4508 826 4559 motus
856 4501 974 4573 augium
1005 4508 1101 4559 motus
1130 4512 1258 4561 nonest
1286 4501 1442 4580 physicus,
1472 4501 1525 4561 sed
1546 4504 1660 4578 potius

300 4584 461 4646 differentia
482 4585 603 4645 reaiium
626 4592 757 4645 motuum
785 4593 814 4645 et
835 4586 944 4646 mobile
967 4587 1175 4662 intentionale;
1204 4587 1270 4648 soie
1291 4589 1378 4649 stelle
1406 4606 1508 4649 rernm
1536 4589 1660 4652 mobile

299 4681 406 4749 estet
427 4680 509 4731 motu
531 4672 648 4750 quidem
672 4689 730 4733 uon
754 4690 821 4747 uuo,
844 4672 897 4733 sed
920 4674 1060 4750 pinribus.
1082 4692 1136 4752 pro
1158 4675 1328 4737 diversitate
1350 4678 1458 4748 centri,
1480 4677 1553 4748 axis,
1577 4694 1661 4738 eor-

300 4761 378 4838 poris
411 4758 524 4820 steliae
568 4757 693 4820 Omnino
725 4761 885 4831 consultius
913 4762 1000 4822 iactet
1027 4762 1136 4832 lector,
1165 4765 1191 4821 si
1213 4766 1310 4823 missis
1340 4766 1398 4837 eis,
1427 4780 1503 4840 quae
1526 4763 1576 4823 hic
1615 4764 1659 4827 de

300 4847 388 4908 rebus
411 4847 612 4907 oeconomicie
635 4845 729 4924 deque
751 4847 879 4924 periodis
901 4849 1083 4925 planetarum
1107 4858 1168 4910 tute
1190 4852 1307 4927 scribis,
1336 4852 1414 4928 ipsos
1438 4849 1526 4913 adeat
1545 4859 1661 4914 astro·
