3567 5625
259 434 299 498 aa
636 426 779 503 Epirtolae
794 424 909 500 uerae
924 424 1093 497 memque
1109 429 1220 485 mamae

258 606 658 674 expeditionutotnepotiorum
683 606 868 670 provinciarum
892 604 1073 668 vixreapirare
1094 600 1456 668 porat,rnonaetiaii1aer
1480 603 1602 656 valdai·

258 681 342 731 dnoeii
359 679 452 729 librum
473 691 614 742 percurrere
637 678 736 743 potnit;
763 677 906 727 meremur
930 690 959 725 ea
981 677 1009 725 ln
1033 675 1186 740 oommodina
1207 680 1306 740 tempua
1328 680 1354 726 et
1378 676 1407 726 in
1423 676 1474 725 alia
1490 677 1601 728 materia.

257 747 780 872 fficffiffffldltndffimm
800 745 849 798 tihi
866 747 960 797 obtulit
980 747 1012 796 ad
1030 747 1122 810 Mem
1139 746 1259 814 milae,
1283 749 1313 797 nt
1333 748 1378 812 qui
1402 745 1446 850 diu
1466 746 1506 795 lbi
1521 746 1604 795 haeait

346 924 420 973 Brevi
435 927 493 986 port
510 919 561 989 (31.
579 924 652 985 Ana.)
669 921 828 985 lieplerna
851 923 960 985 longiori
977 920 1083 987 epistola
1105 922 1245 989 rospondit,
1272 935 1337 988 qaae
1358 921 1468 970 maxima
1484 915 1603 984 exparte

260 993 395 1046 editionem
413 991 605 1056 premeridum
621 996 649 1042 et
666 994 851 1044 obaerrationea
868 994 999 1057 eclipsim
1016 992 1099 1045 refert

323 1090 328 1100 ‘
347 1081 482 1158 Denique
505 1082 595 1156 acite,
626 1089 714 1138 aaron
731 1088 943 1166 Kapernabou
964 1099 1032 1144 mea
1052 1082 1220 1161 impietate,
1247 1078 1300 1142 aad
1322 1075 1489 1141 conditione
1509 1095 1604 1156 nego-

259 1172 367 1231 tiorum
387 1167 572 1230 librariorum
593 1170 724 1229 innixam
746 1186 812 1231 oeae
833 1168 1053 1232 indemnitatem
1074 1186 1170 1231 meam
1190 1170 1221 1230 in
1243 1183 1332 1246 opere
1350 1167 1602 1229 Harmonieorum.

261 1258 308 1324 Tu
331 1258 356 1317 ei
379 1256 487 1317 multoe
515 1255 612 1334 operia
640 1255 764 1317 lectoren
793 1259 982 1337 excitaverit,
1012 1256 1106 1319 multa
1131 1256 1203 1317 mihi
1230 1255 1409 1334 exemplaria
1437 1254 1604 1316 danuam

259 1348 343 1422 (nam
368 1346 429 1406 100
450 1342 522 1405 milui
543 1343 759 1423 'i'ypographue
781 1361 835 1423 pro
856 1345 959 1407 laboro
981 1345 1098 1423 reliquit
1119 1362 1186 1407 cum
1205 1343 1380 1418 conditione,
1402 1360 1461 1404 uon
1476 1341 1626 1420 donandi!

258 1450 313 1495 uao
335 1432 424 1494 ulline
446 1431 601 1506 vendendi,
624 1449 712 1516 quam
733 1435 797 1510 ipae
820 1430 937 1517 vendit)
958 1451 1012 1512 pro
1025 1434 1172 1512 praeacuti
1186 1432 1321 1511 poeonia,
1344 1448 1391 1492 rea
1406 1448 1486 1492 meae
1500 1429 1605 1492 dome·

259 1522 349 1585 aalma
369 1517 539 1581 aublevabia
561 1537 668 1597 meque
689 1521 719 1579 in
742 1520 811 1581 dote
831 1521 912 1583 iiiiaa
933 1520 1114 1600 corrogando
1134 1520 1301 1598 adiuvabin
1324 1536 1400 1597 quae
1420 1516 1530 1580 dudum
1544 1534 1605 1580 ,oe-

261 1608 347 1670 cultie
369 1625 513 1669 annorum
536 1608 710 1667 currentium
732 1607 999 1672 machinationibus
1020 1610 1214 1689 hymenaeum
1237 1610 1330 1668 invito
1352 1609 1442 1668 etiam
1464 1623 1501 1667 ex
1521 1613 1605 1685 parte

259 1698 332 1758 citat
354 1698 542 1772 orarentque,
564 1696 623 1754 nial
644 1713 691 1756 mo
713 1694 789 1756 fallit
811 1699 949 1776 auspicio.
966 1731 1008 1742 -
1031 1695 1127 1758 Valde
1148 1714 1214 1756 aum
1235 1702 1383 1762 recreatae
1404 1711 1441 1756 ox
1456 1711 1501 1768 ao,
1523 1690 1605 1771 quod

259 1784 313 1845 tibi
335 1799 401 1844 cum
423 1782 463 1844 D.
486 1780 669 1860 'l'engnagiio
691 1781 885 1847 familiariter,
923 1784 981 1861 Qui
1004 1784 1074 1845 dum
1096 1782 1349 1846 commendatitiae
1370 1782 1533 1861 pollicetur,
1556 1783 1604 1840 el·

260 1869 315 1931 deo
337 1868 410 1947 quid
431 1870 510 1931 lamo
533 1886 608 1948 opua
630 1871 749 1945 tulerat,
781 1871 887 1933 aaltem
909 1872 981 1950 qnid
1003 1890 1054 1934 me
1068 1870 1210 1950 dignum,
1233 1877 1266 1931 nt
1286 1869 1514 1950 praefigerentur
1534 1867 1605 1929 iliae

152 2007 156 2016 ,
258 1958 350 2031 libro,
381 1964 415 2018 ut
437 1957 659 2019 Commentariia
680 1958 784 2019 Martia
807 1963 865 2033 [cn.
883 1966 929 2036 m.
957 1982 982 2031 p.
1008 1949 1080 2036 lae).
1125 1959 1166 2020 rt
1186 1959 1289 2037 clupeo
1313 1963 1358 2020 eat
1380 1957 1511 2034 occaaio,
1540 1957 1605 2033 J'am

258 2044 442 2106 Francoiurti
468 2053 541 2123 puto
571 2062 708 2105 oxomam
737 2044 952 2110 dedicationem
980 2065 1045 2110 oum
1074 2048 1161 2109 titulo
1186 2044 1325 2125 generali.
1370 2044 1410 2111 Si,
1425 2051 1530 2106 tamen
1544 2061 1606 2106 uon

259 2131 434 2210 dedignatm
460 2133 599 2210 privatim
625 2133 765 2210 scribere,
796 2152 851 2196 nec
881 2153 938 2215 ago
960 2153 1060 2197 curam
1084 2133 1299 2196 armamittendi
1326 2131 1523 2211 dedignabor,
1551 2129 1606 2193 aad

251 2228 367 2304 'grarm
389 2221 532 2298 accipiam
559 2219 739 2299 reddamque
741 2266 885 2286 .....
920 2223 1030 2302 tocpe
1053 2223 1118 2284 trae
1146 2221 1275 2300 reliquae
1302 2224 1427 2299 paginae
1456 2220 1606 2299 maome·

257 2308 328 2368 ridie
350 2313 381 2369 et
404 2308 479 2368 vele.
524 2305 557 2368 Si
573 2306 651 2387 ¹quid
680 2309 820 2371 librorum
840 2313 931 2389 petie,
962 2311 1045 2374 eolre
1072 2312 1116 2385 ei,
1147 2312 1199 2387 qni
1220 2309 1275 2371 hoa
1298 2307 1408 2383 uada,
1439 2306 1610 2369 Lindelauff

257 2396 428 2480 mercatori3
450 2413 504 2473 per
525 2412 591 2456 oum
614 2399 691 2457 enim
713 2398 824 2475 poteria
845 2398 955 2460 habere
977 2417 1065 2478 quam
1089 2397 1223 2476 primum.
1268 2396 1424 2474 Exemplar
1445 2395 1606 2457 Harmoni-

258 2499 366 2558 oorum,
390 2485 445 2544 etei
466 2482 597 2546 nondum
619 2491 664 2546 oet
685 2484 871 2563 completum,
892 2489 978 2548 mitto
1001 2496 1108 2561 umen,
1130 2493 1164 2547 nt
1186 2486 1300 2545 interim
1320 2483 1411 2562 lagae,
1433 2482 1605 2546 uadendum

257 2571 383 2650 denique
405 2570 557 2649 leopoldo
580 2570 746 2633 Archidnoi.
771 2617 779 2633 .
802 2615 811 2634 .
835 2619 843 2635 .
1140 2611 1142 2618 ›

344 2696 384 2745 Ea
404 2694 490 2744 Remi
512 2707 630 2756 reaponao
652 2691 716 2742 haee
739 2692 773 2741 ad
798 2693 960 2744 Harmoniam
984 2694 1122 2756 pertinent:
1147 2693 1181 2745 Ι).
1199 2692 1341 2754 Τωμιιςοί
1363 2691 1412 2740 tibi
1434 2692 1490 2754 ipae
1514 2692 1608 2742 aoribet

256 2767 338 2817 multa
355 2770 380 2814 et
397 2765 476 2815 varia.
511 2764 604 2815 lterum
622 2769 660 2814 eat
676 2764 704 2813 ln
721 2763 823 2825 itinere,
846 2764 923 2814 rediit
938 2777 1019 2828 nuper
1036 2777 1068 2814 en
1084 2764 1208 2831 lingaria,
1227 2765 1308 2813 iturue
1325 2763 1353 2812 in
1369 2762 1515 2825 Poloniam,
1538 2763 1607 2813 mre-

256 2839 300 2888 lloi
317 2850 378 2887 eane
396 2848 519 2887 aumeeeu.
554 2835 647 2897 Accepi
664 2832 820 2884 Haemonion
840 2838 866 2887 et
883 2836 990 2885 libenter
1006 2835 1166 2885 tradldleaem
1190 2848 1221 2883 ea
1238 2834 1413 2896 Sereniaaimo,
1438 2833 1489 2882 niai
1504 2836 1544 2882 tot
1559 2846 1606 2882 ne·

253 2909 378 2970 potiorum
395 2904 530 2955 multitudo
557 2904 634 2968 plane
655 2904 709 2971 alla
730 2904 846 2954 euaderet
869 2905 903 2954 ad
925 2905 1057 2966 legendnm
1080 2911 1204 2967 tempora3
1228 2905 1270 2954 rix
1296 2905 1363 2954 enlm
1380 2904 1501 2966 reaplrare
1522 2907 1607 2966 pateat

248 2979 364 3041 'optimna
381 2976 500 3037 Prinoepa
523 2979 549 3023 et
565 2980 649 3025 umen
667 2975 784 3023 alacriter
802 2975 888 3024 omnia
903 2977 1018 3025 anatinet
1055 2973 1171 3039 Cannam,
1189 2973 1257 3039 qnod
1270 2973 1446 3023 retardarerim
1461 2974 1605 3036 reaponeio·
1687 2974 1689 2980 '

253 3061 311 3098 nem
329 3047 363 3096 ad
379 3051 438 3095 tuae
455 3044 527 3111 (data
543 3046 581 3094 eet
599 3043 706 3106 apiatola
719 3043 832 3095 Viennae
849 3042 876 3095 i.
892 3047 948 3099 Oct.
967 3041 1044 3120 idid)
1061 3047 1164 3107 ewino:
1187 3045 1218 3096 ί).
1237 3044 1400 3095 Wachheriua
1417 3044 1540 3107 imprimis
1556 3045 1605 3092 tuit

253 3131 313 3184 nna,
332 3115 491 3183 quitantiam
504 3115 600 3176 latargo
617 3115 680 3165 obiit
697 3119 756 3176 poet
771 3115 848 3176 longa
864 3120 952 3167 noatra
970 3117 1089 3174 conailla3
1112 3114 1193 3164 altera
1210 3115 1367 3166 Sereniaaimi
1388 3114 1468 3164 noatri
1488 3113 1604 3177 indiapo·

253 3188 321 3253 'mo’
340 3185 1269 3319 {¹113leipoeltl&godaminorzregpgaranoffitssmeetlramumdmbm
1300 3267 1429 3316 corporum
1459 3253 1605 3304 eoeleetiuna

253 3327 438 3391 eorundemque
457 3326 600 3385 dietantiia,
622 3338 690 3390 quae
708 3326 793 3374 omnia
811 3326 843 3374 ab
861 3327 969 3375 invicem
993 3325 1114 3389 pendent,
1140 3326 1216 3375 aimul
1234 3326 1310 3374 etiam
1328 3324 1401 3373 Lnna
1425 3336 1477 3373 non
1494 3324 1605 3383 eaoluaa,

253 3404 435 3464 quae'tameu,
460 3400 597 3462 antequam
620 3396 728 3457 perfecte
751 3409 881 3458 corporum
899 3397 1044 3446 coelestium
1060 3395 1195 3446 diametroa
1219 3409 1264 3459 per
1285 3395 1375 3444 tubum
1397 3394 1524 3447 dimanant
1545 3394 1604 3442 ine·

251 3478 300 3526 rim
318 3480 344 3524 et
361 3475 582 3537 comprobaverint,
597 3473 695 3536 publici
704 3474 769 3535 iuria
786 3474 868 3523 iacere
879 3486 931 3523 non
943 3488 1053 3538 poaannu
1088 3475 1223 3525 'i'ranaibat
1235 3474 1321 3523 eodem
1333 3472 1374 3524 die
1384 3473 1446 3522 mihi
1464 3460 1501 3547 Q,
1509 3480 1522 3489 “
1530 3473 1604 3534 gani·

251 3569 324 3615 turae
335 3563 459 3629 dominun,
476 3575 521 3624 per
533 3559 570 3629 Δ
587 3561 719 3624 horoaoopi
735 3564 830 3613 exacte.

339 3636 508 3708 hiirum'aat,
536 3645 659 3707 quantum
684 3644 809 3691 recreatur
832 3641 921 3690 inerim
946 3654 977 3690 ex
993 3634 1050 3690 ¹tuis
1073 3641 1166 3703 litarle,
1192 3654 1257 3705 qnae
1274 3640 1332 3703 plue
1349 3652 1426 3705 qnam
1448 3640 1527 3689 eiciea
1543 3641 1604 3702 legi.

252 3713 334 3764 Venio
353 3712 387 3761 ad
404 3713 536 3774 epistolam
556 3714 638 3775 ipram
656 3711 800 3776 etquidem
817 3711 1004 3774 brevleeimam,
1030 3725 1076 3775 per
1092 3712 1192 3761 laborea
1210 3711 1341 3761 contiunoa
1359 3711 1445 3760 omnia
1460 3722 1605 3773 percurrere

250 3797 303 3835 non
320 3784 394 3847 ilcet3
413 3796 446 3831 aa
463 3783 563 3851 Alaatia
579 3787 673 3846 umen,
691 3782 746 3831 Deo
764 3782 849 3844 danu,
867 3783 958 3833 meiiua
976 3787 1002 3833 at
1018 3783 1113 3844 largior
1130 3781 1299 3846 reapondabo‚
1321 3793 1381 3831 nam
1397 3785 1459 3831 tune
1475 3794 1518 3830 ero
1535 3784 1606 3833 intra

251 3868 320 3904 mooe
338 3853 454 3916 parietoa.
644 3894 649 3903 .
1227 3910 1230 3917 Ι

338 3922 492 3972 ilranemitto
504 3921 676 3983 ilungaricum
695 3920 814 3970 ducatum
831 3935 876 3985 pro
895 3935 968 3984 opere
984 3928 1043 3988 tna,
1060 3923 1133 3988 quaai
1151 3935 1233 3971 meum
1251 3925 1317 3971 eaeet
1333 3920 1524 3986 Harmonienm,
1541 3922 1604 3971 reli·

251 4006 329 4060 quum
348 4007 365 4041 a
382 3991 545 4043 Sereniaaimo
563 3992 612 4040 tibi
630 3992 841 4059 compenaahltnr,
859 3991 905 4041 aed
922 4007 979 4042 oum
997 3995 1050 4044 otio
1068 3998 1094 4042 et
1106 3994 1237 4042 oocaaione
1255 3993 1308 4042 aiva
1325 3992 1445 4054 temporie
1464 3993 1603 4042 commodi·

251 4067 318 4131 tate,
335 4067 390 4125 jam
407 4061 472 4110 anim
491 4075 517 4110 re
535 4074 594 4109 vora
610 4062 745 4111 nonlicet

337 4134 368 4182 ln
385 4132 466 4181 literia
492 4130 516 4181 d.
537 4127 576 4184 id·
594 4131 650 4182 Oct.
674 4131 740 4181 redit
756 4132 848 4182 Renoua
872 4131 906 4182 ad
924 4133 1111 4197 proportionem
1129 4132 1200 4181 illam
1219 4133 1331 4198 orbium,
1357 4131 1456 4183 diune:
1479 4132 1544 4182 mihi
1561 4132 1603 4182 di·

251 4204 347 4257 amnne
364 4202 433 4253 Solle
449 4215 465 4249 a
483 4201 560 4251 Tarra
577 4198 646 4255 65⁴3
664 4202 753 4255 aemid.
771 4203 874 4258 Tarraca
899 4204 959 4254 hino
974 4202 1243 4265 maxima'parallaxia
1261 4202 1350 4253 hiantia
1375 4214 1465 4265 parum
1482 4202 1549 4252 ultra
1567 4201 1602 4269 1‘,

250 4260 356 4325 tonna
368 4270 395 4324 2¹
412 4273 440 4322 in
453 4272 577 4334 peripaeo.
607 4272 720 4335 Epieycli
737 4272 824 4322 Lunae
842 4278 881 4321 eat
901 4271 947 4342 ὦ,
967 4288 1025 4337 pare
1043 4274 1111 4322 orbie
1128 4273 1181 4337 aul,
1204 4274 1241 4322 alc
1261 4273 1393 4323 dimetiena
1405 4274 1502 4322 orbitae
1514 4273 1603 4324 Lunae

249 4347 276 4394 ln
295 4344 383 4394 eadem
401 4343 561 4407 proportione
579 4356 636 4391 cnm
654 4343 747 4392 circulo
766 4357 862 4409 annn03
881 4345 947 4393 mira
961 4345 1103 4407 proportio;
1121 4342 1252 4393 mediocria
1270 4343 1392 4393 diatautia
1409 4342 1439 4395 ei
1455 4342 1543 4394 aemid.
1571 4345 1602 4395 ln

249 4415 361 4478 phynicia
378 4412 680 4475 elongationibueteoum
697 4415 834 4476 oonaentlo,
852 4414 896 4463 aod
914 4414 1049 4465 diamemoa
1061 4414 1148 4463 Lunae
1165 4415 1242 4477 paulo
1254 4413 1402 4464 minuendae
1420 4428 1474 4465 oeae
1485 4418 1602 4477 antnmo;

250 4499 308 4547 argo
326 4485 369 4536 Sol
386 4484 465 4547 paulo
483 4483 559 4532 altior
576 4482 673 4535 evadet.
709 4484 759 4534 Sed
774 4486 828 4546 jam
846 4491 964 4534 accurata
987 4486 1050 4534 lima
1066 4497 1117 4534 non
1136 4498 1199 4548 apua
1221 4489 1270 4534 eet:
1292 4484 1336 4536 Sol
1354 4483 1440 4534 evadit
1456 4480 1544 4538 30000
1562 4488 1601 4536 ri·

250 4556 321 4605 oibna
338 4558 420 4617 major
436 4554 521 4618 Terra,
538 4554 597 4603 hine
615 4556 676 4603 eatia
694 4559 768 4617 apina
786 4554 820 4604 ad
838 4554 1019 4605 commovenda
1035 4557 1134 4620 reliqna
1149 4556 1307 4618 planetarum
1327 4568 1438 4617 corpora.

251 4672 256 4681 ,
336 4626 366 4674 lu
385 4625 466 4674 litania
484 4624 593 4689 denique
610 4623 694 4691 Remi,
721 4625 745 4675 d.
764 4627 877 4675 viennae
896 4626 922 4679 d.
940 4622 982 4678 26.
1001 4627 1055 4677 Oet.
1078 4626 1141 4676 haec
1157 4625 1191 4674 ad
1208 4624 1375 4675 Harmoniam
1391 4627 1532 4688 pertinent:
1554 4627 1600 4674 hl·

170 4742 178 4749 .
249 4696 337 4747 beuter
354 4693 483 4745 cardinali
510 4694 537 4744 S.
556 4694 698 4757 torennae,
721 4696 912 4746 bibliothecario
931 4697 1061 4762 Vaticani,
1085 4701 1132 4746 tua
1154 4696 1305 4745 llatmonioa
1328 4696 1467 4757 mitterem,
1490 4696 1534 4745 aed
1556 4710 1603 4760 per

250 4765 335 4814 literae
352 4765 492 4829 nonlicet,
520 4764 564 4815 dae
582 4779 647 4828 opna
662 4767 697 4815 iat
715 4781 745 4816 an
762 4780 846 4828 moer·
873 4771 936 4830 puto
954 4771 1052 4835 autem,
1077 4768 1162 4831 iprum
1183 4764 1247 4815 illud
1265 4766 1409 4817 habiturum
1425 4781 1443 4818 a
1459 4767 1602 4829 bibliopola

249 4834 292 4888 Jo.
310 4835 412 4886 andrea
427 4832 554 4903 Roman03
572 4836 626 4899 ipae
643 4836 708 4887 ilind
726 4836 817 4887 vendet
835 4804 887 4906 011,
904 4843 1029 4902 coronet,
1046 4839 1095 4891 hoo
1111 4843 1150 4890 eat
1165 4835 1183 4892 5
1200 4836 1253 4888 flor.

337 4924 379 4975 ad
395 4925 458 4975 haee
474 4924 649 4993 lleplernae
