3567 5625
263 438 311 506 22
644 431 786 506 eparcus
802 427 916 508 liopleri
932 379 1100 505 rhomae
1115 437 1227 492 mutuas

269 612 346 680 nibil
366 612 455 691 hujus
476 614 507 676 in
529 630 586 680 usu
606 612 697 676 inisse
716 619 920 694 praotmqnam
941 619 1085 688 neuram,
1116 618 1150 676 ut
1172 630 1238 678 cnm
1261 616 1343 696 pueri
1363 621 1393 678 st
1412 614 1470 676 viri
1488 611 1613 678 eandem

269 700 428 772 melodiam
450 707 566 778 canum,
588 699 631 760 illi
653 708 740 763 acuta
760 701 791 763 hi
813 703 897 780 gravi
918 719 1000 768 roes.

377 790 458 850 Dum
479 788 553 851 haec
574 789 686 864 scribo,
716 789 817 850 incidit
843 790 915 851 mihi
937 787 1134 867 decoctores
1155 786 1304 869 ἀκροαμα,
1336 785 1525 869 reprehensos
1546 807 1612 852 esse

145 929 150 934 .
271 876 494 958 Pythagoram
515 896 535 938 a
556 877 654 938 nescio
677 893 750 954 quo,
783 878 863 954 quod
890 877 1025 954 neglecto
1053 879 1166 937 aurium
1190 875 1301 955 jndicio
1323 877 1394 938 solis
1415 879 1541 938 numeris
1563 879 1612 937 in·

271 964 421 1030 dnhennr.
453 965 500 1024 An
517 963 546 1025 id
561 963 635 1025 sorte
650 962 836 1027 Ptolemaeus
859 965 949 1030 dicit?
971 965 1019 1026 An
1041 971 1086 1025 est
1107 964 1164 1026 hoc
1181 965 1324 1042 judicium
1345 967 1466 1045 practici
1488 966 1612 1043 alicujus

268 1070 305 1113 ox
338 1054 512 1129 antiquitate
542 1052 661 1122 musici,
691 1056 856 1130 quaerentis
885 1053 922 1115 de
952 1052 1033 1114 falsis
1062 1054 1192 1132 ipsorum
1215 1052 1491 1133 speculationibus?
1526 1051 1611 1115 Certa

269 1139 347 1212 idem
375 1158 431 1219 ego
462 1139 566 1203 sentio.
609 1139 762 1202 Hactenus
791 1140 910 1219 quidem
937 1142 1028 1203 instar
1053 1144 1186 1202 torrentis
1217 1143 1315 1201 omnia
1343 1141 1477 1202 omnibns
1497 1141 1610 1216 miscui,

271 1245 338 1290 cum
361 1229 460 1289 omnia
480 1227 566 1288 simul
589 1235 780 1290 occurrerent
815 1227 910 1290 Dabis
923 1227 999 1291 hanc
1021 1228 1226 1307 inelegantiam
1248 1235 1336 1306 atque
1358 1227 1425 1289 inde
1446 1235 1612 1290 manantem

269 1315 478 1377 obscuritatem
499 1317 586 1396 genio
608 1334 674 1377 meo
690 1324 719 1376 et
734 1317 938 1395 properationi.
972 1314 1119 1394 Epistulas
1141 1318 1218 1394 enim
1240 1316 1428 1378 transcribere
1450 1316 1517 1378 ideo
1538 1315 1612 1376 mihi

267 1401 386 1466 difficile
413 1410 472 1477 est,
502 1405 573 1480 qnia
599 1401 630 1463 id
656 1403 807 1482 hucusque
834 1406 974 1485 imperare
1000 1404 1072 1465 mihi
1099 1423 1158 1468 uon
1185 1406 1276 1485 potui
1327 1405 1375 1464 Ita
1397 1422 1465 1467 rere
1488 1403 1612 1482 quilibet

268 1479 368 1555 virere
390 1498 482 1569 optat,
505 1492 547 1552 uti
570 1491 749 1554 assuefactus
771 1500 825 1554 est

369 1576 440 1640 Jam
460 1578 612 1660 principali
634 1582 753 1659 negotio
776 1579 912 1659 expedito
934 1581 1061 1642 breviter
1082 1579 1121 1640 ad
1142 1577 1256 1659 aliquot
1272 1581 1413 1661 epistolae
1428 1585 1497 1640 tuae
1514 1581 1612 1658 capita

267 1665 440 1746 respondeo.
483 1666 663 1730 Harmonice
689 1668 873 1748 planetarum
898 1672 992 1730 motui
1018 1668 1121 1745 objicis
1144 1666 1366 1748 discrepantiam
1387 1685 1571 1730 numerorum
1592 1686 1612 1728 a

270 1753 486 1833 Copemicanis.
543 1753 668 1818 Causam
701 1773 767 1817 eam
793 1757 856 1835 jem
886 1756 999 1836 pridem
1032 1758 1078 1834 egi
1112 1758 1257 1833 capitibus
1286 1757 1400 1835 aliquot
1429 1751 1523 1817 libelli
1552 1756 1612 1816 mei

268 1845 442 1917 (Prodrumi),
464 1849 536 1922 puto
557 1842 603 1918 18,
623 1845 670 1919 19,
692 1842 732 1904 ad
754 1862 829 1922 quas
851 1845 1004 1906 brevitatis
1026 1861 1115 1905 causa
1135 1863 1273 1923 provoco.
1309 1844 1380 1906 Jam
1394 1852 1424 1907 et
1438 1842 1611 1906 auctoritate

266 1947 314 1994 me
338 1928 502 1994 delendam.
546 1931 661 1991 Etenim
683 1947 749 1991 cum
770 1933 790 1991 ii
813 1933 938 2008 numeri,
969 1933 1019 2009 qui
1047 1937 1116 1993 sunt
1142 1934 1172 1991 iu
1194 1932 1295 1995 libello
1317 1951 1383 1995 meo
1406 1951 1470 2014 cap.
1494 1933 1545 2006 20,
1568 1931 1607 1990 21

267 2036 305 2092 ex
324 2020 457 2082 motibus
478 2021 617 2094 annunti,
639 2017 756 2097 longius
778 2019 876 2084 adhuc
901 2018 1067 2082 recederent
1088 2037 1107 2079 a
1129 2018 1305 2099 copemico,
1332 2021 1487 2082 noluemnt
1512 2025 1609 2080 tamen

269 2106 396 2170 artifices
420 2103 577 2168 'theorema
603 2124 701 2170 meum
731 2108 862 2185 rejicere,
892 2116 1057 2185 sperantes,
1089 2105 1150 2168 iore
1172 2116 1205 2170 ut
1226 2108 1404 2171 concilietur.
1452 2105 1522 2169 Jam
1543 2122 1611 2167 oum

268 2195 396 2256 habeam
425 2211 560 2255 numeros
588 2193 681 2255 multo
712 2199 876 2275 propiores,
906 2194 999 2257 multo
1029 2197 1117 2257 etiam
1147 2198 1287 2276 maJorem
1314 2215 1397 2277 spem
1418 2195 1551 2275 concipio
1573 2193 1610 2256 de

270 2282 427 2352 cuncordia
448 2300 515 2346 cnm
535 2284 737 2344 astronomicis
759 2284 1013 2348 observationibus
1033 2284 1198 2347 sancienda.

354 2368 470 2432 Deinde
491 2374 660 2450 suspectum
680 2370 773 2434 habes
795 2369 938 2450 quidquid
951 2391 970 2433 a
984 2373 1072 2450 priori
1095 2390 1132 2434 ex
1152 2375 1318 2452 suspicione
1339 2375 1437 2453 potins
1457 2370 1608 2451 accipitur,

265 2475 355 2536 quem
385 2455 607 2520 demonstratur.
651 2457 781 2520 Primum
811 2462 926 2540 opinor,
959 2478 1047 2539 snpra
1075 2463 1322 2540 propositionibus
1353 2460 1466 2539 aliquot
1494 2459 1520 2520 si
1548 2475 1609 2519 nou

264 2543 495 2624 adamantinam,
518 2553 549 2610 at
571 2552 668 2630 tamen
690 2555 768 2608 certo
791 2549 914 2628 proponi
937 2546 1223 2624 demonstrationem,
1248 2567 1324 2627 quae
1345 2567 1412 2610 cum
1434 2553 1531 2610 careat
1552 2542 1608 2606 ad·

264 2638 393 2696 samario
415 2641 595 2712 argumento,
618 2651 670 2710 per
690 2651 723 2695 se
744 2642 811 2697 stat.
856 2635 970 2696 Deinde
993 2654 1052 2698 nou
1075 2638 1167 2697 omnis
1189 2639 1317 2716 suspicio
1339 2637 1414 2698 lalsa
1435 2641 1487 2697 est
1531 2633 1607 2694 Nem

262 2722 351 2788 homo
375 2724 537 2806 estimago
560 2720 716 2784 conditoris
739 2722 858 2801 fierique
873 2731 979 2801 potest,
1002 2725 1085 2785 utin
1108 2725 1283 2802 quibusdam
1304 2725 1391 2786 rebus
1413 2723 1452 2785 ad
1473 2728 1607 2783 ornatum

263 2808 364 2872 mundi
385 2808 558 2872 iacientibus
579 2808 690 2870 homini
711 2809 790 2872 idem
812 2808 958 2887 videatur,
989 2813 1068 2890 qnod
1089 2814 1165 2877 Deo.
1209 2814 1285 2875 Nam
1305 2803 1431 2876 mundns
1453 2812 1608 2891 participat

264 2900 442 2977 quantitate,
466 2907 496 2960 st
517 2915 600 2959 mons
621 2896 747 2959 hominis
769 2896 825 2980 (res
847 2902 1084 2979 supramnndana
1104 2902 1136 2964 in
1156 2897 1276 2983 mundo)
1297 2902 1369 2963 nihil
1391 2902 1497 2963 rectius
1519 2899 1608 2960 intel·

262 2984 346 3065 ligii,
375 3003 464 3063 quam
493 2988 573 3065 ipsae
603 2988 794 3062 quantitates,
826 2989 1147 3069 qulbuspercipiendis
1168 2989 1262 3053 iactus
1285 2990 1376 3051 rideri
1398 2994 1504 3066 potest.
1547 2980 1608 3047 Sed

264 3080 295 3135 et
315 3072 364 3137 hic
385 3073 457 3135 mihi
478 3074 608 3152 suppetit
629 3078 831 3141 anctoritatem
852 3095 889 3139 ex
911 3076 1046 3155 Timaeo,
1070 3078 1120 3138 uhi
1141 3079 1320 3154 aestimatur,
1342 3082 1438 3140 motus
1460 3074 1608 3138 coelorum

264 3163 350 3225 cerlis
373 3165 466 3241 loyorc
486 3160 690 3223 administrari.

355 3248 454 3324 Locos
476 3250 631 3312 musicales
652 3257 764 3328 septem
785 3269 874 3313 sensu
895 3250 1034 3329 deprendi
1053 3253 1116 3329 jam
1134 3253 1266 3330 probari,
1289 3254 1351 3313 sirs
1373 3252 1471 3331 potius
1492 3250 1607 3327 monui3

262 3342 293 3399 et
305 3337 332 3399 si
346 3336 439 3401 addes
455 3337 610 3400 verborum
624 3341 830 3414 geometricam
846 3339 1092 3415 dilucidationem,
1115 3341 1238 3421 probavi
1252 3340 1414 3403 rationibus
1429 3340 1605 3403 certissimis.
1661 3386 1664 3397 .

261 3423 321 3489 Hic
351 3442 469 3505 quoque
498 3423 694 3504 provocoad
723 3426 1092 3504 caput10.libcllimei.
1146 3428 1181 3488 In
1208 3431 1338 3506 margine
1359 3418 1467 3491 rideris
1489 3429 1605 3502 sentiro,
1673 3426 1713 3453 ·’

262 3510 386 3577 educere
413 3531 460 3575 me
486 3520 598 3591 septem
626 3513 792 3576 harmonias
821 3532 858 3576 ex
884 3522 998 3594 septem
1025 3515 1185 3578 intervallis
1212 3516 1299 3579 nnius
1321 3522 1369 3578 dm
1391 3538 1498 3586 raons,
1528 3513 1607 3575 uude

261 3599 314 3662 illa
328 3607 435 3667 octava
449 3600 561 3671 dicitur,
583 3608 629 3671 nt,
656 3598 698 3670 G,
720 3604 764 3679 A,
788 3603 820 3677 h,
843 3621 872 3678 c,
896 3602 933 3683 d,
954 3622 984 3681 c,
1005 3604 1037 3682 f,
1059 3623 1094 3680 93
1121 3604 1254 3679 minime3
1277 3601 1329 3665 sed
1345 3602 1498 3666 intervalla
1512 3600 1605 3664 educo

261 3706 299 3750 sx
319 3687 478 3753 harmoniis
498 3686 587 3765 idque
604 3688 783 3751 naturaliter.
813 3688 850 3750 Et
873 3695 941 3751 sunt
963 3692 1106 3767 quaedam
1127 3690 1290 3763 intervalla,
1312 3710 1370 3752 uon
1386 3690 1470 3772 plura
1484 3696 1605 3769 septem,
1660 3738 1669 3753 ,

260 3776 287 3836 si
317 3778 383 3852 quis
403 3777 441 3838 ah
464 3777 523 3839 irua
544 3774 583 3837 ad
604 3794 747 3839 summam
768 3776 884 3840 incedat
905 3778 1035 3841 canendo
1058 3798 1110 3858 per
1131 3782 1230 3841 omnia
1257 3779 1368 3841 media:
1407 3778 1459 3841 sed
1488 3786 1607 3858 propter

261 3864 455 3927 variationem
478 3872 581 3927 cantus
602 3863 666 3924 duri
687 3872 717 3925 et
737 3863 834 3927 mollis
856 3867 1011 3928 intervalla
1031 3866 1104 3927 liunt
1126 3865 1294 3939 duodecim,
1321 3869 1434 3937 termini
1456 3867 1605 3938 tredecim,

260 3949 383 4015 totidem
405 3959 478 4028 quot
498 3953 529 4012 in
551 3951 748 4014 alarichordio
770 3952 870 4014 clares
890 3957 991 4032 nigrae
1013 3961 1043 4016 et
1065 3953 1159 4030 albae,
1182 3954 1234 4017 sed
1256 3974 1307 4034 per
1328 3974 1402 4034 qnos
1423 3973 1482 4016 non
1505 3972 1605 4016 omnes

261 4054 321 4099 nna
349 4040 415 4100 rica
443 4040 478 4101 iri
507 4037 638 4101 canendo
666 4047 763 4118 potest
783 4057 819 4104 ex
850 4042 960 4105 ordine.
1004 4039 1064 4105 Sed
1092 4049 1158 4105 utut
1184 4044 1302 4121 habeat,
1332 4043 1406 4105 nibil
1437 4042 1504 4106 inde
1533 4060 1604 4105 saue

260 4126 393 4203 sequitur
413 4143 469 4187 nec
489 4143 607 4189 necesso
630 4134 683 4190 est.

365 4202 504 4289 Quberis,
534 4217 560 4276 si
587 4231 762 4279 recenseam
783 4220 932 4293 octavam,
963 4235 1014 4279 our
1034 4234 1094 4278 non
1115 4224 1146 4279 et
1167 4218 1384 4297 quadruplam?
1428 4216 1552 4283 Omnino
1575 4225 1605 4279 et

260 4298 444 4379 quadriplam
467 4301 593 4363 adhibeo
616 4310 733 4383 propter
754 4304 819 4382 ejus
839 4304 951 4366 sociam
972 4307 1203 4381 sesquitertiam,
1225 4315 1258 4368 ut
1274 4294 1369 4393 ‘snpra
1390 4305 1459 4366 dixi.
1503 4303 1553 4367 Sic
1575 4310 1605 4367 st

260 4388 376 4466 triplam
405 4388 511 4453 admisi
538 4408 665 4468 semper,
697 4401 815 4470 propter
844 4395 955 4475 sociam
983 4392 1205 4470 sesquialteram
1230 4395 1266 4480 ξ,
1292 4413 1373 4472 ,quaa
1403 4394 1478 4455 duae
1506 4394 1604 4455 sociae

130 4548 133 4557 y
259 4495 373 4556 semper
391 4477 516 4556 junctim
538 4480 716 4541 constituunt
738 4486 797 4540 tres
819 4473 907 4557 ὅρους
929 4484 1014 4559 λογον
1035 4480 1137 4553 solidi,
1165 4490 1225 4544 tres
1247 4483 1413 4543 harmonias
1435 4482 1604 4543 harmoniae

259 4564 373 4644 plenae.
406 4566 448 4627 nt
469 4566 617 4645 octuplam
631 4574 660 4628 et
673 4564 859 4645 sedecuplam
879 4566 947 4630 ideo
968 4586 1028 4630 uon
1049 4572 1180 4642 admitto,
1203 4573 1273 4648 quia
1294 4588 1353 4630 non
1375 4570 1485 4631 habent
1507 4568 1605 4631 socias
1702 4646 1709 4659 ·

259 4651 335 4715 inira
352 4659 496 4727 octavam,
518 4662 552 4717 ut
573 4658 603 4714 in
624 4655 776 4719 harmonia
796 4653 891 4733 plena.
936 4653 1099 4721 Unisonnm
1121 4676 1190 4719 vero
1213 4657 1352 4719 admitto:
1383 4656 1436 4721 sed
1458 4657 1604 4719 interdum

259 4758 318 4799 non
340 4758 490 4816 recenseo,
520 4744 590 4818 quia
611 4742 682 4807 mihi
704 4743 741 4805 ds
763 4743 993 4806 demonstrandis
1015 4762 1110 4807 sermo
1132 4753 1187 4808 est
1231 4744 1289 4806 Hic
1317 4764 1387 4807 vero
1414 4746 1603 4824 aequalitatis

258 4827 343 4906 logos
364 4846 425 4895 uon
446 4828 666 4908 demonstratur,
686 4830 739 4893 ssd
759 4834 882 4897 sumitur
905 4835 1054 4896 et·sensni
1074 4840 1164 4915 patet.
1202 4833 1260 4895 Gur
1274 4842 1373 4895 autem
1392 4835 1423 4895 in
1437 4841 1486 4897 dra
1501 4856 1604 4897 neone

258 4910 374 4986 desinat
393 4935 529 4983 numerus
550 4918 778 4999 harmoniarum,
807 4938 898 4984 musa
917 4921 991 4986 haec
1012 4928 1070 4997 cst,
1102 4922 1173 5001 quis
1200 4920 1389 4985 desumuntur
1410 4941 1448 4989 ex
1469 4925 1602 4987 sectione
