3567 5625
689 438 772 496 Liber
788 441 836 497 Ili
856 442 945 513 capnt
961 445 1009 499 lx.
1460 451 1524 512 375

171 606 319 674 lammam,
342 612 508 680 sesqnadms
528 622 634 670 aarum
657 615 776 686 ιιιοΙιιι,
806 617 957 687 mundns
978 626 1084 676 sextam
1102 620 1210 690 duram,
1241 635 1310 688 quas
1325 620 1525 678 itemnttaoet

172 688 346 745 Ptolemscm
372 689 443 757 (ritis
469 693 521 747 iras
548 693 626 749 binas
651 704 679 750 st
704 696 782 752 binas
805 698 834 752 in
861 699 975 768 manda
1002 697 1187 754 schematibus
1214 698 1326 755 musicis
1353 700 1523 768 coniunctas,

170 767 280 823 libili
299 783 358 839 cap.
378 771 427 838 2),
445 777 475 825 at
492 786 548 827 non
565 788 712 842 possum
730 792 764 830 ex
783 777 885 831 monio
904 777 962 833 solo
981 780 1040 832 sine
1058 791 1110 832 usu
1128 775 1262 832 dotorum
1275 777 1441 834 axiomatum
1460 797 1523 836 cau·

171 864 217 903 aas
235 849 389 916 emendare,
408 865 462 914 cur¹
473 851 542 906 baec
558 852 668 908 residua
685 864 836 909 comment
853 855 921 926 sola,
940 856 1045 926 reliqua
1063 872 1116 911 uon
1133 862 1292 922 consonent,
1311 855 1411 912 illaesis
1430 858 1458 911 in
1470 858 1523 914 ior-

172 926 271 982 mando
289 939 402 996 mpeatu
415 930 525 997 iuribus
542 941 742 1000 segnenmmm
760 933 890 1006 ipsorum,
909 951 1024 1003 quornm
1042 941 1108 989 sunt
1127 933 1245 988 residua.
1280 933 1338 989 Nec
1356 935 1426 989 enim
1445 936 1462 989 7
1481 950 1524 989 oc·
1587 963 1593 980 ι

171 1013 251 1061 uvae
267 1017 433 1078 conanum,
455 1013 539 1066 neci
559 1011 602 1066 sel
619 1013 636 1067 9
655 1011 787 1074 dedmae,
812 1026 864 1067 nec
881 1016 899 1068 '1
917 1014 960 1067 vel
980 1016 1008 1069 li
1030 1012 1218 1079 duodecimae,
1243 1013 1365 1079 quamvis
1384 1027 1438 1068 una
1456 1015 1523 1069 duo

172 1081 277 1140 danna
295 1093 323 1142 et
340 1087 369 1142 in
386 1089 464 1144 coeio
481 1095 510 1144 et
526 1091 555 1145 in
572 1091 677 1146 musica
693 1091 730 1147 sit
746 1090 946 1159 efficamssimm
966 1093 1079 1149 seorsim
1098 1094 1151 1147 hee
1162 1107 1262 1148 musae
1277 1102 1342 1148 sunt
1352 1092 1524 1162 indagandas

170 1172 249 1218 extra
265 1165 360 1221 circuli
379 1167 478 1223 nudam
499 1170 691 1239 geometricam
708 1171 951 1228 considmsu'osam
970 1174 1033 1236 (etsi
1044 1188 1099 1228 son
1112 1173 1171 1227 siaa
1183 1175 1227 1239 ea)
1245 1172 1317 1226 intra
1327 1170 1426 1226 limites
1436 1169 1524 1240 ipsius

172 1240 352 1312 harmonicas,
371 1251 401 1300 nt
417 1249 524 1315 prolixe
542 1249 648 1304 ostendi
667 1247 736 1304 libro
747 1249 792 1303 IV.
811 1265 869 1319 cap.
883 1255 908 1306 o.
944 1251 1003 1306 Neo
1015 1252 1160 1320 quicquam
1173 1267 1223 1306 nos
1235 1249 1524 1317 Ptolemaicaejuuant

172 1323 392 1391 comparationes
409 1341 495 1396 eoque
513 1327 662 1383 meandum
680 1343 769 1383 rerum
788 1334 912 1384 saturam
931 1345 985 1388 uon
1004 1337 1077 1385 sunt.

259 1418 333 1475 Nota
351 1420 394 1474 IV.
431 1423 502 1490 Quid
526 1423 599 1492 qnod
622 1425 673 1479 sibi
695 1425 747 1494 ipsi
773 1426 934 1482 adversatur
956 1425 1143 1481 Ptolemaeus:
1170 1427 1217 1495 qul
1243 1441 1305 1479 cura
1328 1425 1411 1494 priori
1426 1425 1525 1496 ¹capite

173 1497 325 1565 perfectum
350 1507 470 1569 systema
487 1500 601 1556 duorum
621 1502 753 1572 diapason
776 1512 962 1573 comparasset
982 1506 1034 1559 tati
1051 1505 1177 1570 zodiaco,
1200 1504 1307 1572 singula
1330 1504 1434 1560 sdlioet
1450 1502 1542 1558 illius¹

174 1574 306 1645 diapason
324 1578 439 1647 singmis
456 1581 539 1651 hujus
557 1582 747 1652 semicirculis,
769 1583 827 1650 jam
845 1584 1038 1638 consonantias
1062 1583 1162 1653 pamas
1186 1582 1225 1637 sic
1246 1581 1432 1637 accommodat
1449 1598 1525 1638 arcu·

175 1656 234 1723 bus,
253 1662 284 1709 ut
300 1658 430 1714 acutioris
448 1659 556 1728 quidem
575 1659 708 1730 diapason
727 1677 845 1730 congrue
863 1662 1036 1732 applicentur
1048 1664 1073 1732 6,
1093 1662 1118 1730 4,
1136 1662 1152 1717 3
1170 1662 1254 1730 signis
1266 1663 1345 1716 unius
1357 1661 1526 1728 semicirculi,

174 1741 204 1787 st
220 1734 351 1801 mariana
369 1736 501 1806 diapason
519 1740 627 1809 cogitur
644 1739 773 1795 exhibere
791 1742 818 1794 in
839 1741 878 1809 12,
897 1742 922 1806 8,
940 1743 958 1796 6
975 1742 1067 1810 signis.
1086 1755 1246 1811 comparans
1261 1740 1318 1808 jam
1336 1732 1450 1797 alterum
1470 1739 1525 1796 dia·

174 1827 260 1880 meon
278 1816 331 1869 toti
348 1816 457 1872 circulo.
494 1817 598 1886 Quodsi
616 1822 697 1894 etiarn
716 1820 830 1874 eundem
848 1822 993 1876 terminum
1010 1823 1140 1890 majorem
1162 1822 1270 1892 utrique
1288 1821 1526 1876 consonantiarum

174 1890 320 1959 primarum
339 1903 449 1966 statuat,
469 1905 500 1950 ut
517 1913 555 1952 ae.
575 1907 649 1953 recte
667 1915 728 1953 cum
747 1899 902 1968 aspectibus
920 1899 1044 1955 simfliter
1060 1902 1225 1971 comparatis
1242 1899 1393 1969 comparari
1412 1900 1525 1970 possint,

175 1978 241 2026 tunc
257 1988 293 2027 ne
310 1973 479 2030 diatessmm
498 1975 606 2043 quidem
625 1977 653 2030 in
671 1977 798 2044 angustia
817 1978 897 2032 unius
915 1980 1078 2035 semicirculi
1095 1988 1188 2050 potest
1202 1979 1317 2036 ostendi.
1353 1979 1391 2034 Et
1408 1978 1545 2047 omnino,.

175 2057 206 2104 nt
224 2052 261 2105 sit
278 2055 395 2121 gunsina
413 2056 554 2124 numasque
572 2056 802 2124 repraesentatio,
827 2064 892 2111 tono
912 2074 951 2111 sc.
970 2056 1108 2127 differens,
1125 2075 1181 2115 non
1199 2059 1279 2114 aliter
1300 2057 1407 2113 institui
1424 2064 1525 2128 potest,

175 2144 256 2198 quam
273 2132 347 2187 inter
367 2134 406 2202 12,
426 2135 451 2202 9,
468 2137 487 2192 8
504 2136 590 2206 signa,
610 2149 747 2204 occupans
764 2141 854 2190 toturn
872 2136 1015 2206 cuculum
1040 2154 1102 2192 cnm
1119 2145 1211 2194 manen
1229 2138 1313 2207 priori
1330 2137 1420 2207 capite
1438 2137 1527 2206 majus

174 2206 216 2277 iis,
234 2208 376 2280 diapason,
394 2213 532 2269 redactum
551 2216 667 2270 essetis
685 2215 892 2270 semicirculum.

262 2306 334 2362 Nota
352 2309 385 2364 V.
421 2311 453 2365 lu
470 2311 523 2367 hac
540 2312 600 2379 ipsa
618 2328 682 2365 vero
700 2328 730 2367 re
748 2313 894 2381 praecipue
906 2312 1089 2368 hallucinatur
1101 2304 1168 2370 haec
1181 2314 1356 2383 comparatio,
1376 2314 1449 2383 quod
1461 2320 1527 2370 tono

177 2391 255 2452 aptat
272 2388 379 2442 nuciam
399 2389 498 2443 circuli.
535 2391 602 2445 Cum
620 2391 690 2446 enim
709 2392 736 2445 iu
754 2391 806 2444 hoc
825 2399 957 2460 vomatur,
976 2398 1007 2446 ιιι
1024 2408 1104 2448 arcus
1123 2394 1264 2450 abeodem
1277 2397 1380 2463 puncto
1397 2391 1526 2461 iucipien-

177 2471 218 2517 tes
236 2464 387 2522 intersailis
405 2469 515 2523 musicis
533 2480 621 2539 aptet,
642 2471 709 2524 haec
724 2469 780 2538 jam
800 2470 881 2524 urscia
899 2470 991 2525 circuli
1009 2487 1180 2541 nequaquam
1203 2469 1373 2534 s,communi
1393 2469 1526 2539 principio

176 2559 237 2598 cum
256 2547 353 2601 ceteris
371 2549 533 2617 comparatis
551 2548 653 2616 incipit,
673 2546 721 2603 sed
738 2548 811 2602 inter
828 2549 896 2603 tinas
915 2549 1029 2603 duorum
1048 2564 1158 2605 monum
1177 2551 1274 2606 tertiae
1292 2557 1321 2605 ct
1336 2554 1450 2617 quartae
1465 2562 1526 2615 par·

176 2624 210 2676 tis
228 2623 351 2692 interest,
371 2643 418 2680 scu
438 2626 541 2696 ponus,
567 2632 598 2682 ut
615 2626 755 2696 proportio
773 2627 965 2695 sesquioctava
987 2628 1015 2682 in
1033 2628 1086 2684 hoc
1110 2631 1228 2699 spectari
1247 2629 1348 2700 possit,
1370 2627 1442 2684 iuter
1459 2627 1526 2681 flues

176 2702 258 2756 trium
276 2713 433 2771 quartarum
452 2714 479 2760 et
498 2705 612 2761 duarum
630 2707 771 2762 tanarum
790 2715 929 2776 censetur,
957 2724 996 2765 sc.
1015 2724 1145 2764 excessus
1169 2715 1211 2763 est
1232 2706 1306 2762 illius
1323 2719 1417 2761 novem
1437 2704 1527 2773 signo·

175 2799 235 2837 rum
253 2798 336 2854 snper
353 2786 427 2844 hunc
444 2789 462 2843 8
478 2787 623 2857 signorum.
661 2786 763 2854 Quodsi
783 2785 971 2842 consideretur
988 2786 1056 2841 baec
1074 2787 1154 2842 uncia
1177 2791 1208 2841 at
1226 2799 1355 2842 excessus
1374 2783 1454 2840 unius
1472 2790 1526 2837 ter

175 2861 229 2916 tiae
253 2863 280 2927 (4
305 2865 452 2935 signorum)
479 2882 561 2937 super
584 2881 664 2921 uuam
682 2876 806 2936 quartam
830 2869 978 2935 (signorum
997 2868 1032 2938 3),
1062 2883 1133 2936 quaa
1157 2870 1274 2937 genuina
1293 2868 1353 2936 ejus
1377 2881 1412 2920 on
1430 2863 1525 2920 circuli

175 2942 309 2998 dirisiosm
326 2945 506 3001 consideratio
525 2955 578 3015 est,
599 2946 656 3014 jam
675 2946 754 3000 uncia
772 2962 826 3000 non
845 2954 923 3014 tono,
945 2947 995 3001 sed
1011 2947 1118 3017 integro
1143 2945 1312 3002 diatessaron
1335 2939 1525 3014 applicabitur,

175 3021 240 3091 qais
257 3022 328 3077 inter
345 3024 477 3094 diapason
496 3025 668 3094 cpidiapente
685 3032 713 3079 et
726 3023 901 3096 disdiapason
919 3027 1033 3080 interest
1046 3024 1225 3082 diatessaron.
1260 3025 1355 3082 Dicam
1368 3039 1434 3078 vero
1446 3023 1528 3094 longe

176 3102 345 3157 absurdiora.
381 3104 552 3160 Ptolemaeus
570 3105 610 3159 sic
628 3103 750 3158 nominat
768 3104 875 3159 unciam
894 3105 980 3159 totius
999 3104 1103 3175 circuli,
1131 3106 1202 3161 sicut
1221 3112 1282 3159 octo
1301 3105 1379 3175 sigua
1396 3109 1460 3158 sunt
1478 3103 1526 3158 bea

176 3181 299 3249 ejusdem
318 3185 416 3253 totius,
444 3192 472 3239 et
490 3185 560 3237 siem
577 3198 673 3238 novem
697 3182 776 3251 signa
794 3181 929 3251 dodrans,
954 3182 1000 3238 ille
1025 3183 1152 3253 diapente
1170 3184 1250 3247 dans,
1276 3183 1322 3237 iric
1347 3182 1525 3247 diatessaron,

176 3266 262 3328 utque
279 3259 315 3314 ad
333 3262 404 3318 hanc
423 3262 573 3330 sumariam
592 3262 673 3316 numa
691 3260 765 3316 dabit
783 3259 1159 3333 trisdiapasoncpidiapente.
1196 3266 1257 3321 Non
1280 3264 1362 3332 igitur
1379 3263 1472 3330 rancia,
1497 3270 1527 3316 ut

177 3337 265 3407 uncia
284 3344 379 3394 tenum
396 3348 592 3411 repraesentat,
610 3341 660 3394 sed
678 3348 708 3395 nt
726 3354 760 3394 eu
776 3339 889 3394 involvit
901 3341 1131 3410 comparationem
1145 3350 1206 3398 octo
1219 3344 1356 3411 signorum
1368 3357 1429 3396 cnm
1442 3339 1527 3407 signis

178 3430 283 3480 norem,
302 3416 329 3471 id
348 3426 390 3473 mt
408 3420 610 3489 proportionem
628 3418 853 3488 sesquioctavam.
889 3418 943 3473 Est
960 3426 988 3472 et
1011 3435 1111 3491 scopus
1133 3423 1259 3490 vitiosus,
1285 3421 1418 3489 adquam
1440 3416 1528 3473 tendit

178 3492 247 3551 haec
264 3500 446 3569 comparatio,
465 3509 496 3555 nt
514 3514 565 3569 sc,
583 3500 654 3554 siem
672 3497 805 3569 diapason
823 3498 852 3552 in
870 3498 1003 3553 concinna
1021 3508 1064 3553 est
1082 3500 1230 3569 diuiduum,
1255 3514 1325 3567 qnae
1342 3503 1407 3553 suut
1424 3498 1481 3551 toni
1499 3503 1528 3550 et

179 3574 332 3647 semitonia,
351 3579 391 3634 sic
408 3580 489 3636 etiam
507 3580 625 3636 arculus
642 3578 785 3635 dividatur.
822 3578 891 3634 Nam
910 3576 934 3631 sl
951 3577 1000 3645 sic,
1017 3586 1082 3633 tuuc
1100 3579 1192 3647 positu
1209 3578 1275 3643 toni,
1296 3576 1352 3632 alto
1370 3575 1413 3630 vcl
1432 3572 1528 3630 humili

180 3654 318 3725 (respectu
344 3660 494 3728 gramssimi
513 3660 582 3729 soni)
600 3661 759 3714 minuuntur
776 3657 818 3711 vel
836 3662 971 3725 augentur
988 3657 1172 3727 proportionis
1190 3657 1298 3711 tonicae
1322 3654 1528 3733 sesquioctavae

178 3735 293 3801 termini,
311 3752 395 3807 quare
413 3746 441 3793 et
459 3755 552 3793 eornm
570 3753 706 3793 excessus.
743 3736 826 3791 Verbi
843 3751 934 3802 causa,
952 3751 1081 3791 exemtus
1099 3738 1151 3792 iste
1169 3751 1264 3790 norem
1288 3734 1425 3802 signorum
1445 3746 1529 3800 supra

178 3813 268 3885 &qui
286 3825 329 3873 est
347 3820 427 3873 uncia
444 3818 544 3886 circuli,
564 3817 718 3886 applicatur
736 3834 753 3870 a
771 3814 927 3869 Ptolemaeo
946 3821 1011 3869 torro
1028 3813 1078 3884 illi,
1105 3814 1151 3884 qui
1170 3822 1297 3884 quartum
1315 3811 1420 3866 obtinet
1437 3811 1527 3866 locum

178 3897 333 3963 symematis
358 3911 375 3951 a
396 3912 462 3952 voce
487 3897 646 3965 gravissima
663 3909 756 3950 versus
775 3902 890 3949 acuam.
927 3894 964 3947 At
989 3893 1013 3947 si
1030 3909 1159 3962 quaeras,
1185 3890 1226 3946 illi
1251 3898 1330 3959 tono,
1355 3891 1401 3958 qui
1424 3889 1529 3944 obtinet

177 3972 261 4028 imum
280 3975 434 4042 systematis
452 3974 554 4039 locurn,
578 3980 680 4045 quanta
698 3974 787 4043 portio
806 3974 891 4028 totius
909 3973 1088 4043 respondeat,
1112 3972 1161 4028 illa
1178 3987 1231 4026 non
1247 3972 1304 4039 jam
1321 3969 1373 4024 erit
1391 3967 1471 4023 unma
1486 3974 1528 4023 to·

180 4051 243 4122 tius,
262 4054 311 4109 sed
328 4055 409 4123 longe
427 4054 520 4121 major,
540 4051 644 4107 scilicet
656 4052 737 4121 plane
749 4068 813 4120 pars
825 4066 898 4108 nona
910 4052 1003 4108 totius.
1039 4052 1130 4122 Quare
1142 4051 1237 4107 (liviam
1248 4048 1353 4105 caduci
1364 4047 1393 4101 in
1404 4046 1530 4115 aequalia

184 4134 214 4185 12
232 4133 301 4189 nihil
320 4149 461 4190 commune
485 4133 568 4187 habet
585 4148 645 4186 cum
664 4131 796 4187 divisione
823 4133 955 4201 diapason
977 4133 1004 4186 in
1029 4130 1161 4186 concinna
1181 4126 1336 4195 intervalla,
1364 4134 1396 4180 nt
1412 4139 1483 4194 quse
1501 4130 1530 4179 et

180 4211 273 4279 specie
290 4213 420 4270 differam
438 4221 466 4268 et
484 4229 534 4282 pro
553 4209 703 4265 altitudinis
721 4210 827 4265 ratione
845 4218 1035 4265 mensurantur
1052 4208 1209 4265 excessibus
1227 4204 1428 4274 inaequalibus,
1447 4203 1528 4259 auam

181 4304 224 4353 aa,
243 4306 315 4360 qnae
333 4300 396 4348 sunt
414 4293 535 4363 ejusdem
554 4292 663 4361 speciei.
971 4292 975 4301 “

267 4391 340 4447 Nota
357 4388 403 4443 vi.
439 4371 553 4445 Frustra
570 4405 634 4457 ergo
653 4388 765 4442 mireum
783 4386 955 4441 Ptolemaeus
973 4382 1199 4455 conspirationem
1227 4388 1339 4436 natiuae
1358 4380 1526 4437 conforman-

181 4473 214 4525 tis
233 4471 479 4541 distinguentisque
497 4466 637 4522 zodiacum
656 4468 682 4520 in
703 4468 734 4522 12
753 4466 832 4535 signa
851 4480 911 4518 cum
930 4470 1026 4518 natura
1043 4461 1271 4525 harmonicorum,
1291 4459 1463 4531 existimans,
1483 4477 1527 4516 aa·
1615 4487 1620 4498 ·

183 4562 268 4605 turam
281 4549 351 4606 coeii
360 4548 557 4618 dispositricem
575 4546 661 4600 ideam
676 4544 873 4600 distributionis
892 4540 1075 4598 duodenariae
1098 4558 1132 4596 ex
1151 4554 1277 4595 mensura
1295 4539 1450 4609 systematis
1468 4556 1528 4609 per-

184 4631 261 4698 fecti,
285 4642 355 4698 quae
377 4626 549 4682 contineatur
574 4626 600 4677 in
621 4624 652 4677 12
670 4624 753 4692 tonis,
773 4622 946 4677 desumsisso.
982 4622 1051 4675 Nam
1075 4621 1161 4689 primo
1184 4634 1290 4674 rursum
1316 4618 1411 4674 eodem
1430 4626 1529 4675 conatu

184 4708 317 4762 contraria
335 4704 456 4774 molitur,
475 4722 536 4759 nam
556 4712 584 4755 et
602 4702 656 4756 duro
675 4702 805 4770 diapason
824 4703 979 4770 systematis
997 4700 1110 4771 perfecti
1129 4707 1320 4768 comparantur
1338 4714 1398 4752 cum
1417 4697 1527 4769 cuculo,

182 4794 215 4841 nt
231 4786 320 4856 capite
338 4783 435 4853 priori,
454 4793 482 4837 et
499 4782 538 4837 sic
556 4780 698 4850 quodlibet
715 4796 775 4834 cum
794 4779 962 4835 semicirculo
981 4790 1009 4833 ιι
1026 4776 1105 4833 simul
1130 4778 1184 4833 duo
1203 4791 1283 4832 arcus
1301 4776 1394 4831 circuli
1412 4777 1527 4846 maiores

186 4862 367 4933 semicirculo,
391 4861 490 4933 singuli
508 4860 587 4918 relati
606 4860 639 4917 ad
658 4866 757 4929 totum,
778 4864 969 4933 comparantur
986 4856 1079 4933 primis
1097 4855 1260 4928 harmoniis,
1284 4853 1347 4930 quia
1366 4870 1458 4915 eorum
1477 4854 1527 4912 dil·
