3567 5625
664 394 746 453 muer
764 397 812 453 ru.
833 398 922 468 caput
937 397 1001 453 ru·
1381 437 1389 452 ,
1432 395 1494 461 ets

153 574 409 659 habentibueW),
432 578 475 637 uti
496 577 703 654 praediximus,
726 585 759 638 ut
780 586 848 640 suut
869 580 945 640 iuter
960 578 1061 638 diviua
1074 577 1192 655 quidem
1214 582 1311 638 motus
1326 575 1497 638 coelestium

38 683 43 694 ¹
154 684 319 745 corporum,
343 667 416 726 inter
438 665 573 726 mortalia
596 684 665 727 voro
687 673 783 726 motus
805 669 931 727 marimo
945 666 1136 727 humanarum
1159 666 1320 724 animorum
1328 661 1403 744 lm),
1427 666 1498 741 quia

155 775 188 817 cx
212 753 286 813 solie
309 751 397 814 dictis
421 754 535 829 utrique
559 755 704 833 competit,
728 762 761 813 ιιι
782 771 841 814 uns
864 773 928 815 cnm
952 756 1044 832 primo
1067 760 1097 814 et
1118 754 1327 831 perfectissimo
1348 760 1444 825 motu,
1467 751 1498 812 id

154 850 197 904 est
227 860 294 902 cum
325 849 408 901 motu
436 838 525 901 locali
552 843 671 919 insuper
701 844 789 902 etiam
811 844 934 902 rationis
962 842 1118 919 participes
1141 837 1288 921 siut¹¹)],
1320 843 1437 900 omniuo
1469 848 1499 901 et

153 932 345 1008 conspicuum
372 928 429 989 hoc
452 935 496 988 est
525 937 555 988 et
577 931 654 989 clere
677 928 871 1005 demonstrat,
903 937 1043 1006 quantum
1066 927 1184 1005 quidem
1215 929 1253 989 ab
1276 927 1392 988 homine
1415 944 1498 988 com-

153 1016 296 1098 prehendi
318 1023 430 1094 potest,
455 1016 549 1075 inesse
573 1018 608 1076 ils
632 1015 851 1094 dispositionem
875 1025 905 1077 et
927 1017 1208 1077 administrationem
1238 1015 1366 1091 aliquam
1391 1032 1498 1075 secun-

154 1104 224 1165 dnm
246 1103 432 1166 harmonicas
453 1120 592 1164 sonorum
614 1106 832 1182 proportiones,
865 1114 899 1164 ut
920 1104 1037 1180 quidem
1069 1104 1167 1163 ridere
1189 1110 1234 1164 est
1255 1119 1307 1181 per
1329 1111 1442 1179 partos,
1473 1103 1498 1161 si

154 1192 339 1269 disputemus
362 1191 398 1251 de
420 1200 544 1266 utroque
566 1208 671 1268 genoe
694 1192 876 1268 singulatim,
899 1193 984 1252 initio
1006 1192 1084 1252 iacto
1106 1192 1145 1252 ab
1167 1190 1228 1266 illo,
1255 1190 1333 1268 quod
1356 1189 1498 1251 humanas

153 1283 270 1340 animas
291 1279 500 1356 complectitur.

238 1379 314 1435 Nota
330 1380 352 1434 1.
390 1379 455 1447 Cap.
474 1378 523 1435 IV.
539 1379 594 1447 jum
613 1377 759 1433 secundem
777 1377 933 1448 aggreditur
951 1378 1149 1449 quaestionem,
1167 1377 1196 1431 iu
1208 1376 1305 1448 quibus
1317 1378 1398 1432 rebus
1416 1373 1500 1434 insint

153 1458 353 1528 proportiones.
389 1457 453 1526 Ipse
472 1455 591 1527 appellat
608 1479 654 1528 spo
671 1478 718 1511 τοι
735 1458 900 1530 ἡρμοιμινου
918 1461 1040 1525 maure,
1058 1471 1128 1525 quse
1141 1471 1193 1511 rox
1209 1455 1359 1524 emphatice
1376 1456 1443 1512 satis
1461 1458 1499 1512 al·
1593 1489 1599 1508 ι

154 1537 224 1591 ludit
241 1536 278 1591 ad
294 1537 368 1606 ipsas
386 1538 584 1606 proportiones,
602 1553 657 1592 nou
675 1537 710 1592 ad
728 1535 886 1592 facultatem
904 1537 1010 1605 mentis,
1030 1550 1099 1604 quae
1117 1533 1150 1589 iis
1169 1542 1200 1589 ut
1217 1533 1325 1602 objecto
1344 1550 1374 1590 se
1391 1544 1500 1591 exercet

153 1617 241 1686 iisque
265 1625 295 1671 ut
318 1617 466 1688 archetypo
494 1616 578 1673 utitur
605 1617 639 1672 ad
665 1615 864 1672 efformandum
887 1615 996 1685 aliquod
1021 1614 1180 1683 subjectum.
1215 1614 1409 1668 Demonstrant
1426 1613 1500 1669 huno

154 1711 265 1751 sensum
283 1696 357 1751 rotis
375 1704 402 1752 et
420 1696 510 1766 capita
528 1696 713 1766 dicendorum,
734 1695 833 1766 quibus
852 1695 976 1752 omuibus
995 1693 1047 1748 hoc
1066 1694 1133 1763 agit,
1152 1699 1182 1747 ut
1201 1691 1339 1760 ostendat,
1364 1690 1498 1760 quomodo

154 1781 247 1843 partes
266 1772 351 1828 veluti
369 1776 560 1846 subjectorum,
581 1775 614 1830 de
633 1776 730 1845 quibus
749 1783 820 1846 aget,
839 1776 867 1829 in
885 1775 1076 1845 proportiones
1092 1773 1263 1829 harmonicas
1281 1786 1427 1841 earumque
1438 1787 1499 1841 pro·

153 1855 227 1924 prius
246 1853 404 1911 affectiones
422 1855 575 1925 descriptae
592 1858 656 1915 sint.

240 1933 314 1990 Nota
330 1934 366 1989 11.
401 1933 499 2003 Itaque
526 1934 644 1989 cavenda
671 1939 713 1990 est
735 1932 896 2002 ambiguitas
924 1932 996 1986 circa
1020 1931 1153 1985 humanas
1181 1929 1297 1996 animes;
1324 1927 1405 1982 aliter
1431 1925 1503 1981 iuuet

154 2011 261 2068 animae
279 2011 394 2068 facultas
413 2013 581 2082 harmonica,
605 2012 683 2068 aliter
701 2019 799 2067 natura
816 2008 1075 2080 contemperationis
1092 2009 1275 2063 harmonicae:
1297 2008 1351 2076 illa,
1370 2013 1401 2060 ut
1418 2019 1503 2060 causa

153 2107 246 2146 rerum
264 2097 343 2145 extra
360 2092 490 2160 animam,
509 2099 576 2161 puta
593 2096 702 2160 cautum
721 2093 786 2162 ista,
813 2097 844 2146 ut
862 2089 1004 2146 exornatio
1023 2087 1140 2156 ammae,
1159 2093 1288 2155 nuquam
1306 2084 1420 2155 alicujus
1439 2081 1502 2138 sub·

150 2171 225 2241 jetti.
262 2170 305 2224 Dc
323 2166 376 2226 illo'
389 2172 522 2227 hacmnus
540 2178 642 2241 actum,
662 2171 695 2226 de
713 2172 766 2225 hoc
784 2176 880 2238 agetur
897 2169 925 2222 in
943 2166 1129 2236 sequentibus.

240 2250 318 2306 Nota
334 2245 385 2304 ΠΙ.
421 2249 494 2304 Dicit
511 2257 616 2318 autem,
636 2249 738 2316 omnia,
758 2264 827 2319 quae
846 2264 875 2302 se
893 2247 980 2318 primo
998 2251 1120 2313 movent,
1138 2244 1166 2299 in
1185 2261 1215 2299 se
1233 2242 1371 2299 continere
1388 2240 1502 2296 faculta-

154 2333 196 2385 tes
207 2328 260 2383 hus
271 2321 450 2382 harmonicas.
470 2327 568 2384 deinde
579 2329 700 2399 inprimis
714 2328 810 2398 omnia,
830 2343 900 2396 quae
911 2325 1023 2382 rationis
1037 2332 1100 2379 sunt
1112 2321 1266 2392 participia,
1285 2322 1340 2377 hue
1352 2318 1501 2376 referenda.

154 2411 353 2478 Argumentum
370 2406 423 2460 hoe
441 2406 528 2461 solum
546 2421 607 2462 esse
625 2406 732 2463 videtur
749 2406 783 2461 de
800 2406 896 2475 primo,
914 2404 987 2472 quod
1006 2401 1158 2458 necessario
1175 2395 1502 2471 praestantissima‘prae·

154 2485 329 2542 stantissimis
347 2484 515 2541 conveniunt.
549 2484 747 2540 Praestantisrn
766 2492 855 2539 autem
868 2482 1037 2537 harmonicas
1050 2488 1108 2535 toto
1121 2495 1203 2549 opere
1216 2479 1417 2548 demonstrarit,
1436 2475 1502 2531 etin
1547 2501 1552 2510 .

153 2566 288 2637 principio
307 2565 404 2634 capitis
423 2566 447 2620 3.
467 2564 501 2619 ad
518 2571 635 2620 mentem
653 2563 789 2619 raucessit
805 2561 1020 2628 inculcaritque;
1046 2557 1295 2629 praestantiorem
1313 2573 1415 2627 eornm,
1433 2571 1518 2627 qnae·

155 2647 318 2718 principium
335 2652 425 2699 motus
444 2645 471 2698 in
490 2658 520 2700 se
537 2644 603 2714 ipsis
621 2644 737 2713 babent,
756 2648 820 2696 nota
839 2647 882 2695 est
899 2639 973 2708 apud
991 2654 1083 2693 omnes
1101 2636 1294 2707 philosophos,
1316 2650 1431 2706 qnorum
1450 2632 1502 2689 dis·

155 2727 312 2798 putationes
329 2724 402 2778 inter
419 2738 450 2778 se
469 2730 608 2793 comparat
625 2722 780 2779 Macrobius
804 2722 832 2775 in
851 2719 991 2776 Somnium
1008 2717 1142 2788 Scipionis
1161 2715 1196 2770 ad
1213 2714 1302 2769 tinem.
1338 2714 1390 2769 Est
1416 2718 1445 2767 et
1461 2727 1503 2766 ar·

156 2814 314 2876 gumentum
341 2808 451 2857 amoto
468 2801 536 2871 ipso.
572 2801 641 2857 Num
660 2803 750 2856 motus
769 2799 922 2868 subiectum
950 2805 992 2853 est
1010 2796 1155 2865 genuinum
1179 2793 1363 2861 harmonicas,
1390 2798 1418 2847 ιι
1432 2790 1503 2847 haec

156 2885 258 2940 habent
276 2883 366 2954 ipsum
383 2882 465 2937 etiam
483 2880 643 2950 principium
661 2887 749 2945 motus
767 2879 795 2933 in
814 2894 844 2934 se
860 2879 942 2948 ipsis,
971 2879 1063 2933 eadem
1092 2886 1120 2931 ιι
1137 2877 1253 2931 formata
1270 2881 1334 2930 suut
1356 2872 1424 2929 ideis
1442 2888 1503 2942 per·

155 2964 305 3020 sectionum
322 2960 407 3031 ipsius
425 2965 524 3014 motus.
560 2958 589 3013 ili
607 2959 677 3014 enirn
696 2960 735 3014 sic
752 2958 837 3012 motui
856 2964 971 3026 cognata
989 2963 1061 3021 sunt,
1082 2966 1112 3013 ut
1128 2956 1196 3011 fiant
1212 2955 1250 3011 illi
1265 2951 1437 3024 principium:
1455 2966 1504 3006 cur

156 3060 210 3099 non
228 3041 311 3095 etiam
329 3039 368 3095 sic
386 3046 478 3095 essent
495 3038 534 3093 illi
551 3046 679 3109 cognata,
700 3043 730 3093 nt
747 3038 842 3094 iisdem
860 3035 1002 3106 speciebus
1021 3037 1076 3093 sint
1093 3036 1220 3105 formata,
1245 3032 1343 3103 quibus
1361 3038 1389 3086 et
1406 3038 1504 3093 motus,

156 3121 179 3177 si
197 3122 268 3177 bene
287 3117 397 3174 formati
414 3124 492 3183 sunt,
510 3117 669 3172 formantur.
896 3136 900 3141 ·

224 3200 279 3254 Pro
298 3197 384 3259 ultam
403 3197 536 3253 radonem
554 3195 664 3252 adducit
680 3195 724 3252 his
743 3195 846 3251 serbis:
871 3201 988 3267 propter
1010 3201 1087 3251 ortus
1105 3196 1292 3265 copemtiorsem
1318 3198 1343 3248 tt
1359 3188 1505 3260 Ῑαιιιιιιιί·

156 3287 247 3339 tutem.
286 3278 314 3334 Si
332 3278 401 3334 ratio
419 3277 610 3349 proportiones
628 3275 796 3332 harmonicas
814 3276 925 3344 invenit,
944 3282 1052 3344 oportet
1071 3281 1098 3328 ιι
1116 3274 1247 3329 rationem
1266 3278 1293 3326 et
1311 3284 1380 3342 quae
1393 3266 1505 3323 rationis

156 3368 220 3415 suut
248 3357 385 3426 compotis
400 3355 628 3427 proportionibus
650 3355 812 3410 harmonicis
839 3354 1007 3409 familiariter
1031 3362 1164 3409 ιοιιιιιιι.
1201 3352 1230 3406 Si
1253 3352 1321 3408 haec
1347 3354 1506 3419 argumenta

155 3440 243 3509 logice
263 3437 457 3505 examinemus,
476 3450 546 3506 pura
563 3434 711 3489 necessitas
732 3450 786 3488 non
803 3440 925 3504 apparet.
962 3433 1139 3490 Potestenim
1152 3431 1273 3487 efficiens
1286 3428 1395 3500 aliquod
1412 3440 1506 3483 creare
1535 3446 1538 3455 ι

156 3515 257 3588 aliquid
276 3528 342 3569 suae
359 3514 486 3584 propriae
505 3512 644 3567 essentiali
662 3510 846 3567 constitutioni
865 3511 1007 3580 dissimile,
1037 3512 1059 3567 si
1078 3511 1174 3566 saltem
1192 3510 1334 3581 conceptui
1354 3524 1405 3563 suo
1422 3506 1505 3562 iaciat
1560 3510 1566 3527 ‘

156 3597 257 3663 simsse3
287 3592 464 3663 probabilitas
491 3596 582 3648 tamen
608 3598 650 3646 est
672 3606 769 3659 magua
787 3590 898 3646 etmihi
923 3605 1030 3660 quoque
1046 3589 1196 3660 respondet
1216 3605 1260 3645 res
1285 3588 1352 3658 ipsa.
1389 3586 1458 3640 Nam
1477 3591 1506 3637 et

157 3675 220 3732 mrhi
240 3674 346 3730 unimus
364 3670 514 3727 formaliter
532 3671 640 3741 quidam
658 3669 741 3724 veluti
760 3670 876 3725 circulus
895 3676 948 3738 est,
972 3685 1006 3724 ex
1017 3668 1103 3739 cujus
1122 3669 1253 3725 divisione
1271 3666 1433 3737 geometrica
1450 3665 1506 3719 eri-

157 3764 234 3812 stunt
252 3752 444 3824 proportiones
462 3751 634 3807 harmonicae
653 3758 680 3803 ιι
698 3748 768 3804 idem
786 3748 891 3809 animus
910 3748 1059 3819 hospitium
1075 3750 1188 3819 praebet
1205 3744 1425 3818 proportionibus
1444 3744 1505 3799 har·

158 3834 281 3900 monicis,
301 3839 332 3886 ut
350 3830 456 3886 entibus
474 3830 595 3885 rationis.
631 3828 719 3896 Igitur
743 3842 792 3896 ego
811 3826 946 3897 (fortassis
964 3828 1053 3884 udnus
1076 3836 1202 3883 accurate
1219 3827 1348 3897 loquens,
1379 3826 1452 3895 qnod
1468 3824 1505 3878 ri·

158 3916 242 3971 deant
259 3911 315 3968 aliil
332 3909 434 3966 nullum
452 3926 570 3979 agnosco
589 3917 749 3973 creaturam,
769 3906 929 3978 principium
949 3909 1126 3964 motusipse
1143 3909 1296 3977 habentem,
1315 3904 1518 3978 quaeratione

159 4000 259 4054 careat,
278 3990 335 4046 sive
352 3989 481 4045 instincta
498 3995 529 4044 ut
546 3988 664 4059 plantae,
684 3988 739 4042 sive
758 3988 838 4042 etiam
857 3986 1038 4056 discurrente,
1064 3996 1094 4045 ut
1111 3990 1201 4044 homo.
1236 3988 1350 4043 Divinae
1367 3985 1450 4056 igitur
1467 3982 1506 4037 iu·

159 4069 397 4144 comprehensibili
415 4070 547 4124 essentiae
570 4067 651 4138 plane
668 4066 777 4120 insitam
795 4068 835 4132 (ut
852 4066 895 4120 ias
913 4066 949 4121 sit
967 4067 1006 4120 ita
1023 4066 1109 4139 loqui)
1128 4066 1294 4122 harmoniam
1312 4065 1373 4121 idco
1392 4064 1505 4135 affirmo,

158 4168 212 4207 uon
232 4151 298 4219 qnia
322 4147 369 4201 ssis
385 4154 474 4203 motus
493 4155 599 4217 auctor,
625 4145 673 4201 sed
692 4147 755 4216 quia
777 4144 925 4215 geometria
949 4144 989 4201 illi
1011 4153 1164 4202 coaeterna
1199 4146 1307 4200 Mentes
1332 4159 1395 4199 vero
1414 4157 1506 4196 omnes

159 4245 247 4298 usque
266 4226 301 4282 ad
319 4226 420 4281 formas
438 4227 606 4295 plantarum,
632 4225 729 4295 quibus
748 4232 790 4278 est
807 4225 951 4280 instinctus
970 4233 1138 4294 concreatus,
1157 4222 1280 4279 similiter
1297 4224 1384 4289 intus,
1410 4220 1437 4274 in
1457 4235 1507 4275 sna

160 4324 213 4363 nou
232 4306 320 4362 multo
338 4304 423 4374 magis
441 4304 676 4374 comprehensibili
694 4303 820 4373 essentia,
838 4304 969 4360 formatas
988 4320 1049 4360 esse
1066 4302 1228 4366 harmonice,
1246 4301 1307 4356 ideo
1322 4300 1424 4370 judico,
1444 4299 1507 4367 quia

161 4394 224 4443 sunt
241 4383 410 4454 exemplaria
425 4383 494 4449 Dei,
516 4401 569 4439 nou
586 4384 660 4451 ideo,
687 4383 752 4453 quia
770 4385 885 4454 primum
902 4391 1019 4439 movent.
1056 4383 1111 4437 Res
1130 4381 1245 4452 denique
1267 4387 1393 4435 externas
1412 4392 1507 4446 corpo-

163 4480 232 4532 reas,
252 4464 276 4519 si
294 4470 442 4533 potuerunt
459 4479 476 4518 u
493 4462 597 4517 ratione
614 4461 699 4517 libere
718 4462 835 4519 formari.
854 4477 924 4530 quae
941 4462 1048 4531 quidem
1066 4478 1119 4514 nou
1134 4460 1317 4531 impediuntur
1333 4460 1360 4514 iu
1376 4474 1427 4514 usu
1445 4457 1506 4511 har·

161 4544 290 4612 monices,
308 4542 495 4597 transformari
514 4560 568 4612 qua
583 4542 648 4597 licet
665 4540 693 4596 iu
710 4540 785 4596 ideas
804 4540 982 4599 harmonicas.
1000 4538 1127 4594 credibile
1146 4554 1205 4594 esse
1224 4536 1356 4607 conced03
1379 4535 1425 4591 nbi
1442 4550 1506 4591 vero

161 4620 272 4676 libertas
291 4619 459 4676 formationis
477 4620 622 4691 impeditur
639 4620 742 4689 legibus
760 4628 872 4676 naturae
898 4626 926 4674 et
942 4618 987 4674 nbi
1006 4617 1127 4673 confusio
1151 4626 1194 4673 est
1211 4617 1404 4686 quantitative,
1429 4615 1507 4671 iniis
1612 4666 1619 4683 ,

162 4700 249 4755 messe
268 4697 380 4770 quidem
396 4699 496 4766 largior
513 4698 680 4766 harmonias,
705 4697 753 4753 sed
775 4697 898 4767 potentia
917 4704 1035 4767 tantum
1060 4705 1087 4751 ιι
1110 4695 1226 4751 simotu
1242 4695 1425 4751 intercedente
1446 4712 1508 4751 con·
1548 4691 1554 4725 ¹

161 4777 283 4835 tusorum
310 4777 515 4848 proportionum
538 4779 622 4835 series
640 4776 783 4833 diducatur
803 4777 831 4831 iu
849 4784 983 4847 tempora,
1008 4776 1118 4848 agnosci
1140 4784 1169 4831 ιι
1186 4775 1296 4846 probari
1317 4775 1506 4846 proportiones
