3567 5625
232 420 274 478 48
615 411 759 483 Epistolae
778 409 889 482 liepleri
905 410 1073 480 aliorumque
1090 417 1201 465 mutuae

233 590 352 640 solatium
369 593 482 637 nostrum
498 601 599 650 prorsus
623 589 752 640 exstinxit.
788 590 927 640 Praeterita
944 589 1011 637 euim
1028 588 1069 637 die
1089 588 1201 637 Nubaei
1218 590 1327 651 primum
1343 587 1425 636 tliola
1442 588 1496 648 eius
1515 583 1584 634 liar·

236 658 343 724 garetha
361 661 432 717 obiit,
450 672 501 705 nou
518 659 586 714 ultre
597 658 701 710 biduum
713 665 823 722 aegrota,
841 674 900 709 uros
918 665 976 721 post
994 658 1103 708 triduum
1121 660 1177 720 ipsa
1195 664 1274 707 mater
1292 663 1377 707 secuta
1394 662 1432 706 est
1449 671 1480 704 ac
1491 658 1583 718 postri-

234 730 275 778 die
293 730 397 777 humata
414 730 440 776 iu
459 729 548 787 majori
566 729 634 776 fossa
651 744 708 778 cum
725 731 839 793 pluribus
858 729 969 791 ejusdem
987 729 1052 785 diei,
1074 730 1139 778 inter
1161 742 1224 793 quos
1242 729 1349 777 Frischii
1366 729 1441 775 ambo
1459 726 1518 789 sslii3
1538 739 1584 772 nec

235 801 304 848 enim
320 800 417 860 patitur
435 797 570 846 multitudo
588 800 762 865 morientium,
780 806 810 848 ut
827 801 932 849 cuilibet
949 800 1046 847 loculus
1063 805 1164 861 paretur
1181 799 1295 861 seorsim,
1314 799 1356 846 scd
1375 811 1456 861 neque
1474 795 1584 845 conduc·

235 875 275 916 tus
294 875 319 916 et
336 869 433 932 reliqua
451 867 565 916 solennia
582 869 719 918 tolerantur
737 883 754 918 a
770 871 842 919 novis
855 870 970 918 dominia
1000 870 1053 930 Ego
1072 883 1127 918 cum
1145 882 1222 931 puero
1239 882 1294 918 meo
1318 867 1424 916 aedibus
1439 867 1502 916 meis
1521 866 1583 914 emi-

233 953 306 999 grare
325 952 381 988 sum
406 943 506 988 coactus
523 944 548 985 et
565 940 712 989 secessimus
729 940 778 989 huc
795 940 971 1005 Duseliugam,
994 952 1087 1002 pagum
1109 945 1162 988 toto
1187 939 1280 987 ducatu
1298 938 1378 987 solum
1396 938 1446 985 iere
1464 937 1584 985 hactenus

236 1013 411 1058 conservatum
431 1046 437 1059 .
457 1046 463 1058 .
483 1045 515 1058 ..
551 1008 689 1057 Academia
714 1008 837 1072 dissipata
859 1015 898 1058 ast
922 1024 969 1058 uec
993 1014 1126 1072 supersunt
1148 1023 1178 1056 er
1201 1011 1269 1057 omui
1291 1021 1393 1057 numero
1417 1005 1583 1055 studiosorum

235 1080 287 1128 nist
305 1076 340 1131 20
353 1093 373 1128 c.
393 1077 559 1140 stipendiarii.
596 1078 712 1128 Pastorea
728 1081 797 1129 ultra
813 1077 865 1132 200
882 1081 976 1129 mortui
993 1085 1064 1144 sunt,
1082 1093 1128 1128 nec
1145 1084 1282 1141 suppetunt
1299 1078 1384 1125 idonei
1401 1077 1521 1140 homiues,
1539 1075 1584 1139 qui

234 1151 262 1197 iu
281 1162 366 1197 eorum
383 1150 440 1197 looa
457 1148 621 1199 solidantur.
652 1150 690 1197 Ex
707 1149 889 1212 professoribus
909 1151 1026 1199 oblemnt
1042 1155 1140 1198 tantum
1157 1155 1216 1212 tres,
1234 1148 1352 1212 liagirus,
1372 1145 1475 1196 Galbius
1493 1150 1519 1194 et
1531 1144 1583 1193 [ln-

234 1219 298 1282 irid‚
317 1221 392 1268 ceteri
409 1218 520 1267 diversos
537 1219 571 1268 ad
589 1233 666 1281 pagos
684 1219 858 1273 discesserunt.
894 1221 946 1280 Ego
964 1221 991 1268 in
1008 1220 1135 1268 montanis
1146 1219 1228 1267 Albae
1246 1221 1333 1267 oberro
1351 1232 1407 1266 cum
1424 1230 1501 1278 puero
1519 1228 1583 1277 meo,

233 1288 323 1338 deiude
340 1290 390 1339 buc
406 1295 515 1337 revertor
533 1294 579 1339 etc.
813 1339 817 1356 ,

320 1359 395 1407 Brevi
411 1362 471 1420 post
487 1358 655 1408 Schiclardus
672 1359 747 1408 rediit
764 1359 919 1422 Tubiugam,
946 1360 987 1409 die
1005 1356 1045 1412 18.
1063 1359 1119 1411 Oct.
1144 1359 1257 1407 interfuit
1274 1358 1380 1406 concilio
1399 1357 1506 1407 Senatus
1522 1368 1583 1403 aca-

236 1429 336 1490 demici,
354 1428 394 1478 die
411 1425 455 1481 tl.
473 1429 528 1479 Oct.
547 1433 659 1479 mortuus
677 1434 722 1497 est,
741 1444 847 1495 eumque
864 1435 921 1493 post
938 1444 1033 1493 paucos
1051 1430 1105 1478 dias
1123 1434 1223 1478 secutus
1241 1428 1342 1477 filiolus.

322 1498 448 1548 Mortuum
461 1498 641 1548 Schichardum
659 1506 804 1562 prosecutus
822 1506 861 1549 est
877 1501 996 1550 maximis
1013 1499 1132 1548 laudibus
1149 1500 1262 1548 oratioue
1280 1498 1383 1560 publica
1399 1499 1426 1545 in
1444 1493 1504 1543 aula
1521 1508 1583 1542 aca-

235 1569 332 1618 demica
348 1569 423 1620 Zach.
442 1568 609 1634 Sohaaiierus,
636 1569 704 1619 Orat.
724 1575 749 1619 et
766 1570 831 1620 nist
848 1570 917 1619 Prot.
935 1571 1080 1632 Tuhingae‚
1107 1583 1185 1635 qnam
1213 1568 1341 1630 adjunctis
1359 1567 1513 1616 carminibus
1538 1562 1580 1627 (fl.

234 1639 326 1705 Grotti,
347 1638 483 1703 Gasseudi,
507 1639 605 1704 Lauaii,
630 1638 662 1687 ti.
681 1640 808 1689 Hortensii
826 1639 993 1705 aliorumque)
1012 1641 1109 1703 publici
1123 1641 1188 1701 Juris
1206 1638 1268 1686 iecit
1284 1651 1307 1686 a.
1329 1634 1404 1690 1636.
1422 1637 1582 1697 inscriptam:

234 1710 273 1760 w.
285 1709 439 1774 Schictardl,
458 1710 600 1770 linguarum
612 1711 700 1760 cuent.
716 1715 740 1758 et
751 1711 893 1760 matheseos
911 1712 938 1760 iu
954 1711 1086 1760 academia
1097 1709 1251 1770 Tubingeust
1262 1708 1409 1771 professoris
1421 1705 1583 1768 celeberrimi,

233 1781 355 1841 superiori
372 1792 457 1828 meuse
474 1779 607 1829 Novembri
626 1780 711 1829 deusd
728 1780 849 1830 Memoria
866 1787 892 1829 et
910 1781 1053 1842 Eulogium.

321 1866 445 1928 lieplems
463 1868 579 1916 coumnit
589 1866 786 1916 Schichbardum
803 1867 950 1932 llurtingae,
971 1868 1029 1917 dum
1048 1869 1080 1916 ob
1093 1869 1181 1917 matris
1199 1881 1301 1918 musam
1319 1868 1442 1916 forensem
1459 1866 1486 1913 iu
1499 1865 1584 1912 Wlirt·

214 1937 397 1996 ‚umbergiam
413 1934 539 1998 proiectus
557 1949 624 1985 anuo
643 1934 710 1990 1617
723 1937 854 1999 Tublngae
871 1938 940 2001 apud
953 1937 1116 1987 liaestlimm
1131 1941 1277 1988 versabatur
1290 1937 1402 2003 (,‚iuveui
1420 1936 1505 2000 atiani,
1524 1935 1584 1983 scri·

234 2007 273 2054 bit
289 2006 443 2071 Wackhero,
462 2006 647 2055 nobilissimum
664 2009 791 2068 ingenium
808 2010 836 2057 iu
855 1995 949 2072 oppido
966 2010 1118 2074 Nlirtlugen,
1136 2010 1276 2058 matheseos
1294 2008 1495 2056 amaudsslmum
1510 2008 1583 2066 juve-

234 2090 291 2124 uem
313 2077 349 2124 W.
362 2075 549 2141 Soblckardum
567 2078 737 2126 mechanicum
750 2078 944 2140 perindustrium
957 2080 1083 2143 juxtaque
1095 2079 1254 2128 orientalium
1273 2079 1415 2138 linguarum
1426 2069 1583 2132 cultorem“).

234 2146 299 2195 Tum
315 2147 381 2195 iuter
392 2146 571 2196 Schiekardum
589 2146 755 2210 etlieplerum
772 2149 811 2197 ita
822 2151 947 2214 convenit,
965 2153 994 2197 ut
1010 2149 1055 2198 ille
1073 2150 1201 2197 schemata
1218 2148 1252 2197 ad
1265 2148 1428 2196 Harmoniam
1445 2142 1584 2206 sculpeuda
1677 2199 1686 2206 ,

235 2217 383 2278 promiserit.
419 2216 541 2279 Keplerua
558 2215 660 2265 domum
677 2231 790 2267 reversus
808 2232 851 2281 per
867 2220 955 2267 literas
973 2224 1058 2267 monet
1074 2218 1253 2269 Schichardum
1271 2219 1464 2280 promissorum,
1490 2215 1584 2279 quibus

235 2287 364 2349 respoudit
380 2287 424 2335 ille
442 2287 508 2335 bunc
525 2288 552 2334 iu
570 2287 682 2335 medum:
707 2288 814 2338 Felicem
832 2303 926 2338 nerum
942 2302 1036 2337 aunum
1059 2293 1085 2337 et
1102 2291 1272 2352 promtissima
1288 2301 1346 2337 mea
1363 2286 1455 2336 cilicia.
1490 2282 1584 2333 Claris-

235 2358 296 2404 sime
315 2361 340 2404 et
356 2356 572 2405 Praestantissima
590 2358 643 2422 Vir,
663 2358 771 2407 Domine
789 2359 1025 2421 tautorrplurlmum
1044 2359 1155 2409 colende.
1181 2361 1258 2408 Bluas
1274 2362 1328 2420 jam
1339 2361 1397 2420 post
1408 2354 1584 2405 Pnestaubae

235 2426 305 2475 'l'uae
324 2427 460 2476 dlsceem
477 2426 564 2475 literas
581 2440 673 2492 easque
691 2428 796 2476 disemis
813 2429 876 2477 locis
895 2435 920 2478 et
937 2429 1063 2478 contrario
1090 2443 1164 2478 scum
1187 2431 1293 2492 scriptas
1311 2432 1468 2491 praepostere
1486 2424 1584 2485 accepi.

235 2495 303 2545 Unae
321 2498 437 2558 Augusta
453 2497 502 2545 huc
518 2499 687 2558 tenemium,
703 2498 796 2546 alteras
815 2498 944 2564 Tubiuga3
969 2500 1031 2547 illae
1048 2500 1171 2561 posterius
1194 2504 1222 2548 et
1239 2499 1365 2548 remotiori
1383 2498 1439 2546 loco
1457 2499 1582 2554 emeras,

237 2568 306 2628 prius
323 2566 437 2615 redditae
454 2574 525 2632 suut,
543 2567 591 2615 hae
609 2573 696 2616 contu
719 2570 802 2617 ueaclo
821 2569 913 2633 quibus
930 2570 1007 2617 moris
1024 2569 1093 2617 ultra
1109 2582 1218 2617 mensem
1235 2570 1262 2616 iu
1280 2574 1333 2616 tam
1355 2569 1440 2616 vicina
1455 2566 1519 2614 urbe
1537 2563 1583 2611 de·

235 2641 334 2702 tentae,
361 2637 443 2685 medlo
461 2637 594 2686 Decembri
617 2637 718 2688 demum
738 2638 800 2685 mibi
824 2639 896 2687 visae
917 2644 985 2690 sunt.
1021 2639 1084 2686 illae
1107 2637 1246 2687 delineatae
1269 2639 1362 2698 ligurus
1385 2637 1419 2685 ad
1444 2635 1587 2695 Krligeruuf

235 2707 333 2756 mittere
349 2707 487 2771 jubebant,
506 2712 535 2754 ut
551 2708 589 2754 ibi
607 2707 796 2772 exsculpautur,
815 2709 863 2757 bae
875 2723 932 2758 vero
945 2710 1007 2756 mihi
1023 2709 1074 2770 ipsi
1087 2708 1153 2757 hauc
1170 2721 1272 2770 operam
1289 2708 1462 2769 injungebant
1499 2703 1583 2765 Quor·

136 2777 141 2788 '
236 2790 291 2826 sum
309 2790 340 2826 er
358 2777 406 2826 hoo
422 2777 491 2826 bivio
509 2776 617 2829 eundum
636 2782 709 2837 aeset,
726 2778 885 2839 ambigebam
903 2777 1005 2845 quidem
1030 2780 1063 2828 ab
1081 2779 1155 2828 initio
1173 2778 1303 2843 nonnihil,
1321 2778 1366 2828 sed
1388 2781 1471 2825 tamar
1495 2779 1584 2837 postea

236 2861 264 2896 re
277 2844 367 2896 melius
386 2847 525 2895 deliberata
542 2848 696 2913 arbitrabar,
715 2850 854 2910 posteriora
870 2850 1043 2912 praejudicare
1059 2851 1184 2912 prioribus
1202 2856 1227 2898 et
1245 2849 1366 2913 deveepore
1384 2846 1535 2910 φροὴιόας,
1555 2849 1584 2891 ut

235 2919 320 2983 ajunt,
347 2916 425 2966 fuisse
446 2931 606 2983 σοφοτερας,
631 2916 744 2983 adeoque
771 2919 838 2968 bono
861 2919 971 2984 quodam
993 2921 1046 2968 tato
1069 2920 1128 2967 illae
1150 2921 1226 2969 hasce
1249 2918 1406 2981 praevenisse
1432 2915 1583 2976 augurabat-

235 2986 395 3052 Quamquam
412 2988 489 3049 igitur
505 2988 533 3036 in
546 2987 602 3053 Tul,
620 2992 673 3036 tam
691 2989 796 3037 celebrIs
814 2993 839 3036 et
857 2988 887 3037 de
905 2990 1021 3038 universa
1039 2990 1144 3038 mnirari
1157 2990 1355 3053 praeclarissime
1366 2987 1458 3048 meriti,
1475 2986 1583 3047 gratiam

234 3058 301 3105 huuc
319 3056 442 3124 caelandi,
459 3064 588 3123 utcunque
606 3057 671 3107 allas
684 3060 824 3121 molestum,
842 3061 966 3122 imprimis
983 3060 1046 3107 mibi
1063 3061 1212 3108 caecutienti
1230 3060 1360 3108 ίιιίωἰοιιιιι
1371 3058 1483 3106 laborem
1495 3056 1583 3103 luben·

235 3128 330 3175 tissima
347 3129 401 3190 ipse
420 3128 595 3190 suscepissem:
612 3129 674 3194 quia
691 3134 776 3178 tamen
794 3128 826 3177 ad
845 3130 928 3191 operis
941 3129 1076 3178 editionem
1090 3130 1265 3178 maturandam
1283 3129 1356 3177 aliter
1368 3128 1440 3175 vobis
1453 3127 1582 3185 Augustae

235 3199 389 3258 cougregatis
409 3199 489 3246 visum
506 3200 583 3248 thisse
600 3199 727 3264 intellexi,
752 3213 804 3248 nou
820 3200 918 3248 inritus
943 3206 968 3248 et
989 3200 1043 3261 ipse
1062 3200 1194 3251 consilium
1212 3200 1308 3247 mutavi
1328 3206 1354 3269 et
1370 3211 1446 3261 quam
1464 3196 1583 3244 citissime

233 3265 307 3316 licuit
324 3268 452 3316 schemata
476 3270 561 3317 omnia
582 3284 644 3331 pyro
668 3271 785 3331 inscripsi
802 3269 964 3334 Krligeroque
987 3282 1031 3332 per
1053 3270 1166 3330 turham
1184 3267 1307 3333 (lapidum
1331 3269 1463 3316 molarium
1485 3269 1583 3313 nostra·

233 3339 297 3386 tium
315 3342 446 3398 vectorem)
464 3340 525 3388 illuc
542 3341 678 3391 transmisi.
717 3339 801 3401 Quam
818 3354 875 3388 vero
894 3342 957 3388 bene
975 3335 1073 3398 omnia,
1091 3342 1236 3402 praesertim
1256 3335 1465 3391 ramesmere
1482 3348 1584 3384 assecu-
1627 3346 1637 3353 ·

236 3413 277 3456 tus
297 3408 393 3475 lucum,
412 3410 527 3474 equidem
544 3410 645 3475 ignoro;
672 3412 726 3473 ipse
741 3409 883 3476 judicabis,
911 3423 967 3459 cum
984 3409 1137 3472 inspiciendi
1161 3409 1261 3458 dabitur
1279 3410 1359 3471 copia.
1394 3407 1471 3470 Spero
1483 3410 1592 3477 tamen,

237 3492 288 3526 uon
306 3478 380 3539 longe
397 3493 486 3529 manus
504 3493 520 3527 a
538 3476 614 3543 scopo
632 3481 767 3529 aberrasse.
797 3479 868 3541 Quae
886 3479 918 3529 de
935 3481 1047 3545 quinque
1065 3481 1209 3542 corporibus
1222 3479 1315 3528 circulo
1333 3478 1460 3540 inscriptis
1473 3471 1539 3540 (Lib.
1553 3474 1578 3522 li

235 3561 304 3611 prop.
321 3544 376 3614 25.)
394 3550 421 3598 in
439 3550 640 3612 'i’ubingeusibus
657 3552 738 3600 literis
756 3551 854 3598 monuit
870 3549 1030 3599 Praestantia
1047 3550 1109 3615 ihs,
1129 3550 1176 3598 illa
1192 3554 1289 3598 mutare
1310 3549 1337 3596 iu
1356 3561 1454 3596 summa
1479 3547 1583 3604 aurigae

234 3617 396 3668 testinatione
414 3620 477 3670 mibi
493 3634 544 3670 nou
562 3620 610 3669 luit
626 3623 761 3682 integrum.
798 3620 848 3668 Vix
867 3622 934 3669 euim
952 3626 992 3669 sat
1008 3622 1127 3683 temporis
1145 3620 1334 3684 relinquebatur
1352 3615 1540 3680 compingendis
1558 3618 1584 3662 et

235 3688 311 3737 linteo
330 3690 460 3739 insuendis
478 3691 530 3739 illis
548 3693 641 3740 truncis
658 3692 757 3758 ligneis,
775 3690 867 3740 nedum
884 3703 953 3741 nova
969 3691 1098 3740 schemata
1110 3690 1262 3756 delineaudi,
1280 3702 1347 3754 quae
1365 3699 1505 3753 „secessum
1523 3685 1582 3747 pln-

234 3759 316 3819 geutis
334 3764 359 3808 et
376 3761 430 3808 otia
446 3758 602 3826 requirunt“,
619 3767 648 3810 ut
664 3762 730 3817 illud
746 3761 901 3812 ovidianum
921 3761 963 3811 bic
985 3762 1049 3810 mibi
1072 3774 1196 3823 usurpem.
1233 3760 1301 3809 Satis
1319 3763 1404 3807 tamen
1423 3756 1456 3805 ad
1474 3759 1582 3804 mentem

235 3830 345 3878 auctoris
362 3829 463 3892 depicta
479 3845 533 3880 esse
550 3835 620 3894 puto.

322 3915 369 3965 His
387 3916 460 3965 addit
477 3916 643 3967 Schiclmrdus
659 3918 753 3978 gratias
771 3919 896 3967 maximas
913 3932 958 3981 pro
976 3917 1049 3968 libris
1071 3919 1122 3980 ipsi
1146 3918 1211 3967 dono
1231 3918 1296 3967 datis
1314 3929 1332 3965 a
1349 3893 1456 3979 Keplsro
1476 3909 1584 3975 (Sterco-

236 3986 340 4051 metria,
365 3986 571 4051 premeridibus
589 3992 615 4036 et
632 3983 792 4052 Galeudsrio)
811 3990 889 4037 etsie
907 3989 999 4051 pergit:
1023 3982 1140 4051 hiemini,
1165 3989 1246 4037 Tuam
1262 3980 1446 4036 Praestantiam
1469 3982 1532 4031 mibi
1556 3982 1583 4029 in

236 4057 393 4105 restitutione
409 4057 540 4116 globorum
557 4058 655 4123 aliquid
672 4058 787 4107 molienti
804 4058 939 4119 adjutrices
957 4063 1003 4106 aut
1020 4059 1104 4120 potius
1123 4058 1263 4108 directrioes
1290 4071 1380 4106 manus
1398 4053 1540 4118 promisisse
1559 4056 1584 4119 et

141 4128 146 4136 '
237 4127 381 4189 catalogum
398 4124 551 4191 reliquarum
568 4129 687 4191 hamum,
714 4143 780 4193 quae
801 4129 828 4177 in
847 4129 972 4189 Tycbonis
994 4127 1257 4189 Progymnasmatibus
1275 4142 1327 4178 nou
1344 4131 1456 4187 exstant,
1474 4135 1583 4184 spopon-

237 4197 310 4247 disse.
348 4196 446 4259 Quodsi
462 4198 549 4263 itaque
566 4198 634 4249 hisce
651 4200 783 4262 promissis
805 4203 884 4247 stares
903 4204 957 4264 etc,
981 4204 1047 4248 emet
1063 4200 1240 4259 gratismmum
1259 4227 1291 4235 -
1310 4196 1422 4247 Tandem
1441 4199 1465 4243 ot
1488 4194 1535 4240 hoc
1552 4182 1582 4243 P.

236 4267 292 4317 Tua
308 4268 384 4333 sciat,
403 4281 442 4316 me
460 4269 590 4318 occasione
607 4274 708 4318 uosuae
726 4268 922 4318 conversationis
941 4268 972 4317 de
989 4282 1053 4318 novo
1071 4268 1105 4317 ad
1122 4269 1247 4318 mathesin
1265 4270 1378 4318 animum
1395 4262 1538 4330 applicasse
1558 4268 1583 4309 et

236 4338 333 4387 isthaec
350 4337 442 4402 studia,
459 4351 504 4399 per
521 4339 714 4404 quadriennium
731 4338 781 4389 iere
795 4352 894 4401 prorsus
911 4339 1061 4397 intermisse,
1081 4340 1227 4389 resumsisse
1244 4346 1321 4405 atque
1339 4340 1460 4386 hacteuus
1472 4330 1582 4391 trigono·

225 4409 326 4457 'metria
343 4408 476 4471 praecipue
495 4413 643 4473 occupatum
659 4411 745 4461 inisse.
779 4410 809 4459 In
827 4410 920 4474 qulbus
937 4410 1121 4470 aenigmatibus
1139 4402 1236 4459 utiuar'u
1255 4415 1279 4459 te
1298 4412 1472 4471 conjectorem,
1490 4404 1581 4467 quovis

236 4477 333 4540 Oedipo
352 4478 538 4541 expeditiorem,
555 4480 681 4530 interdum
700 4477 848 4543 compellare
865 4482 977 4542 possem!
1007 4479 1056 4529 Sed
1074 4481 1150 4529 nimis
1166 4477 1240 4542 louge
1256 4481 1365 4528 invicem
1382 4478 1510 4526 absumus.
1537 4472 1581 4520 Iu·

236 4550 309 4597 terim
328 4550 374 4598 hoc
390 4562 468 4597 uuum
481 4564 590 4615 quaero:¹
608 4565 693 4601 aunon
711 4552 787 4599 etiam
804 4550 901 4613 absque
919 4550 1018 4598 sinuum
1037 4564 1132 4600 canone
1150 4549 1277 4612 uiangula
1294 4546 1358 4598 solvi
1370 4547 1485 4610 possint?
1504 4541 1582 4590 Vide·

236 4624 277 4667 tur
295 4616 470 4668 euim'misera
487 4634 528 4670 ars
545 4636 612 4687 esse,
635 4635 700 4687 quae
718 4621 787 4685 hisce
803 4617 898 4669 tuhvrlis
916 4633 1012 4681 semper
1028 4620 1132 4682 indiget,
1150 4625 1225 4685 atque
1243 4618 1330 4669 infelix
1348 4621 1517 4679 computator,
1537 4613 1582 4677 qui

236 4702 287 4737 nou
313 4689 407 4754 ubique
430 4689 463 4738 ad
487 4704 577 4761 manus
599 4692 691 4741 babere
714 4696 796 4753 potest
818 4687 891 4738 illum
917 4703 1043 4739 canonem.
1073 4691 1168 4753 Taceo,
1193 4691 1262 4755 quod
1284 4686 1420 4737 wadum
1437 4681 1528 4735 servile
1547 4682 1581 4730 sit

237 4757 338 4808 Gauoue
355 4761 406 4826 uti,
431 4764 503 4823 cujus
521 4767 602 4811 errata
620 4757 652 4826 (si
669 4770 735 4827 quae
747 4762 831 4811 ioman
843 4757 947 4824 babeat)
966 4760 1146 4824 deprehendere
1171 4773 1307 4826 nequeam,
1334 4757 1425 4807 nedum
1452 4756 1581 4817 corrigere,

236 4832 336 4879 interim
353 4835 437 4878 tamen
450 4833 605 4881 securissime
622 4833 673 4894 ipsi
685 4832 769 4884 fldem.
804 4830 832 4881 si
849 4827 928 4893 plana
945 4828 1072 4892 triangula
1088 4829 1153 4880 solvi
1170 4836 1278 4895 possent,
1297 4832 1374 4879 etiam
1391 4829 1523 4893 sphaerica
1540 4823 1582 4870 ui·

237 4899 289 4949 hilo
308 4899 436 4951 difficilius
461 4903 601 4965 computari
623 4914 696 4963 posse
719 4901 830 4967 conlido,
855 4914 910 4950 cum
932 4901 967 4951 sd
989 4900 1035 4955 illa
1056 4902 1238 4952 reducerentur.
1274 4900 1324 4952 esd
1347 4900 1481 4965 planorum
1496 4898 1580 4953 latera
