3567 5625
262 439 307 503 io
652 434 798 509 Epistulae
812 432 925 508 Koplarl
940 432 1112 506 alteramque
1126 443 1237 496 mamae

259 611 413 693 ιιιιςιιιιι,
435 612 567 678 ducens
588 613 828 676 omnebonum
849 612 1000 694 arguendi,
1023 615 1118 677 sicabl
1143 620 1304 691 occsrmnt,
1327 615 1497 677 occasiones
1511 630 1613 677 omnes

260 702 526 782 umamsptciendt,
549 718 588 762 aa
609 701 694 763 huna
716 701 878 764 claritatem
900 702 1015 779 iecerit,
1037 707 1087 764 air
1109 721 1199 782 purus
1220 703 1323 779 inerit,
1353 701 1441 765 steila
1463 702 1542 764 clara
1564 705 1611 778 sit,

259 790 378 852 humilis
399 808 437 852 an
460 790 522 853 alte
542 789 646 867 luerit3
669 790 749 867 qnod
764 791 995 866 instrumentum,
1018 808 1077 868 qua
1091 790 1149 853 fida
1163 785 1260 867 inerit,
1284 787 1424 852 dlsbntia
1445 792 1484 851 sit
1498 808 1612 868 aequa·
1734 781 1738 792 '

260 882 336 947 toria
362 896 401 941 an
429 882 459 938 ln
481 876 589 940 eircqu
611 894 720 956 magno
749 895 802 957 per
822 877 939 946 stellas:
971 878 1046 940 haec
1073 880 1173 941 omnia
1201 887 1316 957 tempus
1337 878 1475 956 longius,
1503 878 1613 939 collata

259 966 391 1043 conniis,
414 965 543 1028 laborem
558 967 705 1042 ingentem
719 967 907 1043 requirerent,
929 973 963 1026 nt
984 968 1102 1028 omnino
1122 973 1261 1046 praestet,
1283 968 1468 1044 acquiescere
1490 964 1613 1045 'lycho-
1701 1047 1702 1050 Ἴ

259 1056 332 1118 sicis
354 1053 630 1132 computationibus,
652 1070 742 1131 quam
764 1056 922 1115 oscitanter
937 1054 1000 1124 ¹lata
1022 1054 1151 1132 aggredi.
1189 1054 1257 1122 ‚Nos
1273 1071 1343 1115 varo
1366 1053 1498 1115 locorum
1520 1056 1612 1115 inter·

258 1141 340 1204 valla
362 1139 510 1218 dividant,
540 1139 612 1200 mihi
640 1147 737 1202 tomos
759 1143 998 1204 observationum
1020 1143 1131 1203 bineria
1153 1140 1291 1220 periculis
1320 1159 1464 1220 exponere
1486 1157 1545 1202 non
1568 1149 1614 1203 est

258 1230 421 1309 integrum3
443 1237 478 1291 at
498 1228 670 1305 exscribam,
694 1236 778 1292 rator
800 1229 981 1308 obligatione
1002 1246 1086 1306 maa,
1108 1232 1166 1291 nisi
1188 1231 1366 1292 certissimae
1387 1232 1444 1291 sim
1460 1228 1502 1290 'da
1524 1231 1612 1291 resti·

259 1319 372 1380 tutione
394 1315 521 1395 exempli
551 1333 610 1377 non
634 1315 710 1378 alias
725 1315 916 1379 describendi.
955 1317 993 1378 iis
1004 1324 1038 1377 ιι
1052 1317 1100 1378 hic
1114 1320 1171 1381 sim
1185 1319 1396 1393 secunssimus,
1420 1318 1485 1395 quis
1501 1333 1612 1393 quaeso

257 1404 334 1467 allas
362 1407 527 1468 ιιιιιιιιιι
555 1413 691 1482 excerpat
713 1401 797 1488 (nam
825 1406 872 1466 cui
897 1407 974 1466 bono
1003 1401 1211 1484 descriptiones
1243 1405 1427 1485 integraai),
1463 1407 1521 1464 imo
1543 1406 1611 1482 quis
1695 1413 1701 1424 ’

257 1491 383 1555 11ι1ι11ιιι
404 1500 517 1555 ιιιιιιι
539 1497 569 1551 ιι
591 1493 716 1554 scienter
738 1491 891 1566 describet,
916 1494 973 1552 nisi
994 1495 1038 1553 tui
1059 1494 1190 1555 similis?
1223 1489 1344 1555 Utinam
1367 1501 1419 1554 eut
1439 1492 1492 1553 tibi
1515 1491 1611 1553 Lincii

257 1588 309 1642 aut
339 1581 410 1642 mihi
433 1581 584 1657 Nirtingae
607 1578 707 1641 liceret
733 1578 914 1657 aliquamdiu
944 1583 1120 1644 convasari.
1171 1580 1231 1643 Sed
1256 1581 1405 1659 fingamus
1439 1582 1496 1657 ipsi
1524 1580 1611 1642 nobis

256 1671 387 1730 somnias
410 1676 494 1730 amnt
515 1667 635 1730 comiba
658 1667 779 1728 forsitan
801 1667 902 1746 aliqua
917 1663 1106 1746 Ratlsbonae,
1129 1686 1196 1730 cam
1211 1676 1243 1730 tu
1266 1671 1295 1728 in
1312 1670 1453 1730 comitatu
1468 1665 1610 1729 ertern

256 1756 377 1834 herglol,
400 1774 456 1835 ego
479 1758 510 1814 in
532 1754 673 1816 comitatu
689 1754 822 1817 Caesaris
846 1759 1193 1834 convenire‘poterlmas.
1237 1756 1313 1817 liam
1334 1756 1520 1818 Austriacam
1542 1755 1611 1816 iun·

257 1845 383 1904 ctionem
405 1842 634 1905 eeclesiasticam
656 1858 714 1902 non
738 1851 766 1905 te
788 1844 916 1923 patiatur
936 1846 1084 1922 suscipere
1106 1859 1181 1906 uxor
1188 1888 1196 1921 ,
1220 1861 1280 1906 nnn
1302 1843 1426 1906 eruditio
1449 1851 1520 1910 aaz
1545 1844 1610 1921 jam

257 1934 334 1992 enlm
357 1930 439 1992 loeus
460 1930 514 1991 tibi
535 1932 566 1990 ia
588 1928 741 1993 academia
761 1931 871 2010 patria,
902 1933 981 2008 scio,
1004 1930 1162 2010 dcpstatua
1183 1940 1238 1994 est

343 2016 451 2097 Scripsi
472 2018 527 2079 tibi
549 2025 579 2079 ιι
600 2025 671 2079 vota
692 2019 989 2099 promtltadinemqne
1011 2037 1108 2082 meam
1138 2029 1168 2082 ιι
1188 2018 1406 2098 impedimenta
1450 2018 1535 2080 Nunc
1557 2016 1609 2078 alii

256 2105 379 2167 consilio
401 2105 561 2168 secundnm
582 2103 681 2184 ipsum
703 2106 751 2167 do.
796 2105 873 2168 Nam
894 2109 921 2167 si
935 2110 1029 2168 mavis
1051 2110 1169 2187 proprio
1192 2109 1308 2169 nomina
1328 2104 1410 2168 solus
1433 2105 1519 2168 edera
1540 2105 1609 2184 glo·

256 2195 340 2255 bum:
363 2211 427 2273 age,
451 2195 546 2254 exstat
566 2192 718 2271 catalogus
740 2193 821 2255 mille
842 2193 966 2254 lixarum
980 2194 1131 2274 Tychonis
1144 2194 1241 2257 Braba
1264 2212 1331 2254 cnm
1345 2195 1506 2271 imaginum
1529 2193 1609 2253 diar-

256 2281 348 2344 tbrosi
377 2279 473 2344 editas
495 2280 608 2345 Rornae
633 2289 676 2349 (ii.
703 2284 780 2357 784),
809 2298 897 2359 qaam
919 2281 1057 2342 conterre
1085 2285 1195 2361 poteris
1225 2299 1292 2344 cnm
1320 2281 1421 2358 Balari
1443 2281 1609 2359 Angrntani

255 2366 487 2448 Urasograpbia,
510 2375 601 2447 etque
622 2385 679 2450 ego
701 2369 756 2429 tibi
776 2367 901 2432 fideliter
922 2368 1068 2444 indicabo,
1090 2371 1186 2444 sicubi
1207 2368 1257 2432 ille
1279 2387 1299 2430 a
1319 2386 1389 2431 mco
1410 2370 1608 2446 maamalpto

145 2519 149 2532 ,
255 2455 378 2517 differat
423 2455 470 2517 Ita
490 2473 550 2518 non
573 2473 648 2537 opna
669 2456 739 2530 erit,
769 2464 802 2515 nt
830 2455 869 2516 ad
890 2472 938 2518 me
964 2474 1129 2535 provocans
1151 2457 1306 2518 invidiam
1321 2456 1394 2518 mihi
1424 2471 1505 2518 creas
1527 2455 1608 2534 apud

257 2542 443 2605 Brahaanoa..
482 2542 613 2607 Consilia
634 2560 702 2605 mea
723 2542 760 2604 de
782 2548 985 2623 bsapdpoosos
998 2544 1062 2621 jam
1078 2547 1150 2606 satia
1171 2547 1347 2623 perspexisti
1369 2562 1406 2606 ax
1427 2553 1499 2623 typo
1514 2561 1608 2605 aeneo

257 2630 324 2691 libri
344 2630 381 2694 de
403 2629 497 2691 steila
518 2647 597 2694 nova
620 2640 664 2700 (11.
689 2634 770 2704 bib),
792 2636 823 2692 at
844 2631 993 2693 conferam
1013 2631 1065 2694 illa
1079 2640 1175 2693 tecum
1195 2648 1282 2711 porro
1298 2648 1424 2709 qnoque.
1464 2631 1608 2694 Existimo

172 2726 179 2732 '
257 2725 358 2780 tamen
377 2717 511 2779 suilicere
532 2720 595 2796 tibi,
618 2716 802 2781 admonitum
822 2734 903 2780 essct
927 2727 1024 2781 aetas
1045 2727 1074 2780 ta
1089 2721 1143 2781 aba
1164 2727 1195 2781 te
1210 2722 1275 2798 ipso
1289 2736 1379 2798 possa
1392 2725 1492 2798 patara
1511 2737 1607 2798 exque

258 2804 391 2885 diligenti
413 2807 521 2867 ιιιιιιιι
544 2806 800 2870 constellationum
822 2807 852 2867 in
874 2808 941 2889 ipso
963 2805 1057 2869 coelo.
1309 2793 1321 2815 ’

345 2894 371 2955 0
392 2895 531 2955 miseram
551 2896 831 2969 uxorem-tuam,·o
852 2894 1062 2957 exsecrabilem
1083 2894 1127 2954 illi
1148 2892 1309 2961 adventum
1330 2911 1441 2970 meum,
1469 2896 1520 2972 qni
1542 2913 1610 2956 ιιι·

258 2981 347 3042 ritum
368 2983 426 3059 ipsi
447 2997 534 3042 sunm
556 2984 663 3061 aripuit
689 2985 778 3059 inqua
799 2981 967 3045 matheseos
989 2983 1104 3044 desem
1132 2989 1162 3042 et
1190 2983 1273 3042 invia
1295 2981 1362 3043 loca
1389 2981 1527 3058 abduxit,
1558 2984 1610 3044 ubi

257 3064 307 3130 ille
335 3070 572 3146 trigonomctriae
604 3071 731 3149 vepretis
761 3068 954 3131 adhaerescit
998 3070 1057 3132 Sed
1086 3070 1179 3145 aerio,
1216 3072 1261 3130 tui
1296 3077 1374 3131 carte
1404 3086 1453 3131 me
1482 3072 1608 3147 met

258 3158 310 3233 qni
338 3164 454 3234 tempus
482 3156 662 3220 adelendis
684 3156 820 3219 ianuarii
848 3156 1001 3234 bacasque
1030 3156 1134 3235 procul
1162 3155 1252 3219 dnbio
1280 3155 1442 3236 perdidisti
1488 3157 1610 3220 Invenio

259 3249 290 3304 st
310 3244 385 3304 inter
406 3261 474 3305 mea
494 3246 711 3324 epicheremata
741 3245 800 3306 tais
823 3245 979 3306 cornibus
999 3244 1122 3317 similia,
1153 3244 1316 3317 hustranas
1343 3251 1374 3307 et
1393 3245 1611 3307 inconsiderata

258 3332 366 3392 omnia.
409 3330 486 3393 Nam
506 3335 534 3393 si
555 3341 667 3394 eertum
687 3341 746 3408 est,
777 3341 810 3393 ut
831 3341 878 3393 est
899 3335 1107 3408 carissimam,
1139 3332 1183 3393 sio
1204 3349 1269 3394 ease
1291 3334 1366 3394 inter
1386 3349 1419 3392 sa
1441 3331 1534 3394 latera
1555 3336 1610 3394 tri·

250 3417 447 3496 angulorum,
477 3419 553 3481 sicat
575 3430 643 3480 arsut
666 3423 739 3501 inter
759 3421 922 3481 sasinus
944 3420 1118 3498 angulorum
1145 3422 1361 3498 oppositorum,
1394 3420 1499 3481 frustra
1520 3423 1610 3499 igitur

257 3507 477 3584 proportionem
506 3525 736 3583 angulorum
764 3509 894 3586 ipsorum
924 3510 1103 3583 quaerimus,
1124 3524 1214 3584 quea
1243 3510 1363 3569 omnino
1391 3508 1485 3568 differt
1517 3527 1536 3569 a
1566 3513 1609 3569 si·

257 3610 348 3655 uuam
368 3596 571 3673 proportione,
600 3599 671 3655 recti
694 3597 772 3656 anim
793 3604 824 3656 ct
846 3596 929 3655 curvi
951 3591 1048 3677 (sinus
1070 3596 1245 3672 laterisque,
1263 3604 1305 3657 -et
1326 3613 1411 3656 arcus
1433 3593 1610 3679 angelique)

256 3681 340 3743 nulla
360 3691 405 3743 est
426 3686 575 3759 proportio
600 3682 733 3763 effabilis,
755 3682 837 3745 nulla
857 3678 1015 3744 ineffabilis
1037 3701 1073 3745 ex
1095 3682 1170 3745 libro
1193 3683 1305 3744 decimo
1328 3683 1465 3755 Euclidis,
1488 3685 1540 3743 sed
1562 3688 1610 3744 in·

260 3766 343 3829 baba
365 3767 451 3830 datur
471 3772 718 3848 appropinquatio
740 3772 855 3831 sinuum
875 3788 947 3848 erge
968 3787 1039 3831 suos
1060 3788 1145 3832 arcas
1160 3772 1365 3848 proportionis,
1388 3774 1610 3848 aproportiona

259 3857 388 3916 maxima
408 3858 491 3917 sinas
512 3859 584 3917 recti
606 3858 645 3919 ad
666 3856 872 3935 quadrantem,
896 3857 936 3918 ad
957 3860 1116 3931 minimam,
1139 3858 1170 3917 id
1193 3866 1238 3919 est
1259 3859 1463 3936 aequalitatis,
1485 3873 1610 3938 propor-

259 3943 369 4004 tionem
396 3944 478 4004 siaas
506 3945 634 4021 minimi,
662 3945 720 4006 hoc
745 3952 791 4007 est
811 3946 911 4022 puncti
939 3945 979 4006 ad
1006 3961 1105 4006 mnam
1134 3946 1304 4021 minimum,
1334 3945 1435 4006 itidem
1457 3955 1608 4023 punctum.

260 4028 373 4106 Quodsi
395 4047 450 4091 nos
478 4049 537 4094 non
559 4033 651 4111 pudet
678 4030 1050 4111 measae=Pythagnricae,
1078 4048 1173 4109 neque
1196 4038 1316 4095 ιιιοιῑι
1343 4036 1460 4094 sinuum
1481 4031 1609 4112 pudest3

257 4120 414 4196 angustise
435 4120 534 4195 potius
555 4138 610 4183 nos
632 4119 743 4199 pudeat
764 4121 922 4181 memorias
943 4127 1076 4194 norbae,
1106 4123 1157 4198 qni
1179 4122 1353 4183 intinitatem
1383 4121 1463 4181 illam
1483 4138 1610 4200 proper.-

257 4207 371 4285 nonum
393 4205 494 4267 chculi
516 4224 575 4267 non
598 4211 739 4287 capimus.
776 4206 914 4268 Contenti
933 4211 1035 4285 simus,
1057 4207 1120 4268 dari
1134 4209 1228 4270 lineas
1250 4213 1412 4287 ιιὶιιιιιι
1434 4210 1513 4269 areni
1537 4226 1609 4287 pro·

256 4294 352 4357 xlmas
373 4295 467 4372 magis
489 4297 644 4371 magisque
666 4297 695 4355 in
718 4293 862 4356 infinitam
883 4312 993 4372 nsque,
1022 4297 1049 4355 ai
1071 4298 1137 4374 quis
1159 4296 1251 4357 vellet
1270 4296 1401 4358 laborem
1423 4313 1536 4357 sumere
1559 4306 1609 4358 ιι·

256 4384 371 4458 tiaeque
392 4389 491 4444 actam
512 4399 610 4459 agere.
653 4382 730 4443 Nam
750 4399 873 4444 arenam
894 4385 1033 4460 ipsoram,
1057 4386 1108 4460 qai
1129 4386 1257 4446 numeris
1279 4386 1486 4462 exprimuntur,
1513 4384 1608 4447 lineae

254 4466 426 4547 pleraeque,
449 4468 720 4545 netelcumbe
743 4478 856 4532 tautum
879 4470 1050 4547 ineffabiles,
1073 4470 1127 4534 sed
1148 4471 1236 4549 plana
1259 4472 1407 4537 iascibiles
1429 4480 1505 4533 suat.
1550 4469 1608 4533 Ul·

255 4558 329 4616 dana
350 4564 380 4625 et
401 4558 523 4619 minima
543 4553 758 4635 subterisarum,
783 4558 892 4620 circulo
914 4559 995 4619 varia
1017 4565 1110 4636 secto,
1132 4560 1163 4617 in
1177 4558 1317 4637 aequalis
1336 4566 1444 4635 tamen,
1467 4567 1513 4621 est
1532 4561 1608 4622 suh·

255 4650 340 4703 tensa
362 4644 455 4705 tribas
476 4644 626 4723 gradibus.
670 4643 765 4707 Unius
787 4644 896 4724 gradm
917 4647 1088 4708 subteasam
1116 4664 1237 4709 necesse
1259 4654 1304 4708 est
1331 4647 1467 4724 ignorari.
1511 4647 1608 4709 Datur

254 4728 373 4806 qnidam
402 4733 544 4796 snbtcnaa
569 4729 604 4795 1⁰
626 4730 678 4795 30‘
702 4742 733 4797 et
753 4728 790 4795 0⁰
812 4730 864 4794 ιδ’
892 4740 923 4795 ιι
944 4728 982 4795 0⁰
1003 4734 1057 4794 22¹
1080 4735 1142 4796 30⁴⁴
1164 4743 1194 4795 et
1216 4730 1252 4794 0⁰
1277 4731 1326 4794 11¹
1353 4732 1412 4794 liu
1444 4741 1474 4796 et
1505 4737 1548 4796 sic
1574 4737 1606 4796 in

254 4815 412 4893 infinitum,
442 4820 494 4882 sed
516 4822 687 4883 bisectionis
709 4819 874 4901 aequabilis
896 4820 1064 4898 nnilormis,
1095 4823 1278 4882 atnisectto
1310 4822 1471 4889 scientifica
1492 4822 1608 4885 infinita

252 4918 323 4969 uon
334 4904 429 4984 datur,
456 4924 512 4972 nec
533 4910 719 4986 quinlsectio.
763 4909 902 4973 comicae
924 4909 1044 4988 quidem
1071 4910 1268 4989 ιιιιιιιιιιιι,
1299 4911 1527 4988 quinlsectiones
1549 4920 1606 4979 ιιι
