3567 5625
239 460 299 518 lue
680 455 722 509 De
740 454 900 524 Figuratum
919 454 1141 512 limoniaarum

1260 591 1270 620 b

236 636 356 694 stitutus
373 633 507 693 omuibus
521 631 699 710 geometriae
714 634 876 712 praesidiis,
899 636 1023 697 haerens
1045 638 1118 697 inter
1133 637 1248 712 spineta
1261 651 1455 709 numerorum,
1477 627 1584 693 ir'ustra

237 739 352 782 cossam
374 739 459 781 auam
481 730 632 798 respectat.
672 721 738 783 Hoc
760 740 850 783 unum
872 733 918 784 est
939 722 1093 785 dlacrimen
1115 724 1191 784 tntar
1212 725 1340 786 cosaicas
1361 731 1394 784 et
1414 725 1489 784 inter
1509 737 1583 798 geo-

232 813 370 870 metricas
394 808 658 869 determinationes.
1259 851 1263 858 =

323 897 455 957 Alterum
478 905 531 971 est,
554 896 634 974 qnod
657 905 719 956 tota
740 897 814 958 baec
835 900 910 958 ratio
926 898 1076 976 Byrgiana
1098 899 1230 956 innititur
1252 899 1396 957 essentiam
1412 897 1583 973 quantitatis

236 985 379 1045 discretae
401 1002 454 1044 sen
476 1002 676 1058 numerorum,
706 993 736 1043 et
764 984 869 1045 diuidit
891 986 1065 1045 diametrum
1088 987 1117 1042 in
1146 983 1306 1061 particulae
1329 993 1440 1062 εειιεε,
1468 985 1583 1060 quoties

236 1080 266 1134 ει
288 1072 429 1149 quamdiu
452 1072 532 1146 vult,
556 1071 729 1150 generaliter
751 1074 780 1130 in
802 1082 901 1148 partes
924 1074 1012 1148 duaa3
1045 1074 1093 1133 eui
1115 1088 1235 1131 numero
1258 1079 1338 1132 totus
1359 1088 1514 1149 processus
1536 1073 1583 1129 iu·

236 1163 336 1218 nititur
358 1167 587 1236 mutareturqne,
610 1165 634 1220 si
657 1177 761 1220 nomen
785 1160 926 1221 diametro
948 1159 1030 1220 aliud
1052 1178 1105 1221 seu
1128 1176 1264 1218 numerus
1287 1160 1364 1220 alius
1386 1159 1512 1219 duntur.
1544 1158 1585 1217 At

236 1265 294 1306 non
316 1250 360 1308 sic
382 1249 542 1332 geometria
557 1248 724 1324 figurarum,
748 1251 881 1324 superine
905 1247 1020 1321 tradita,
1044 1263 1121 1326 qnae
1135 1247 1229 1306 latera
1251 1247 1381 1308 effabilia
1401 1246 1585 1323 longitudine

236 1337 335 1412 signat
355 1352 427 1395 sane
449 1337 596 1411 numeris3
627 1344 659 1395 at
682 1335 841 1395 ineffabilia
862 1353 1050 1413 nequaquam
1076 1335 1203 1394 numeris
1226 1341 1427 1407 consectatur,
1458 1333 1510 1394 sed
1531 1351 1585 1410 per

235 1440 305 1483 suas
327 1431 421 1482 εειιεε
443 1424 556 1500 specics
579 1423 735 1482 distributa
756 1426 800 1482 sic
822 1427 975 1498 enunciat,
998 1431 1032 1482 ut
1053 1429 1203 1500 appareat,
1226 1440 1285 1483 non
1308 1423 1344 1483 de
1367 1421 1508 1496 nisaeus,
1532 1420 1585 1482 aad

238 1510 275 1572 de
298 1512 443 1570 continuis
467 1512 680 1586 quantitatibus
703 1514 764 1588 agi,
786 1510 821 1569 de
844 1510 929 1572 lineis
952 1519 982 1572 ει
1004 1510 1224 1587 superficiebus.

323 1598 422 1659 Tertio
445 1599 587 1658 hactenus
610 1606 640 1659 et
661 1598 744 1657 lateri
774 1598 885 1674 figurae
908 1606 938 1657 ει
965 1598 1050 1658 lateri
1071 1598 1175 1657 stellae
1198 1596 1380 1673 cognominis
1402 1597 1507 1673 auique
1529 1615 1585 1657 sua

235 1693 314 1747 certa
331 1693 394 1745 erat
408 1686 580 1762 descriptio,
603 1687 633 1742 in
648 1686 704 1745 bac
720 1685 887 1760 algebraica
902 1685 1016 1764 analysi
1033 1685 1105 1744 illud
1127 1686 1253 1744 maxime
1275 1687 1380 1742 mburn
1402 1693 1447 1744 eat
1462 1680 1584 1766 (quam-

234 1775 280 1832 vis
303 1781 481 1850 geometram
503 1774 659 1850 praecipue
682 1770 868 1854 absterreat),
893 1773 971 1850 qnod
991 1790 1049 1832 non
1065 1790 1125 1832 una
1140 1774 1190 1831 ria
1212 1772 1353 1848 praestari
1376 1779 1481 1848 potest,
1505 1772 1584 1849 quod

236 1864 404 1939 imperatur.
450 1859 640 1936 Quanquam.
657 1860 688 1918 id
708 1877 767 1920 non
791 1863 869 1920 omni
892 1860 958 1937 lege
989 1860 1119 1920 solutum
1147 1868 1207 1932 est,
1242 1858 1312 1932 sed,
1346 1869 1380 1918 ut
1408 1876 1497 1936 snpra
1525 1859 1584 1919 dici

234 1956 380 2025 coeptum,
402 1955 447 2006 tot
468 1957 535 2012 sunt
557 1950 670 2009 numeri
692 1948 831 2007 iacientes
853 1950 1043 2024 imperatum,
1073 1957 1145 2024 quot
1165 1957 1235 2006 sunt
1257 1949 1286 2003 in
1310 1945 1402 2023 figura
1425 1947 1583 2006 subtensae

235 2053 288 2094 aen
312 2035 442 2111 diagonii
464 2033 645 2110 longitudine
669 2033 848 2108 differentes,
881 2045 914 2095 ut
946 2039 974 2094 in
1002 2034 1223 2112 qninqnangnlo
1254 2033 1326 2106 dno,
1358 2035 1386 2091 in
1410 2033 1584 2110 septangulo

234 2131 302 2194 tres,
325 2140 400 2181 unus
422 2139 475 2199 pro
498 2123 597 2196 latere,
623 2123 729 2199 reliqui
751 2140 804 2198 pro
820 2123 967 2183 subtensis
983 2122 1100 2199 angulo.
1132 2123 1237 2199 ltaque
1253 2120 1391 2197 quicquid
1414 2125 1584 2182 enunciatur

236 2210 352 2270 tandem
375 2209 411 2269 de
433 2213 620 2286 proportione
635 2210 747 2287 figurae
768 2213 895 2287 propria,
919 2211 949 2269 id
971 2227 1123 2271 commune
1145 2217 1190 2270 est
1205 2211 1333 2269 omnium
1356 2209 1420 2286 ejus
1441 2210 1583 2269 linearrrm

234 2298 471 2374 proportionibus
493 2296 531 2356 ad
554 2296 737 2357 diametrum.

321 2384 448 2460 Quarto,
472 2386 585 2461 posito,
609 2384 689 2462 quod
711 2402 770 2444 una
791 2384 856 2444 sola
877 2385 1027 2461 proportio
1049 2385 1138 2444 iaciat
1161 2385 1351 2460 imperatum,
1381 2382 1463 2443 illam
1486 2391 1582 2443 tamen

234 2488 292 2531 non
314 2471 422 2532 doceor
443 2472 607 2547 absolvere,
630 2473 683 2533 sed
705 2472 809 2532 saltem
825 2475 926 2531 venari
949 2473 1071 2531 eminus.
1110 2472 1183 2531 Cum
1205 2474 1283 2531 enim
1305 2473 1417 2548 speeiea
1439 2472 1582 2532 linearum

234 2576 325 2619 causa
347 2561 486 2620 scientiae
509 2563 661 2621 'versentur
683 2563 711 2617 in
735 2577 841 2637 genere
856 2558 1047 2620 ineffabilium
1069 2557 1110 2637 (id
1134 2568 1178 2618 εει
1199 2576 1258 2618 non
1274 2558 1506 2632 numerabilium,
1530 2576 1583 2618 seu

234 2645 369 2707 numeros
401 2649 615 2725 respuentium)
645 2664 748 2723 eoque
768 2646 850 2705 nulla
877 2665 1007 2723 unquam
1040 2646 1234 2732 multitudine.
1255 2655 1471 2707 consummetur
1497 2649 1584 2720 ratio,

235 2739 304 2812 quin
328 2753 443 2812 semper
458 2733 570 2811 aliquid
594 2737 625 2793 in
639 2736 748 2795 incerto
770 2734 967 2812 relinquatur:
991 2735 1064 2793 baec
1088 2740 1189 2794 contra
1211 2737 1295 2809 ratio,
1318 2742 1352 2794 ut
1373 2733 1440 2794 loco
1454 2733 1584 2801 secundo

235 2824 363 2902 dictum,
390 2831 504 2898 praeter
532 2840 668 2883 numeros
698 2841 756 2883 non
784 2824 908 2883 assumit
938 2823 998 2882 alia
1024 2821 1188 2898 praesidia,
1220 2823 1272 2883 sed
1302 2822 1473 2883 diametrum
1504 2825 1585 2882 varie

214 2910 348 2987 'semper
374 2909 481 2969 dividit
503 2912 533 2968 in
555 2910 663 2973 multas
684 2909 832 2988 myriadas
863 2909 1042 2988 myriadum,
1072 2918 1105 2968 ut
1131 2913 1260 2970 exactior
1288 2911 1341 2969 liat
1367 2913 1459 2985 ratio;
1490 2918 1521 2969 at
1542 2912 1585 2970 sic

234 3015 383 3075 nunquam
404 2998 438 3055 fit
459 2999 655 3073 exactissima,
679 3006 708 3057 et
730 2999 867 3071 breviter,
881 2998 938 3058 boc
952 3014 1012 3057 uon
1035 3004 1080 3057 est
1101 2999 1175 3056 scire
1196 3015 1257 3057 rem
1279 3001 1381 3075 ipsam,
1405 2997 1458 3058 sed
1480 2997 1585 3057 saltem

234 3084 346 3162 aliquid
367 3086 498 3161 proxime
521 3086 617 3161 majus
640 3084 688 3144 vel
711 3087 826 3162 minus,
853 3091 1009 3161 potestque
1032 3102 1145 3161 semper
1166 3087 1310 3162 posterior
1331 3084 1439 3162 aliquis
1462 3101 1585 3161 compu-

233 3180 310 3233 tator
332 3174 534 3249 approximare
557 3174 669 3249 magis3
703 3174 855 3249 pervenire
884 3171 923 3231 ad
949 3178 1090 3249 puuctum
1116 3174 1212 3249 ipsum
1240 3173 1314 3232 nulli
1336 3190 1465 3248 unquam
1489 3172 1584 3232 datur.

234 3260 320 3319 Talia
342 3261 476 3319 nimirum
499 3268 568 3320 sunt
589 3263 705 3337 omnia,
729 3278 805 3337 quae
827 3260 972 3320 latentia
995 3258 1060 3319 sola
1081 3261 1278 3336 possibilitate
1299 3261 1441 3321 materiae
1463 3263 1584 3336 quanti-

235 3350 356 3419 tativae,
379 3366 475 3423 neque
498 3349 701 3407 formationem
724 3348 834 3408 babent
855 3346 1009 3428 scibilem,
1042 3364 1101 3423 qua
1123 3351 1152 3406 iu
1175 3356 1273 3410 actum
1295 3346 1472 3425 quandoque
1494 3349 1586 3409 scibi-

234 3435 325 3495 litatis
348 3435 493 3495 bumanae
516 3438 738 3496 constituantur:
762 3452 766 3460 ·
801 3462 805 3467 ·

322 3521 449 3597 Quinto,
484 3530 517 3582 ut
538 3525 569 3581 in
591 3525 688 3600 specie
712 3523 753 3582 de·
770 3520 945 3600 septangulo
967 3520 1125 3599 figurisque
1148 3521 1236 3598 hujus
1257 3525 1372 3599 generis
1401 3539 1586 3600 consequen·

235 3610 312 3669 tibus
335 3627 466 3687 agamus,
490 3627 556 3670 cum
577 3628 630 3688 per
653 3628 704 3670 eas
727 3609 828 3670 ordine
851 3627 906 3670 suo
928 3626 993 3669 sese
1009 3618 1219 3686 consequentes
1232 3610 1491 3688 proportionalitas
1513 3628 1586 3671 oon·

235 3699 317 3755 tinua
340 3698 514 3758 extendatur
544 3714 610 3758 cum
632 3700 697 3774 ipso
726 3715 846 3758 numero
869 3697 1008 3757 lateram:
1040 3714 1109 3774 ergo
1128 3700 1153 3757 si
1175 3700 1301 3758 maxime
1323 3700 1516 3758 innotesceret
1538 3697 1586 3756 ul·

234 3785 323 3861 tima,
352 3793 384 3843 nt
406 3788 436 3843 in
459 3784 634 3862 septangulo
657 3785 917 3861 proportionalium
941 3785 1083 3860 septima,
1112 3801 1171 3844 non
1200 3794 1298 3846 tamen
1322 3803 1373 3862 per
1394 3801 1460 3845 eam
1480 3786 1586 3845 baberi

234 3877 354 3947 possent
377 3873 575 3932 intermediae.
620 3872 696 3931 Nam
720 3875 793 3930 inter
817 3872 905 3946 duas,
937 3884 1013 3947 qnae
1043 3888 1102 3932 nen
1133 3872 1245 3934 babent
1271 3874 1586 3952 proportionem‘inter

234 3976 275 4032 se,
299 3976 387 4034 quam
412 3959 469 4018 duo
491 3963 604 4019 numeri
621 3958 902 4036 proportionalitatis
925 3959 1120 4032 continuatae,
1144 3968 1176 4019 ut
1191 3961 1321 4033 cubicae,
1345 3959 1505 4021 seruolidae
1529 3966 1584 4019 eie.

234 4053 382 4122 nequeunt
403 4051 579 4123 geometrice
603 4049 740 4107 constitui
763 4049 900 4107 continue
922 4047 1154 4123 proportionales
1175 4046 1363 4109 intermediae
1385 4055 1584 4124 quotcunque,

233 4132 286 4193 sed
308 4132 404 4193 solum
431 4129 490 4194 un'a
519 4135 565 4195 vel
591 4134 650 4194 t'res
679 4135 727 4195 rel
754 4143 866 4212 septem
889 4133 936 4194 rel
959 4133 1124 4210 quindecim
1152 4143 1224 4209 etc,
1257 4134 1316 4195 duo
1339 4152 1408 4196 vero
1439 4135 1486 4196 rel
1509 4152 1585 4212 qua-

234 4230 308 4294 tuor,
332 4223 470 4297 quinque,
494 4239 555 4295 sex,
579 4229 655 4296 octo,
679 4239 785 4282 novem
799 4231 853 4282 etc.
877 4223 1015 4282 constitui
1037 4230 1106 4282 tunc
1127 4239 1185 4282 non
1206 4231 1330 4299 possunt
1351 4223 1494 4302 inplebo,
1518 4240 1584 4284 cum

234 4308 282 4368 bic
305 4307 340 4367 de
364 4309 458 4385 planis
480 4309 580 4386 liguris
602 4327 733 4385 agamus.

321 4394 391 4455 Jam
419 4413 489 4456 vero
519 4399 593 4456 inter
615 4398 861 4457 semidiametrum
888 4400 901 4454 1
934 4403 963 4456 et
985 4398 1138 4472 septimam
1160 4397 1407 4474 proportionalem
1433 4392 1491 4457 lvn
1512 4414 1586 4476 pro·

235 4483 376 4559 portionis
398 4483 615 4560 septangularis
637 4493 706 4545 sunt
728 4484 841 4544 mediae
862 4483 1095 4560 proportionales
1117 4501 1184 4555 sax,
1214 4485 1246 4544 id
1270 4493 1314 4546 εει
1341 4489 1353 4544 l
1380 4485 1418 4546 ad
1443 4480 1502 4545 ,vu
1524 4502 1584 4545 non

234 4579 267 4627 nt
289 4588 426 4630 numerus
449 4570 659 4632 adnumerum
681 4573 876 4651 proportionis
899 4572 1054 4632 continnae
1070 4588 1164 4650 aequa
1179 4572 1303 4649 longae;
1326 4591 1384 4633 non
1407 4581 1451 4634 est
1473 4572 1584 4634 scilicet

235 4660 383 4734 proportio
406 4658 612 4720 semidiametri
636 4659 673 4719 ad
696 4660 775 4720 latus
807 4658 971 4735 septangnli
993 4657 1152 4718 seeundum
1182 4659 1256 4720 duos
1279 4677 1429 4735 numeros,
1460 4660 1517 4722 boc
1538 4669 1585 4721 est

235 4762 294 4803 non
317 4746 441 4805 effabilis
463 4755 515 4807 εει.
560 4747 636 4807 Nam
664 4751 689 4807 si
713 4755 790 4809 esset
812 4745 951 4820 effabilis,
980 4746 1096 4807 caderet
1117 4747 1147 4829 in
1165 4739 1289 4825 'species
1319 4752 1400 4825 prius
1422 4747 1583 4825 explicatas

236 4832 371 4892 classium
394 4835 537 4910 priorum,
561 4842 590 4895 et
612 4844 724 4912 septem
746 4832 847 4912 anguli
869 4850 926 4892 non
950 4841 1047 4894 essent
1068 4841 1196 4912 septem,
1219 4836 1271 4895 sed
1293 4843 1351 4895 bea
1376 4836 1423 4896 rel
1446 4844 1582 4913 quatuor,

237 4919 316 4996 quod
339 4920 597 4984 contradictionem
619 4923 754 4984 involvit.
789 4923 832 4981 Ex
856 4921 973 5000 angulis
995 4925 1071 4983 enim
1092 4924 1249 5000 primarum
1271 4922 1429 5002 figurarum
1451 4933 1514 4986 erat
1535 4924 1583 4985 la·
