3567 5625
262 475 303 535 70
642 461 787 535 Epistulae
804 462 917 535 Keplcri
933 461 1101 532 aliorumque
1117 467 1229 518 mutuas

260 649 402 710 terminos
425 645 578 726 explicem.
607 644 654 705 'l'u
676 644 814 718 vicissim,
838 642 890 703 ubi
913 657 965 703 eos
986 657 1053 701 mea
1075 655 1164 718 opera
1186 639 1331 713 didiceris,
1353 655 1467 700 mecum
1487 638 1519 696 in
1539 651 1614 697 eon·

261 735 484 816 templationcm
505 733 657 794 incumbes
679 731 926 811 metaphysicam,
956 730 1004 789 cui
1024 729 1202 804 geometrica
1222 731 1279 788 ista
1300 727 1468 788 famulatur.
1511 722 1614 785 Nodus

261 825 376 885 solutus
399 829 444 883 est
466 820 665 882 Harmonicas'
685 819 760 881 libro
783 818 821 878 V.
843 819 874 877 in
897 833 988 893 marg.
1018 815 1081 875 lolii
1104 816 1421 885 steenstraten.
1444 815 1494 886 tt).
1537 811 1614 872 liam

262 899 337 972 iuter
360 926 551 990 quascunque
575 908 648 969 duas
670 909 852 985 quantitates
873 911 919 966 est
940 905 1100 984 proportio,
1123 904 1187 963 sire
1209 900 1332 961 sensiles
1354 899 1403 962 sal
1426 901 1527 976 quasi,
1548 900 1614 959 sire

262 999 422 1073 mentales3
445 996 511 1058 dico
533 995 583 1059 rel
605 998 699 1073 quasi,
722 1002 755 1056 ut
778 993 852 1054 duas
872 992 976 1066 lineas,
1000 990 1075 1051 duas
1097 989 1274 1069 superficies,
1298 987 1356 1049 duo
1380 1004 1517 1065 corpora,
1539 985 1615 1046 duos

263 1091 352 1150 etiam
374 1102 524 1160 numeros,
558 1085 629 1163 quia
652 1086 681 1142 iu
704 1090 846 1162 quantum
867 1083 890 1141 ii
912 1087 1116 1157 comparantur
1143 1079 1283 1150 invicem,
1313 1077 1440 1135 unitates
1467 1081 1615 1152 ponuntur

261 1175 370 1237 habere
391 1176 465 1234 inter
487 1171 685 1249 coaequales,
709 1176 743 1231 ut
762 1169 865 1231 lineas.
895 1168 954 1228 Hic
969 1168 1065 1246 igitur,
1090 1182 1156 1226 cum
1174 1164 1238 1225 dieo
1254 1166 1470 1246 proportionem
1485 1161 1615 1242 duplam,

261 1262 388 1342 triplam,
411 1260 605 1340 sesquiplam,
632 1276 691 1321 ror
713 1253 862 1339 proportio
891 1255 982 1316 habet
1002 1271 1120 1315 sensum
1142 1250 1309 1315 absolutum
1338 1259 1368 1312 et
1389 1250 1423 1312 lit
1440 1250 1503 1328 jam
1525 1252 1616 1312 etiam

262 1352 328 1430 ipsa
350 1351 501 1429 quantitas
523 1348 625 1424 aliqua
643 1349 677 1428 'in
700 1345 844 1406 inlinitum
866 1343 1001 1418 dividua,
1023 1341 1076 1403 sed
1094 1341 1173 1403 haec
1195 1341 1344 1417 quantitas
1366 1347 1412 1400 est
1433 1338 1498 1398 sola
1518 1344 1616 1399 menta

263 1434 542 1517 comprehensibilis,
573 1431 726 1512 nunquam
746 1451 851 1507 muru,
881 1449 919 1493 ne
949 1433 977 1489 in
1001 1425 1132 1491 mamm*
1146 1427 1274 1506 quidem
1319 1426 1394 1488 Cum
1416 1429 1504 1504 igitur
1526 1427 1615 1486 etiam

262 1526 337 1587 haec
358 1524 496 1586 absoluta
526 1524 677 1602 proportio
704 1524 743 1581 sit
771 1521 872 1597 aliqua
903 1520 1069 1598 quantitas,
1097 1518 1246 1596 accipiens
1268 1515 1365 1592 majus
1387 1522 1418 1576 et
1439 1515 1549 1573 minus:
1573 1512 1616 1583 flt,

262 1621 296 1674 ut
317 1613 407 1674 etlam
429 1610 507 1671 duae
528 1609 602 1671 tales
625 1610 829 1690 proportiones
850 1610 925 1667 inter
946 1625 979 1666 se
1002 1607 1114 1685 possint
1136 1604 1314 1683 comparari3
1337 1601 1405 1663 hinc
1427 1602 1525 1663 existit
1545 1618 1616 1679 pro·

263 1701 359 1781 portio
381 1699 602 1778 proportionum
626 1703 656 1759 et
677 1696 714 1758 dc
734 1696 790 1757 hac
810 1695 918 1772 loquor
941 1711 997 1772 ego
1018 1692 1085 1754 loco
1108 1690 1247 1769 allegato.
1281 1695 1364 1760 (Quae
1388 1700 1527 1761 uquuntnr
1550 1697 1616 1745 rate-

263 1796 342 1848 rsnds
359 1793 469 1844 suntad
487 1792 636 1855 Epitomen.)

352 1869 388 1955 3)
411 1871 528 1932 Musica
542 1869 678 1932 eoelestis
692 1887 751 1930 non
767 1888 803 1931 cx
818 1869 899 1948 praxi
915 1868 1038 1929 canendi
1053 1868 1173 1945 agnued
1188 1865 1283 1941 debet,
1306 1862 1359 1926 sed
1373 1881 1410 1925 ex
1423 1862 1546 1939 theoria,
1568 1866 1616 1925 cui

265 1962 367 2021 musici
390 1961 455 2020 soni
484 1967 514 2019 et
542 1957 688 2019 distinctio
710 1973 849 2035 generum
872 1965 977 2017 cantus
1007 1955 1071 2015 duri
1099 1953 1249 2016 cimeliis
1271 1954 1433 2013 innituntur
1454 1960 1485 2012 et
1507 1951 1615 2016 suffieit

264 2045 493 2110 monochordum
514 2047 558 2106 sic
581 2045 724 2126 divisum,
754 2052 788 2104 nt
808 2044 884 2104 libro
907 2044 963 2104 III.
987 2042 1126 2103 dividitur
1147 2041 1238 2102 semel
1259 2043 1291 2101 in
1314 2044 1351 2111 t,
1379 2038 1509 2100 secundo
1531 2041 1562 2098 in
1585 2041 1615 2113 3,

264 2138 350 2197 tertie
373 2138 403 2194 lu
426 2136 456 2209 4,
480 2140 585 2210 quarto
607 2134 637 2218 ip
661 2134 691 2207 b,
713 2134 816 2209 quinto
838 2134 868 2190 in
892 2133 922 2204 6,
945 2130 976 2191 id
998 2138 1044 2191 est
1066 2147 1118 2210 pro
1141 2130 1311 2191 omuibusb
1335 2123 1449 2188 vicibus
1471 2127 1563 2188 semel
1585 2129 1617 2186 in

267 2226 322 2283 60:
347 2230 380 2282 ut
401 2221 514 2282 scilicet
536 2237 572 2280 ex
594 2220 761 2300 pulsatione
783 2221 875 2282 totius
898 2226 928 2279 et
942 2221 1070 2297 partium
1090 2216 1270 2296 amputatum
1291 2216 1463 2277 harmonion
1484 2223 1617 2278 coutem-

265 2313 378 2390 peratio
400 2309 516 2368 aurium
534 2307 648 2384 judicio
672 2307 855 2386 comprobari
876 2309 980 2385 possit.

354 2397 518 2475 Apotomas
533 2404 563 2457 et
576 2395 716 2470 binomia,
740 2411 757 2454 u
780 2395 866 2470 bone,
888 2394 997 2455 frustm
1018 2396 1048 2453 in
1068 2392 1157 2462 rebus
1179 2391 1335 2453 sensilibus
1349 2407 1508 2468 agnosoers
1528 2390 1617 2453 labo·

265 2503 330 2559 resq
352 2484 410 2544 hoc
434 2485 511 2544 enim
533 2482 653 2563 perinde
676 2488 729 2556 est,
752 2498 788 2542 ac
810 2484 836 2541 si
859 2499 1027 2543 enumerare
1042 2483 1184 2554 nitereris,
1207 2497 1284 2558 quae
1299 2487 1368 2539 sunt
1381 2479 1627 2552 mnumaabilta,

266 2572 344 2633 Sane
367 2573 474 2632 sentire
497 2567 574 2641 aldea
594 2572 782 2648 quantitatis,
811 2576 857 2629 cst
878 2570 943 2646 cius
965 2571 1093 2629 unitates
1114 2566 1330 2645 quodammodo
1353 2584 1535 2643 enumerare,
1565 2576 1619 2629 aut

169 2719 178 2740 ,ἱ
266 2678 325 2721 nou
349 2661 491 2720 sentietur
513 2680 547 2719 ro
571 2657 660 2732 eldea,
690 2655 743 2718 sed
773 2656 870 2716 solum
900 2655 1050 2717 materiale
1081 2657 1262 2733 quantitatis.
1306 2654 1473 2733 Apotomae
1495 2664 1526 2717 ct
1544 2656 1619 2717 talia

268 2755 337 2808 sunt
358 2743 529 2820 ineffabilia,
552 2741 662 2826 dloya,
692 2752 775 2804 muta
796 2761 891 2822 eoque
914 2754 943 2805 et
966 2741 1116 2804 insensilia
1137 2742 1260 2821 solaque
1281 2752 1378 2803 menta
1400 2742 1618 2824 comprehensi·

268 2834 340 2895 bilia
361 2842 390 2895 et
412 2834 469 2894 hoc
491 2835 607 2893 nomine
630 2834 749 2893 omniuo
773 2834 887 2912 loprae,
912 2840 1013 2893 contra
1036 2848 1125 2909 quam
1147 2830 1224 2891 latus
1248 2831 1415 2910 septanguli
1438 2839 1512 2908 etc,
1535 2832 1618 2908 quod

266 2940 326 2983 non
349 2930 463 2982 tautum
485 2938 545 2980 nou
567 2922 731 2991 enunciari,
761 2918 813 2980 sed
835 2938 873 2980 ne
894 2927 992 2981 mente
1014 2918 1132 2997 quidem
1154 2918 1359 2999 comprehendi
1382 2926 1498 3001 potest,
1528 2938 1617 2998 qnam

266 3010 390 3087 longum
410 3010 450 3069 sit
472 3025 549 3068 nexu
571 3007 672 3085 aliquo
695 3025 732 3069 ex
755 3006 898 3068 diametro
921 3006 1021 3068 circuli
1043 3005 1182 3085 pendeus.
1227 3007 1348 3067 Rectius
1371 3007 1511 3082 dixisses,
1538 3008 1618 3069 latus

267 3095 434 3176 septanguli
456 3112 602 3158 essenon
625 3103 739 3156 tantum
760 3093 1053 3155 incommensurabile
1074 3093 1232 3171 diametro,
1264 3094 1316 3155 sed
1339 3097 1366 3155 ei
1395 3094 1482 3173 plane
1504 3099 1619 3157 incom-

267 3183 460 3254 municabile,
489 3199 586 3261 neque
617 3183 706 3244 effatu
734 3199 831 3260 neque
860 3182 1028 3243 definitione
1056 3181 1187 3244 mentali.
1230 3182 1294 3243 Etsi
1315 3199 1433 3262 propos.
1458 3184 1510 3245 ta.
1534 3185 1620 3262 primi

268 3272 463 3333 Harmonices
485 3271 625 3349 probari,
656 3288 693 3331 ne
721 3268 802 3330 illam
824 3269 945 3348 quidem
967 3271 1275 3341 communicationem,
1305 3287 1381 3349 quae
1410 3277 1456 3332 est
1475 3271 1620 3332 linearum

168 3434 177 3443 ¹
267 3358 506 3437 septangularum
528 3360 649 3419 seorsim
671 3360 748 3418 inter
769 3375 819 3428 se,
842 3357 975 3420 sulficere
997 3356 1036 3418 ad
1058 3356 1285 3419 construendum
1307 3358 1515 3437 septangulnm
1537 3366 1621 3420 extra

267 3447 422 3509 circulum:
452 3453 486 3506 ut
511 3447 554 3507 sic
583 3444 666 3506 nulla
694 3444 747 3506 fiat
767 3445 874 3523 injuria
896 3443 1089 3524 septangula,
1119 3446 1146 3504 si
1173 3462 1233 3505 nou
1261 3453 1375 3506 tantum
1401 3446 1548 3507 adimatur
1576 3446 1621 3506 illi

268 3536 493 3597 communicatio
517 3551 583 3594 cum
606 3533 759 3607 diametro,
782 3532 835 3594 sed
857 3535 947 3594 etiam
968 3534 1063 3594 omnis
1085 3533 1204 3593 omniuo
1220 3535 1315 3611 loprae
1337 3551 1390 3596 seu
1412 3535 1548 3595 mentalis
1570 3552 1621 3595 es·

267 3625 373 3694 sautia
396 3630 479 3684 extra
494 3620 631 3682 cuculum
647 3621 840 3696 considerata,
863 3629 897 3681 ut
912 3623 1004 3701 ipsius
1025 3638 1084 3681 esse
1098 3619 1301 3697 qualecunque
1323 3628 1437 3682 tantum
1458 3624 1498 3683 sit
1517 3626 1621 3698 inme,

267 3709 356 3788 idque
379 3708 568 3770 materialiter
590 3717 712 3784 tantum,
735 3725 794 3770 non
806 3708 975 3771 formaliter.
1005 3708 1125 3769 Inflnita
1146 3715 1192 3769 est
1213 3708 1417 3786 symbolisatio
1439 3711 1529 3771 totius
1552 3710 1622 3787 pbi-

266 3796 420 3875 losophiac
443 3798 473 3854 ln
495 3796 541 3856 his
563 3796 793 3871 mathematicis,
825 3814 901 3874 quae
929 3797 985 3858 tibi
1007 3802 1138 3856 occurret
1159 3812 1268 3873 magua
1291 3799 1390 3877 copia,
1422 3797 1474 3858 ubi
1495 3799 1622 3877 primum

166 3904 177 3933 x
268 3883 381 3944 aditum
409 3885 587 3962 perruperls,
616 3882 655 3944 sd
685 3882 858 3963 capiendum
884 3883 935 3944 lib.
957 3884 984 3944 ¹I.
1007 3882 1210 3944 Harmonicea
1255 3883 1410 3960 Quomodo
1440 3903 1510 3947 reru
1532 3894 1622 3947 notum

268 3972 354 4032 nobis
384 3971 498 4048 species
525 3968 679 4049 planorum
706 3971 906 4032 ordinatorum
934 3974 965 4029 in
996 3971 1104 4032 circulo
1134 3969 1222 4050 (quae
1248 3979 1318 4032 sunt
1345 3972 1490 4050 quaedam
1513 3973 1622 4035 situla

268 4060 374 4119 mentis
398 4057 484 4118 oculo
506 4054 637 4139 sensilia)
659 4057 817 4119 exhibeant
839 4060 922 4135 varia
944 4057 1078 4139 exempla
1098 4058 1203 4120 horum
1225 4059 1430 4139 metabulum,
1453 4078 1548 4139 eaque
1570 4078 1623 4141 per

268 4148 349 4225 ipsas
372 4162 477 4206 musas
500 4161 643 4223 geneseos
665 4163 752 4221 suae,
776 4145 806 4205 id
829 4153 901 4225 puto
923 4148 966 4207 sic
981 4164 1046 4208 esse
1062 4145 1239 4226 explicatum
1260 4148 1312 4208 lib.
1328 4148 1353 4209 I.
1368 4147 1622 4225 Harmonicorum,

270 4241 304 4294 ut
327 4251 363 4295 er
386 4232 446 4293 alio
470 4233 677 4295 commentario
700 4236 834 4311 conquiri
854 4231 913 4295 neo
932 4234 1059 4296 debeant
1080 4252 1135 4296 uec
1157 4237 1279 4314 possint
1313 4235 1351 4297 Et
1372 4238 1442 4315 qula
1463 4237 1511 4298 hio
1532 4237 1623 4299 limen

267 4323 411 4399 focusque
434 4318 717 4382 characterisationis
740 4324 845 4382 mentis
867 4322 1013 4383 humanae
1042 4324 1191 4400 totiusque
1218 4330 1340 4387 naturae
1368 4326 1483 4386 animae
1510 4325 1624 4387 sorma-

269 4427 392 4487 rumque
420 4425 440 4468 a
469 4415 566 4469 mente
596 4408 711 4469 divina:
744 4407 882 4470 adhortor
909 4418 951 4485 te,
982 4418 1016 4470 nt
1047 4413 1165 4471 aniane
1194 4410 1233 4471 ad
1259 4411 1312 4474 illa
1340 4412 1622 4492 comprehendenda.

267 4497 461 4558 Humerorum
483 4503 595 4557 attactu
617 4495 666 4559 sel
688 4498 859 4576 parcissimo
883 4497 932 4558 rel
953 4496 1040 4578 plane
1062 4497 1143 4560 nullo
1166 4506 1212 4560 est
1239 4517 1330 4579 opus,
1361 4502 1529 4581 praesertim
1557 4500 1622 4575 illo,

269 4603 328 4663 quo
352 4586 493 4646 cassiotae
515 4590 644 4645 utantur.
688 4582 805 4659 Precor,
828 4586 912 4646 Deus
935 4594 1006 4647 vota
1028 4604 1094 4647 mea
1115 4593 1230 4648 tantum
1251 4589 1402 4665 secundet,
1424 4595 1458 4650 ut
1479 4595 1623 4667 quantum

269 4674 408 4751 temporis
431 4673 460 4730 in
484 4674 605 4734 cossicis
628 4678 674 4733 est
695 4673 839 4753 perditum
861 4692 880 4734 a
902 4673 1044 4753 plurimis,
1066 4682 1181 4736 mutum
1203 4676 1233 4734 in
1247 4678 1464 4756 perceptionem
1484 4677 1623 4739 mentalis

268 4758 384 4819 illarum
405 4777 501 4820 rernm
522 4762 668 4823 essentiae
689 4761 882 4840 impendatur.
920 4761 970 4838 Sic
991 4764 1069 4824 euim
1082 4761 1286 4843 philosophiae
1307 4764 1451 4830 culturam
1471 4764 1622 4848 publicam

270 4853 388 4911 auctum
410 4848 444 4905 iri
466 4865 613 4927 sperarem
636 4851 803 4910 aecemione
825 4866 884 4909 non
906 4850 1126 4915 contemnenda.
1149 4885 1193 4901 -
