3567 5625
218 2507 297 2568 Nihil
321 2510 409 2586 igitur
431 2508 511 2569 uliud
534 2521 603 2570 sunt
617 2518 714 2572 motus
729 2513 887 2588 coelorum,
910 2532 1000 2592 quem
1019 2512 1156 2596 perennis
1179 2508 1299 2587 quidem
1322 2511 1481 2568 concentus

138 2590 316 2675 (rationalis,
351 2615 409 2656 non
434 2595 562 2682 voculis)
584 2617 637 2677 per
659 2598 842 2662 dissonantes
864 2604 1030 2676 tensiones,
1053 2599 1145 2660 veluti
1168 2596 1310 2675 quasdem
1333 2609 1480 2676 syncope·

136 2685 226 2742 tiones
254 2684 302 2743 vel
333 2683 483 2745 eadentiss
515 2681 637 2767 (qulbus
660 2686 793 2749 homiues
815 2689 965 2750 imitantur
994 2691 1066 2768 isles
1089 2686 1285 2752 dissonantias
1307 2680 1480 2755 naturales),

26 2765 28 2796 r
137 2770 253 2830 tendens
275 2773 305 2830 in
329 2779 423 2833 certes
446 2780 475 2833 et
497 2776 690 2852 praescriptos
722 2777 888 2851 clausulas,
919 2775 1051 2853 singulas
1079 2792 1129 2836 sex
1160 2775 1347 2835 terminorum
1376 2767 1481 2847 (veluti

139 2864 250 2933 vocum)
274 2863 369 2937 iisque
385 2862 462 2921 notis
485 2864 709 2925 tununensiueem
724 2869 863 2944 temporis
885 2868 1088 2943 insignierunt
1112 2861 1308 2939 distirpuenu
1330 2858 1481 2921 nimitum

137 2946 256 3023 emplius
279 2965 338 3007 non
361 2949 409 3022 sit,
433 2948 551 3009 tandem
561 2952 710 3011 inventam
733 2970 799 3014 esse
821 2956 860 3017 eb
884 2954 1012 3029 homine,
1036 2951 1183 3013 Creatoris
1204 2950 1250 3009 sul
1272 2947 1368 3019 dmin,
1390 2947 1481 3005 retio-

138 3050 201 3093 nem
222 3035 346 3097 canendi
369 3052 422 3113 per
444 3044 628 3113 eeneentunr,
661 3042 792 3114 ignotum
822 3043 989 3115 veteribus,
1018 3046 1051 3099 ut
1080 3038 1194 3101 seilicet
1222 3037 1313 3096 tetius
1342 3028 1482 3111 temporis

137 3121 270 3182 mundani
290 3124 515 3201 perpetuitatem
544 3126 573 3185 in
603 3125 685 3185 brevi
708 3127 809 3205 aliquo
841 3129 932 3190 horse
961 3133 1043 3206 perte
1074 3144 1125 3204 per
1147 3124 1333 3186 artifieiossm
1356 3119 1481 3198 plurium

138 3225 236 3269 seeum
258 3211 463 3289 symphoniam
495 3211 606 3273 luderet
630 3213 744 3290 Deique
768 3213 889 3293 Opilleis
921 3215 1163 3293 complacentium
1192 3212 1221 3269 in
1254 3210 1391 3289 operibns
1420 3210 1482 3268 suis

137 3299 306 3356 suavissimo
329 3317 419 3358 sensu
442 3298 611 3376 voluptatis,
635 3320 669 3361 ex
692 3301 749 3362 hae
767 3302 824 3363 Dei
847 3306 1001 3365 imitatrice
1023 3304 1136 3361 musice
1149 3304 1313 3377 pereepise,
1337 3295 1482 3374 quedem-

139 3392 216 3445 tenur
238 3385 417 3463 degustaret.

683 3605 826 3677 CAPUT
852 3606 932 3677 vill.

185 3765 275 3833 Quis
293 3767 328 3819 iu
348 3767 643 3823 concordentiis
662 3768 907 3825 coelestibus
925 3768 1117 3839 discenti,
1136 3769 1221 3838 quis
1238 3767 1328 3830 olli,
1347 3764 1435 3834 quis

407 3852 414 3861 '
458 3854 626 3920 teneris,
649 3854 1153 3925 quisbessivieemobeet‘l

216 4018 280 4077 Etsi
303 4016 377 4077 osee
398 4026 467 4077 runt
489 4015 635 4078 nonnula
650 4032 756 4077 voonm
777 4018 980 4092 humanarum,
1002 4035 1057 4079 nee
1072 4021 1100 4077 in
1124 4018 1209 4080 coelo
1233 4030 1321 4077 voees
1343 4023 1396 4076 eut
1414 4014 1480 4075 seni

141 4105 270 4177 existunt,
294 4105 333 4165 ob
356 4122 500 4165 summanr
523 4112 657 4173 motuum
676 4104 926 4180 tranquillitatem,
950 4114 1033 4167 atne
1055 4106 1189 4182 subjeoto
1211 4105 1339 4181 quidem,
1362 4106 1391 4161 in
1415 4104 1482 4177 qui-

143 4189 190 4249 bus
211 4192 380 4257 hermenios
402 4192 654 4269 deprehendimus,
679 4193 734 4251 sub
750 4201 846 4252 motus
863 4195 923 4253 ueri
937 4209 1043 4267 genere
1059 4192 1350 4269 comprehenduntur,
1373 4193 1481 4267 quippe

141 4294 198 4337 eun
219 4278 314 4340 solum
337 4290 511 4357 apparentes
533 4299 570 4340 ex
592 4279 662 4340 Sole
684 4289 781 4340 metus
803 4279 1032 4355 consideremus3
1063 4283 1118 4339 etsi
1141 4280 1266 4354 deniqne
1289 4292 1379 4338 oense
1399 4277 1482 4336 nullu

141 4365 267 4427 tulisset
290 4370 319 4425 ln
343 4367 436 4439 coelo,
459 4384 535 4444 quoe
559 4382 646 4427 voees
665 4376 744 4427 eerte
767 4384 887 4428 nurnero
903 4366 1029 4427 advocet
1043 4367 1080 4425 sd
1105 4365 1268 4427 laciendum
1291 4365 1481 4437 numenium,

142 4453 229 4527 oeulis
251 4464 298 4515 est
319 4455 350 4513 in
372 4463 459 4515 euutu
483 4454 629 4516 hnmano:
658 4456 739 4531 prins
759 4457 869 4533 quippe
891 4462 954 4514 eret
975 4471 1114 4515 numerus
1135 4453 1318 4532 planeterunr
1340 4470 1401 4524 ser,
1424 4452 1482 4511 So·

141 4538 190 4599 iern
211 4524 465 4613 circumeuntiurfi‚
499 4560 536 4601 ex
565 4557 686 4602 nurnero
716 4541 1094 4619 qulnqeeinterrellorum
1122 4560 1140 4601 e
1169 4540 1269 4618 liguris
1297 4539 1482 4615 regularibus

142 4626 346 4702 detentorum,
370 4637 475 4706 pestes
496 4628 612 4689 domum
635 4628 750 4703 (ordine
773 4636 909 4702 neturus,
938 4646 996 4689 non
1019 4624 1174 4710 temporis)
1197 4628 1234 4689 ds
1256 4635 1388 4687 motuum
1410 4644 1483 4685 eon·

140 4719 265 4788 mentis
286 4716 475 4779 statuendum
498 4719 568 4791 luit3
596 4718 697 4777 neseio
720 4723 831 4788 umen,
854 4733 914 4792 quo
937 4724 1024 4793 paeto
1046 4716 1117 4776 milri
1140 4718 1199 4775 vlrn
1221 4716 1309 4775 ioeiat
1332 4714 1406 4774 lusee
1426 4712 1482 4772 ud-

142 4804 272 4864 nrirebilis
287 4806 477 4877 eongruontie
492 4821 559 4863 oum
573 4802 702 4863 humano
715 4811 813 4875 sautu
835 4812 868 4867 nt
890 4804 1098 4880 huncquoque
1120 4814 1233 4882 partem
1256 4803 1482 4879 comparationis

144 4891 223 4952 etiem
243 4893 307 4953 sine
329 4889 425 4951 solide
447 4908 537 4952 rause
559 4889 684 4950 naturali
706 4893 843 4969 prosequi
873 4907 971 4968 cogar.
1016 4890 1097 4968 Quas
1126 4894 1204 4954 sulm
1224 4891 1300 4951 libro
1323 4892 1409 4952 tertie
1430 4906 1482 4951 ee·
