3567 5625
262 431 327 492 350
768 422 917 482 Pwlemsd
933 422 1087 481 fflmonia

261 600 491 681 numerosae¹la
514 603 714 681 imap'uatira,
736 619 812 681 quaa
835 604 968 665 consistit
982 605 1011 662 in
1027 604 1244 664 transmissione
1256 603 1424 681 sensilium
1447 606 1599 679 memoria,

260 694 291 750 ln
313 694 406 769 prima
426 693 609 767 nmatione,
631 692 845 751 reminiscentia
862 694 894 750 in
909 691 1100 751 observandis
1114 700 1143 751 et
1166 692 1359 752 memorandis
1377 695 1522 769 iis,'quae
1537 695 1601 771 sig·

261 789 333 840 uate
354 786 437 851 suut3
461 778 608 838 discursus
632 780 662 836 ln
685 778 840 855 cogitando
863 786 893 840 et
914 776 1097 857 quaerend03
1121 781 1220 857 opinio
1240 783 1270 839 in
1284 779 1476 856 conjectando
1491 780 1601 855 obiter3

261 868 336 948 ratio
358 868 388 926 in
410 877 490 927 recta
518 866 740 942 dijudicatione3
770 869 891 927 scientia
914 869 943 925 in
967 868 1097 926 iventone
1120 867 1377 944 comprehensione
1405 868 1534 946 perfecta
1545 865 1600 947 Π)

263 952 322 1014 Sed
344 955 403 1014 alio
425 953 512 1014 modo
536 951 674 1012 dividitur
698 955 795 1014 anima
816 962 918 1014 nostra
938 956 968 1012 in
990 955 1238 1030 ratiocinativam,
1270 955 1445 1015 irascibilem
1467 964 1497 1015 et
1519 956 1600 1016 desi·

262 1041 423 1102 derativam
452 1037 589 1122 vium).
633 1040 727 1118 Igitur
749 1043 954 1101 ratiocinativa
980 1049 1096 1120 propter
1125 1059 1229 1102 causas
1255 1042 1460 1119 aequalitatis,
1491 1043 1601 1104 similes

261 1129 354 1204 dictis,
378 1130 539 1207 comparari
558 1131 624 1206 jure
646 1131 750 1189 merito
773 1147 838 1189 cum
861 1129 1003 1207 diapason
1025 1132 1148 1206 poterit3
1172 1129 1333 1205 irascibilis,
1357 1147 1432 1207 quae
1455 1129 1498 1189 illi
1522 1148 1600 1207 qno·

261 1216 415 1276 dammodo
437 1235 470 1278 se
492 1220 621 1296 proxime
643 1221 786 1291 associat,
809 1219 1016 1277 consonantiae
1039 1216 1191 1293 diapente;
1219 1217 1416 1278 desiderativa
1437 1234 1491 1278 seu
1514 1221 1601 1295 cupi-

261 1304 353 1379 ditas,
382 1313 415 1364 ut
437 1322 513 1381 qnae
534 1302 691 1381 praedictis
710 1305 844 1380 subJ'ecta
872 1313 902 1364 et
923 1303 1112 1364 subordinate
1134 1306 1188 1378 sit,
1219 1307 1426 1365 consonantiae
1454 1305 1602 1367 diatessa-

260 1383 401 1472 ron¹¹¹¹l
443 1392 520 1452 Nam
546 1399 577 1452 et
604 1399 718 1452 caterae
746 1391 905 1469 dignitates
935 1399 965 1452 et
993 1391 1184 1451 inclusionem
1206 1392 1326 1452 alterius
1356 1395 1387 1451 in
1408 1393 1501 1454 altera
1529 1395 1601 1453 atti-

259 1481 371 1553 nentia,
403 1495 480 1556 quae
501 1482 636 1556 ubisque
658 1481 844 1555 contingunt,
877 1477 980 1540 eodem
1008 1478 1068 1538 lere
1090 1478 1177 1538 modo
1206 1482 1295 1540 etiam
1326 1497 1361 1539 ex
1384 1479 1464 1541 hisce
1493 1479 1601 1558 deduci

259 1571 378 1645 patique
400 1574 539 1644 possunt,
562 1576 591 1626 et
614 1566 746 1642 singulas
769 1566 945 1627 differentias
968 1565 1179 1640 evidentiores,
1202 1570 1342 1626 sumtum
1365 1569 1506 1645 cujusque
1530 1585 1600 1646 pro·

260 1657 401 1734 priarurn,
424 1671 538 1713 rursum
559 1653 677 1730 aequali
699 1656 833 1729 utrinqne
855 1670 975 1714 numero
998 1654 1179 1713 inveniemus
1203 1654 1369 1715 differentiis
1394 1654 1600 1736 persingulas

259 1744 372 1820 species
401 1744 603 1818 primariorum
632 1743 897 1801 consonantiarum.
942 1740 1017 1800 Nam
1046 1743 1134 1800 etiam
1162 1743 1294 1801 insonis
1323 1746 1502 1802 concinnitas
1532 1747 1600 1819 qui-

261 1829 326 1890 dem
355 1831 448 1889 virtus
479 1828 623 1907 quaedam
653 1838 697 1888 est
725 1828 855 1904 illorum,
886 1830 1089 1888 inconcinnum
1112 1845 1181 1888 vero
1211 1833 1315 1889 vitium
1336 1847 1389 1891 seu
1411 1829 1538 1906 malitia,
1571 1839 1604 1892 et

262 1933 404 1977 conversa
425 1916 464 1976 ad
485 1919 598 1977 animas
621 1917 761 1993 oratioue,
783 1917 874 1975 virtus
897 1925 942 1976 est
963 1916 1108 1992 quaedam
1131 1915 1245 1975 illorum
1269 1911 1464 1992 concinnitas,
1486 1918 1600 1978 malitia

262 2021 333 2066 sero
356 2005 580 2080 inconcinnitas,
604 2004 633 2062 in
657 2011 779 2081 utroque
803 2020 872 2065 vero
894 2021 999 2081 genere
1021 2020 1115 2063 rerum
1139 2007 1303 2065 eommunia
1324 2015 1404 2079 sunt,
1428 2015 1597 2083 contempe-

259 2093 357 2156 rautia
376 2091 493 2168 qnidam
514 2090 684 2150 harmonica
706 2107 860 2168 generum,
893 2109 930 2152 ex
952 2099 1034 2168 parte
1056 2108 1173 2164 eorum,
1204 2101 1370 2167 quaesunt
1396 2093 1527 2153 alterutri
1549 2111 1600 2153 se-

260 2179 387 2239 cundum
408 2187 557 2252 naturam,
581 2180 778 2255 incongruitas
799 2195 870 2238 vero
893 2195 1002 2252 eorum,
1025 2196 1101 2255 quae
1125 2187 1193 2238 sunt
1215 2178 1316 2238 iisdem
1339 2188 1440 2239 contra
1455 2189 1599 2239 usturam

344 2266 449 2325 Essem
476 2273 576 2325 autem
604 2265 838 2342 concupiscibilis
865 2265 1013 2325 facultatis
1034 2275 1100 2326 tres
1124 2269 1238 2325 virtutis
1266 2270 1379 2345 speeies
1408 2268 1445 2327 ad
1468 2285 1600 2328 normam

141 2391 144 2398 ·
258 2345 466 2414 consonantiae
499 2351 679 2414 diatessaron
705 2357 795 2412 istae:
828 2356 1020 2431 temperantia
1041 2353 1175 2429 quidem,
1207 2357 1368 2415 consistens
1398 2357 1427 2413 iu
1450 2364 1600 2416 contemtu

262 2439 461 2517 voluptatum,
478 2442 634 2518 ,patientia
655 2439 784 2501 rero'et
805 2443 984 2499 continentia
1013 2441 1190 2500 sustinendis
1213 2437 1394 2518 indigentiis,
1423 2443 1601 2503 verecundia

259 2526 384 2605 darique
406 2530 434 2586 in
459 2527 586 2588 ritaudis
607 2528 749 2605 turpibus.
793 2526 952 2587 Irascibilis
976 2533 1050 2586 vero
1066 2528 1216 2587 bcultatis
1233 2537 1358 2604 aanor
1373 2531 1515 2589 virtutum
1530 2548 1600 2608 spe·

260 2617 318 2674 cles
331 2614 490 2675 secuudum
500 2617 720 2675 consonantiam
730 2613 865 2692 dispeute
874 2614 970 2674 torcat
980 2617 1068 2673 istae:
1085 2615 1286 2690 mansuetudo,
1302 2627 1336 2675 ut
1349 2615 1413 2675 non'
1422 2618 1600 2694 perturberis

259 2704 502 2762 commotionibus
525 2705 599 2778 irae;
622 2703 792 2761 animositas
815 2709 844 2761 et
865 2710 945 2760 metu
967 2705 1104 2776 wantis,
1126 2704 1157 2761 in
1172 2705 1388 2781 exspectatione
1408 2706 1601 2782 imperterrita

259 2806 353 2851 rerum
376 2789 571 2865 horribilium
593 2789 740 2863 tortitudo,
763 2789 794 2847 ln
817 2796 964 2850 mntemtn
986 2789 1197 2867 periculorum
1219 2790 1382 2866 tolerantia,
1406 2793 1435 2851 in
1450 2791 1601 2852 sufficien-

260 2876 304 2937 dis
327 2878 487 2938 laboribus.
532 2878 651 2954 Septem
671 2893 743 2937 vero
770 2877 883 2953 species
904 2880 1058 2953 nantum,
1089 2895 1166 2953 quae
1193 2887 1361 2955 spectentur
1386 2880 1416 2937 lu
1441 2882 1601 2940 ratiocina-

258 2967 321 3024 tiva
342 2967 458 3026 animae
480 2968 619 3043 potentia,
642 2964 743 3026 tierent
765 2963 835 3025 lraez
857 2980 988 3040 acumen
1011 2964 1091 3042 quod
1114 2969 1191 3026 ineo
1213 2969 1354 3040 consistit,
1378 2974 1409 3027 ut
1424 2967 1509 3027 facilc
1532 2985 1599 3028 mo·

259 3060 363 3112 ventur
383 3055 497 3112 mimus
521 3053 643 3129 objectis
665 3054 808 3127 extemis3
830 3050 957 3128 indoles,
982 3061 1014 3112 ut
1034 3053 1120 3111 iacile
1144 3055 1285 3130 attingat3
1309 3046 1442 3128 solertia,
1467 3063 1499 3114 nt
1522 3057 1598 3116 bene

258 3138 376 3216 lusaet3
402 3138 573 3215 consilium,
603 3149 636 3199 ut
658 3140 732 3200 bene
754 3138 910 3216 dijudicet;
941 3143 1100 3219 sapientia,
1126 3148 1158 3213 ut
1180 3142 1390 3217 contempletur
1410 3150 1503 3218 reete,
1526 3161 1598 3221 pru·

259 3226 372 3301 dantia,
396 3236 429 3286 ut
449 3235 518 3304 apte
540 3236 676 3307 peragat3
700 3229 891 3305 experientia,
916 3235 948 3286 nt
970 3228 1045 3288 bene
1067 3238 1236 3288 exerceatur
1245 3226 1320 3307 ΧΝ).

344 3312 485 3388 Rursum
517 3313 764 3391 quemadmodum
785 3316 815 3372 in
836 3318 1103 3392 contemperatione
1127 3314 1295 3375 harmonica
1324 3317 1469 3392 praemitti
1493 3316 1602 3377 debent

258 3399 488 3461 identisonorum
509 3405 732 3462 constitutiones
755 3398 956 3482 exactae1V),
978 3402 1024 3461 lris
1048 3419 1118 3462 vero
1141 3402 1295 3464 succedere
1311 3419 1504 3462 consororum
1527 3422 1601 3464 eon·

262 3491 469 3567 oinnommque
491 3505 582 3569 prope
603 3507 700 3563 verae,
725 3492 832 3568 quippe
855 3489 934 3565 quod
957 3507 1015 3549 non
1038 3498 1150 3549 tanturn
1173 3490 1295 3566 impedit
1309 3499 1427 3550 cantum
1449 3492 1478 3549 in
1501 3495 1600 3551 mino-

154 3613 162 3625 ·
259 3576 339 3636 ribus
360 3579 614 3655 proportionibus,
644 3585 787 3654 quantum
809 3577 838 3634 in
860 3578 1021 3654 maioribus
1043 3584 1073 3638 et
1094 3580 1275 3654 praecipuis,
1304 3581 1347 3636 sic
1369 3580 1458 3638 etiam
1480 3580 1509 3636 ln
1532 3583 1601 3639 aui·

258 3666 314 3722 ruis
335 3673 380 3723 est
401 3672 609 3742 comparatum,
632 3674 665 3724 nt
687 3667 816 3742 praesint
835 3664 1047 3747 intellectuales
1074 3672 1104 3724 et
1126 3667 1347 3725 ratiocinatisae
1370 3666 1524 3726 facultates
1548 3685 1599 3727 ce-

259 3753 328 3811 teris
355 3752 411 3811 sibi
441 3752 581 3828 subiectis
610 3751 773 3829 majorique
800 3754 948 3811 accuratis
978 3752 1087 3811 habent
1117 3768 1204 3827 opus,
1238 3762 1271 3812 ut
1300 3753 1358 3811 sint
1389 3753 1427 3812 ad
1456 3756 1600 3815 rationem

259 3838 471 3914 conlormatae3
500 3848 533 3898 ut
555 3856 631 3916 quae
654 3841 744 3898 etiam
765 3837 881 3897 illarum
902 3849 1024 3918 peccata
1048 3834 1248 3921 (peccatorum
1277 3840 1452 3921 remedium)
1475 3857 1510 3900 ex
1532 3860 1600 3903 asse

258 3940 313 3983 uec
334 3932 411 3985 cette
434 3942 469 3985 ex
490 3928 646 4003 potissima
666 3935 749 4003 parte
771 3942 870 3986 secum
894 3929 965 4003 ipsis
988 3926 1105 3985 habent
1151 3927 1187 3985 lit
1208 3931 1238 3985 in
1261 3945 1383 4002 summa,
1405 3932 1598 4004 praestantis-

260 4014 335 4087 sima
364 4012 453 4071 animi
483 4012 637 4090 dispositio
660 4010 747 4095 [baec
770 4030 839 4072 vero
870 4022 916 4073 est
941 4010 1069 4095 justitia]
1082 4008 1145 4093 m)
1169 4024 1213 4073 est
1235 4014 1379 4091 quaedam
1412 4016 1502 4075 veluti
1527 4034 1601 4076 con·

138 4160 143 4171 ,
257 4100 392 4159 sonantia
413 4102 539 4176 partium
561 4104 675 4161 animae
698 4103 826 4177 ipsarum
848 4104 923 4161 iuter
944 4119 976 4162 se
998 4103 1088 4178 ipsas,
1112 4101 1270 4161 seeundum
1286 4105 1502 4180 proportionem
1517 4107 1599 4182 priua

260 4185 397 4260 electam,
431 4202 483 4263 pro
513 4187 764 4267 principalioribus
773 4185 858 4268 xm).
902 4189 978 4248 Nam
1008 4190 1145 4261 virtutes,
1177 4206 1252 4264 quae
1275 4193 1436 4249 consistunt
1462 4193 1492 4248 in
1523 4193 1598 4252 bene

258 4273 446 4351 iutebigenda
473 4282 510 4333 et
534 4277 608 4336 bene
628 4274 844 4349 ratiocinando,
874 4275 1036 4354 comparari
1058 4284 1179 4353 possunt
1208 4276 1395 4351 identisouis3
1426 4294 1598 4354 quaerero

259 4362 288 4419 iu
312 4362 385 4422 bena
406 4361 559 4422 sentiendo
580 4373 610 4423 et
631 4364 709 4423 bono
732 4362 833 4423 habitu
855 4372 908 4423 aut
929 4366 959 4422 in
980 4363 1148 4423 fortitudine
1171 4371 1200 4422 ct
1222 4366 1426 4440 temperantis,
1450 4382 1503 4424 eae
1526 4382 1600 4426 eon·

258 4449 338 4507 souis
359 4451 599 4527 aequiparantur,
622 4468 698 4528 quae
721 4457 818 4510 tamen
840 4453 868 4509 in
892 4452 1007 4529 poetica
1029 4453 1236 4511 exercitatione
1257 4454 1345 4528 inque
1368 4455 1412 4526 iis,
1435 4469 1514 4528 quae
1527 4453 1599 4526 isar:

259 4536 373 4597 moniae
394 4546 463 4597 sunt
482 4540 645 4616 participia,
668 4538 736 4597 illae
759 4538 881 4599 conlerri
897 4545 1020 4614 possunt
1039 4555 1104 4597 cnm
1119 4540 1274 4617 speciebus
1288 4542 1510 4616 normanorum,
1533 4550 1598 4601 tota

258 4620 384 4701 denique
411 4626 500 4684 suisnl
530 4625 685 4705 dispositio
712 4624 916 4702 philosophica
943 4632 1034 4684 totam
1062 4626 1181 4703 perlecti
1212 4629 1379 4703 systematis
1408 4625 1596 4688 harm0uicen

258 4719 464 4787 repraesentat,
484 4714 595 4790 poppe
617 4712 806 4790 particulares
830 4714 1062 4791 comparationes
1084 4712 1234 4773 ordinatae
1260 4714 1308 4774 hic
1330 4718 1404 4775 inter
1430 4731 1597 4775 consonan-

255 4798 313 4857 tias
343 4801 435 4876 ipsas,
469 4799 543 4860 inter
572 4801 709 4875 virtutes3
742 4800 953 4876 perfectissima
981 4816 1052 4861 raro
1082 4802 1263 4877 comparatio
1291 4799 1401 4882 (locata
1431 4800 1489 4882 est)
1521 4805 1596 4863 inter

259 4886 479 4951 consumtum
506 4885 600 4949 veluti
628 4884 775 4965 amdam
803 4904 841 4951 ex
870 4888 1006 4949 semibus
1035 4890 1248 4964 cmsouanffls,
1282 4890 1358 4950 inter
1390 4891 1529 4952 emonem
1559 4907 1594 4952 ex
