3567 5625
261 449 302 510 lf
604 504 608 514 ,
837 438 1008 504 Praemia

259 621 331 684 dicit
349 619 496 698 wass
517 620 641 700 primum
662 626 694 680 at
712 595 902 686 &dathum
924 618 1056 698 madum,
1086 635 1149 680 nro.
1165 620 1194 677 2.
1215 615 1374 680 secuudum
1396 615 1518 695 mum
1532 623 1599 693 etc,

258 726 321 770 nro.
345 709 374 770 5.
397 709 531 772 altimum
552 715 583 768 ct
603 707 821 770 imbecillimum
841 706 973 786 madum.
1019 708 1133 768 Causae
1154 705 1288 768 diversae
1310 706 1491 768 efficacitetb
1512 705 1600 782 hujus

257 805 327 858 suut
347 798 377 855 in
398 804 504 858 natura
525 794 692 873 bgmarum,
715 797 822 873 quibua
843 795 874 856 hi
897 802 1033 873 aspectus
1055 797 1195 869 nituntur,
1217 796 1247 852 iu
1270 793 1344 853 libro
1365 794 1391 855 Ι.
1414 800 1556 854 enarrata

369 883 466 961 Caput
486 882 555 944 vii.
599 883 646 944 De
678 891 784 944 natura
812 883 963 946 sublunari
990 881 1238 957 facultatibusque
1264 884 1379 942 animae
1408 881 1599 942 inferioribus.

182 1009 189 1016 -
259 968 299 1032 Ut
319 973 451 1048 posuerit
469 978 619 1032 ancoram
639 971 847 1043 nobiccum,
869 989 949 1048 quoe
967 973 1083 1046 praesit
1103 970 1261 1043 elementia
1283 976 1380 1029 motus
1396 976 1440 1029 est
1453 968 1600 1045 chlerue

258 1057 323 1119 ecla
344 1067 374 1120 et
395 1060 482 1121 unica
499 1065 705 1134 tempestatum
727 1059 934 1119 observatione
955 1065 1186 1135 aspectnnmque
1208 1056 1463 1134 contemplatione,
1493 1055 1600 1132 quibus

258 1145 326 1206 illae
348 1148 471 1206 cientur:
495 1148 758 1208 musunussinum
779 1146 986 1223 experientiam
1009 1148 1117 1219 testari,
1139 1149 1249 1206 ustum
1271 1146 1346 1205 airis
1367 1145 1553 1217 commoveri,
1574 1144 1601 1202 si

257 1240 355 1295 ament
367 1240 513 1310 umectus.
542 1232 598 1294 llis
612 1235 728 1294 innixus
742 1232 887 1311 Keplcrus
902 1249 947 1308 eo,
961 1249 1048 1310 quem
1062 1234 1146 1292 initio
1160 1232 1348 1308 praefationis
1363 1230 1498 1305 dumus,
1512 1229 1600 1292 modo

257 1322 384 1384 animam
396 1337 480 1382 mam
494 1320 680 1382 sublunarem
696 1324 845 1382 comtituit
858 1329 947 1398 atquc
963 1323 1004 1382 ita
1018 1321 1127 1398 pergit:
1149 1318 1318 1396 Speciemm
1332 1319 1602 1380 mathematicorum

256 1408 317 1484 illa,
341 1425 417 1486 quac
439 1408 563 1470 cuculus
585 1407 699 1483 dicitnr,
721 1410 798 1470 inest
817 1409 886 1469 hnic
900 1410 1014 1470 animae
1028 1412 1104 1468 sicut
1116 1406 1270 1482 humanae,
1285 1424 1344 1468 non
1359 1414 1473 1468 tantam
1487 1413 1521 1467 nt
1534 1405 1602 1466 idea

124 1503 130 1510 “
257 1514 352 1557 rerum
375 1503 574 1572 externarum,
597 1494 650 1557 sed
678 1498 766 1557 etiam
789 1504 821 1557 nt
842 1496 935 1557 forma
957 1494 1102 1572 quaedam
1122 1496 1216 1572 ipsine
1238 1497 1368 1570 ammae,
1396 1503 1425 1554 et
1447 1502 1480 1554 nt
1500 1510 1601 1572 prom·

257 1587 383 1648 tnurinm
406 1586 524 1645 unicum
546 1584 639 1645 omnis
661 1585 802 1644 scientiae
823 1586 1018 1661 geometricae
1040 1591 1069 1644 et
1091 1582 1299 1644 arithmeticm.
1340 1581 1480 1642 Facultae
1501 1580 1601 1644 vitalis

257 1674 287 1738 in
316 1671 433 1732 homine
461 1688 520 1731 uon
549 1678 663 1731 tantum
684 1670 851 1732 harmonias
877 1670 968 1733 radiis
996 1670 1101 1731 lucidis
1128 1669 1276 1730 involutas
1306 1686 1405 1730 eccum
1427 1669 1525 1743 habet,
1547 1668 1601 1729 sed

258 1762 346 1820 ctiam
367 1759 544 1834 harmonias,
566 1775 704 1820 sonorum
725 1759 879 1835 speciebus
901 1761 1084 1820 incrematus.
1125 1756 1221 1818 Sonos
1241 1757 1315 1818 hacc
1335 1756 1460 1820 facultas
1482 1756 1601 1817 auribus

258 1847 364 1921 haurit,
386 1845 484 1907 radios
504 1844 633 1908 siderum
654 1846 712 1906 sibi
733 1848 911 1923 imaginatur
931 1855 961 1906 ct
982 1847 1115 1923 agonem
1135 1846 1199 1905 eine
1220 1843 1361 1905 discursu
1405 1843 1483 1904 Hinc
1504 1845 1602 1906 anima

257 1934 388 1996 hnmana
409 1933 467 1994 hoc
488 1933 592 2008 hebet,
625 1940 659 1992 ut
685 1934 741 1993 snb
770 1941 885 2011 tempus
908 1943 1079 2012 aspectuum
1100 1934 1274 2011 praecipuos
1296 1934 1395 2009 capiat
1416 1933 1541 2009 impetus
1563 1930 1602 1993 ad

258 2023 388 2099 negotia,
407 2038 486 2098 quae
507 2021 564 2082 snb
585 2020 721 2081 manibus
742 2020 842 2097 habet,
864 2019 1042 2099 peragenda,
1065 2027 1095 2081 ct
1108 2022 1236 2080 maxima
1249 2018 1434 2082 necessitudo
1448 2019 1603 2081 intercedit

257 2109 417 2169 harmoniis
438 2107 562 2170 radiosis
584 2125 650 2170 cum
672 2115 737 2168 ortu
758 2110 852 2185 prium
874 2108 1000 2169 hominis
1026 2116 1056 2169 et
1076 2107 1248 2168 formatione
1274 2107 1363 2184 hujus
1384 2106 1484 2167 vitalis
1505 2108 1602 2168 facul·

238 2198 342 2270 ‚tatis‚
373 2213 463 2273 quare
491 2197 581 2256 animi
607 2195 764 2272 qualitates
793 2213 859 2258 cum
881 2196 1064 2273 planetarum
1095 2195 1286 2272 qualitatibus
1307 2196 1491 2256 consentiunt
1513 2213 1603 2272 qnam

257 2283 423 2361 plurimum.
469 2279 510 2345 Ut
535 2283 592 2343 hoc
620 2282 809 2359 demonstret,
840 2301 872 2344 sc
902 2286 998 2360 ipsum
1025 2282 1170 2360 chlcrus
1199 2281 1364 2359 exemplum
1392 2285 1542 2359 proponit,
1573 2289 1603 2343 et

257 2371 326 2430 hinc
348 2372 411 2431 abit
431 2372 461 2430 in
483 2372 622 2449 mysteria
643 2370 829 2448 astrologica,
853 2371 910 2431 sibi
931 2373 1036 2448 partim
1059 2378 1138 2432 certa
1159 2372 1265 2448 partim
1287 2370 1386 2444 dubia,
1407 2376 1438 2432 ct
1455 2370 1502 2430 his
1515 2369 1603 2430 mem

258 2458 345 2519 facit:
370 2458 446 2535 ,hoc
468 2457 616 2536 disputavi
630 2457 771 2520 mucuns
794 2458 850 2518 hoc
872 2458 1003 2530 consilio,
1027 2465 1060 2518 ut
1080 2458 1154 2520 haec
1176 2475 1213 2518 ex
1234 2475 1300 2518 mea
1313 2457 1493 2536 professione
1507 2474 1602 2535 exque

259 2548 361 2606 intinm
394 2545 482 2624 hujnn
515 2546 611 2623 operis
644 2544 805 2606 harmonici
842 2564 921 2623 penu
952 2544 1119 2623 depromta,
1150 2544 1273 2606 necdum
1307 2552 1387 2606 tacta
1419 2543 1602 2623 philosophis

259 2631 381 2694 Graccis
403 2641 433 2695 et
454 2634 672 2707 recentioribus,
694 2633 890 2710 supplementi
911 2632 977 2693 loco
994 2631 1160 2710 adjicerem,
1183 2642 1217 2693 ut
1238 2632 1363 2696 studiosi
1383 2632 1603 2711 metaphysicne

258 2728 359 2784 nostra
378 2719 455 2782 hacc
475 2720 568 2781 veluti
590 2722 788 2797 experimenta
809 2738 875 2781 cum
904 2719 1020 2780 illorum
1049 2721 1319 2784 ratiocinationibus
1349 2719 1511 2796 conferant,
1544 2737 1602 2798 qno

258 2808 332 2873 haec
353 2806 571 2886 metaphysicae
593 2826 662 2886 pars
683 2807 824 2870 illustrior
845 2817 876 2870 ct
897 2807 1070 2886 locupletior
1090 2809 1283 2887 omnibusque
1297 2809 1426 2871 numeris
1441 2807 1603 2871 absolutior

258 2897 395 2957 consutui
416 2895 540 2974 possit“.

361 2982 477 3044 hiber
507 2985 660 3059 quintus
690 2985 753 3060 agit
782 2981 818 3043 dc
847 2982 1001 3044 harmonia
1027 2991 1159 3044 motuum
1181 2982 1351 3045 coelestium
1371 2990 1402 3044 ct
1423 3001 1460 3045 cx
1482 2991 1602 3047 antece·

260 3069 397 3131 dentibus
426 3087 532 3131 causas
564 3069 739 3146 regularium
768 3078 901 3130 motuum
929 3086 1082 3150 corporum
1112 3071 1297 3146 coelestium,
1327 3088 1462 3133 cursuum
1484 3072 1603 3147 formae,

259 3159 485 3219 excentricitetie
517 3173 618 3221 corum
649 3157 920 3234 periodicornmque
954 3176 1090 3219 cursuum
1122 3167 1251 3235 repetere
1284 3158 1391 3219 studet
1446 3159 1545 3221 Primo
1575 3168 1605 3221 et

258 3245 388 3307 secundo
410 3245 505 3322 capite
524 3244 679 3321 Keplcrue,
702 3263 778 3322 qnae
800 3247 829 3305 in
851 3248 996 3322 prioribus
1018 3246 1099 3307 libris
1121 3245 1158 3306 de
1179 3246 1361 3323 regularibus
1384 3249 1553 3326 corporibus
1576 3256 1606 3308 et

258 3333 421 3410 conjunctis
443 3333 604 3397 rationibus
626 3332 800 3394 harmonicis
822 3332 901 3394 dicta
923 3341 1013 3409 erant,
1035 3336 1148 3411 repetit
1178 3333 1282 3411 Capite
1296 3337 1382 3395 tertio
1397 3335 1476 3410 dicit,
1499 3352 1605 3411 quam·

259 3421 306 3480 via
327 3438 358 3481 re
380 3437 451 3480 vera
465 3420 667 3498 copemicanc
688 3420 787 3480 muudi
810 3422 885 3482 ratic
908 3420 974 3482 sola
995 3422 1216 3499 insequentibus
1238 3423 1530 3486 commentationibus
1551 3441 1605 3502 pro

259 3506 448 3568 fundamento
470 3508 577 3585 subjici
599 3506 719 3582 debeat,
750 3514 802 3584 ,at
831 3510 901 3585 quia
928 3527 974 3570 ree
997 3508 1077 3586 apud
1099 3510 1206 3586 vulgus
1228 3508 1426 3571 studiosorum
1447 3512 1604 3573 etiamnum

259 3612 338 3658 nova
360 3599 457 3657 estet
478 3595 586 3672 dogma
608 3594 711 3657 auditu
733 3595 879 3672 plerisque
901 3596 1149 3673 absurdissimum,
1180 3596 1300 3659 Terram
1322 3601 1396 3659 inter
1416 3598 1513 3660 adera
1537 3600 1603 3659 ferri

260 3684 337 3743 circa
349 3680 449 3743 Solem
463 3681 649 3758 immobilem,
671 3686 766 3744 sciant
778 3686 875 3761 igitm,
900 3686 950 3760 qui
964 3684 1051 3761 hujus
1065 3687 1227 3747 sentcntiae
1242 3683 1398 3746 insolentia
1412 3685 1603 3762 offenduntur,

260 3769 474 3847 speculationes
495 3771 549 3830 has
571 3769 754 3835 harmonicae
777 3773 865 3831 etiam
886 3774 917 3829 in
939 3772 1152 3851 hypothesibus
1174 3772 1335 3834 Brnheanis
1361 3773 1459 3836 locum
1485 3774 1603 3848 habere,

260 3863 415 3934 propterea
437 3856 516 3934 quod
531 3864 632 3918 auctor
654 3857 703 3918 ille
725 3863 822 3918 cetera
843 3861 951 3934 omnia,
974 3877 1049 3935 quac
1065 3860 1285 3937 dispositionem
1306 3878 1460 3940 corporum
1480 3870 1511 3925 et
1532 3878 1605 3922 con·

260 3945 498 4021 temperationem
519 3951 652 4004 motuum
673 3946 807 4017 astinem,
829 3961 895 4005 cum
911 3945 1073 4024 copemicn
1088 3946 1178 4007 babet
1190 3952 1363 4024 communia,
1386 3950 1481 4011 solum
1496 3949 1604 4011 Terrae

259 4037 371 4090 motum
392 4048 521 4091 annuum
544 4032 678 4092 hanefert
700 4034 729 4091 in
744 4030 851 4106 Solem,
874 4034 925 4109 qui
947 4033 1076 4094 medinm
1091 4035 1204 4094 orbium
1218 4035 1445 4111 planetariorum
1459 4040 1603 4099 obtinet“.

259 4117 419 4195 Regularm
450 4134 572 4194 corpora
608 4117 712 4179 eodem
746 4118 848 4194 modo,
887 4137 946 4196 qno
977 4123 1007 4179 in
1041 4121 1216 4197 Prodromo,
1253 4123 1437 4201 planetamm
1471 4126 1604 4186 cursibus

259 4214 400 4283 tauquam
428 4207 509 4266 cavis
537 4205 634 4287 globis
664 4207 859 4267 inscribuntur
885 4224 1042 4285 eorumque
1073 4227 1109 4270 cx
1129 4226 1250 4271 numero
1281 4212 1434 4289 conjicitur
1466 4230 1604 4274 numerus

258 4294 457 4372 planetarum3
479 4300 581 4354 contra
602 4296 747 4354 sententia
767 4295 897 4370 rejicitur
918 4295 978 4356 illic
999 4298 1198 4374 pronunciata,
1220 4301 1421 4376 proportiones
1443 4302 1603 4377 ipsissimas

260 4379 480 4443 intervallorum
501 4399 520 4440 a
541 4379 611 4441 Sole
633 4398 670 4441 cx
691 4381 762 4442 solia
783 4382 884 4460 figuris
905 4383 1087 4461 regularibus
1109 4383 1257 4447 desumtae
1278 4403 1352 4448 esse.
1386 4387 1502 4449 Deinde
1523 4387 1603 4465 leges

257 4476 451 4543 recensentur,
473 4467 633 4547 aKeplcro
648 4471 776 4531 motibus
794 4469 978 4548 planetarum
1000 4474 1029 4531 in
1050 4474 1195 4550 prioribus
1214 4474 1307 4549 libris,
1329 4477 1456 4537 maxime
1477 4477 1507 4535 in
1527 4474 1603 4535 libro

260 4554 297 4616 de
330 4558 456 4617 motibus
486 4554 592 4616 Martis
623 4563 766 4619 statutae:
805 4552 837 4638 1)
870 4575 992 4633 „morae
1023 4562 1053 4621 in
1085 4562 1217 4637 partibus
1246 4561 1420 4638 aequalibus
1451 4565 1603 4625 cecemci

260 4643 418 4704 observant
447 4645 666 4722 proportionem
691 4660 810 4707 suornm
839 4645 1058 4711 intervallorum
1080 4666 1100 4707 a
1120 4647 1206 4724 Sole3
1240 4644 1276 4731 t)
1305 4648 1399 4709 diurni
1427 4653 1489 4712 veri
1518 4668 1602 4711 arcos

259 4733 436 4793 ccccutricae
466 4732 578 4793 orbitae
606 4734 693 4793 unius
720 4733 830 4797 habeut
857 4734 934 4795 inter
953 4751 986 4794 se
1008 4739 1224 4813 proportionem
1253 4753 1384 4797 eversam
1407 4740 1602 4816 proportionis

258 4818 478 4882 intervallorum
499 4818 622 4883 duorum
643 4838 664 4880 a
682 4819 771 4897 Sole3
805 4815 840 4902 3)
863 4821 959 4881 orbita
980 4822 1116 4900 punctae
1145 4830 1189 4886 est
1216 4821 1357 4901 clliptica,
1389 4834 1419 4887 ct
1439 4824 1505 4902 Sol,
1536 4826 1602 4886 fone

259 4911 369 4983 motus,
398 4913 443 4969 cet
464 4908 495 4966 iu
517 4908 610 4975 altero
630 4906 762 4971 focorum
782 4907 871 4989 hrq‘us
893 4908 1022 4988 ellipsis,
1054 4906 1091 4994 4)
1112 4911 1245 4990 plancta,
1273 4912 1409 4975 absoluto
1431 4917 1522 4977 totins
1543 4914 1601 4975 cir-
