<?xml version="1.0" encoding="UTF-8"?>
<!DOCTYPE html PUBLIC "-//W3C//DTD XHTML 1.0 Transitional//EN"
    "http://www.w3.org/TR/xhtml1/DTD/xhtml1-transitional.dtd">
<html xmlns="http://www.w3.org/1999/xhtml" xml:lang="en" lang="en">
 <head>
  <title>
</title>
<meta http-equiv="Content-Type" content="text/html;charset=utf-8" />
  <meta name='ocr-system' content='tesseract 3.04.00' />
  <meta name='ocr-capabilities' content='ocr_page ocr_carea ocr_par ocr_line ocrx_word'/>
</head>
<body>
  <div class='ocr_page' id='page_1' title='image "./joanniskepleria24frisgoog_0141.png"; bbox 0 0 3567 5625; ppageno 0'>
   <div class='ocr_carea' id='block_1_1' title="bbox 671 453 1529 528">
    <p class='ocr_par' dir='ltr' id='par_1_1' title="bbox 671 453 1529 528">
     <span class='ocr_line' id='line_1_1' title="bbox 671 453 1529 528; baseline 0.013 -17"><span class='ocrx_word' id='word_1_1' title='bbox 671 455 861 528; x_wconf 77' lang='lat' dir='ltr'><strong>conpmenda.</strong></span> <span class='ocrx_word' id='word_1_2' title='bbox 897 456 981 513; x_wconf 81' lang='lat' dir='ltr'><strong>Liber</strong></span> <span class='ocrx_word' id='word_1_3' title='bbox 997 453 1033 513; x_wconf 86' lang='lat'><strong>11.</strong></span> <span class='ocrx_word' id='word_1_4' title='bbox 1468 461 1529 522; x_wconf 81' lang='lat' dir='ltr'><strong>itt</strong></span> 
     </span>
    </p>
   </div>
   <div class='ocr_carea' id='block_1_2' title="bbox 162 633 1589 5003">
    <p class='ocr_par' dir='ltr' id='par_1_2' title="bbox 176 633 1532 1064">
     <span class='ocr_line' id='line_1_2' title="bbox 177 633 1531 715; baseline -0.002 -18"><span class='ocrx_word' id='word_1_5' title='bbox 177 638 351 713; x_wconf 75' lang='lat' dir='ltr'><strong>comparatu</strong></span> <span class='ocrx_word' id='word_1_6' title='bbox 372 635 530 714; x_wconf 70' lang='lat' dir='ltr'><strong>hgmarum</strong></span> <span class='ocrx_word' id='word_1_7' title='bbox 547 634 776 713; x_wconf 73' lang='lat' dir='ltr'><strong>proprietatibus</strong></span> <span class='ocrx_word' id='word_1_8' title='bbox 796 649 861 696; x_wconf 85' lang='lat' dir='ltr'><strong>cum</strong></span> <span class='ocrx_word' id='word_1_9' title='bbox 874 635 1051 715; x_wconf 85' lang='lat' dir='ltr'><strong>simplicium</strong></span> <span class='ocrx_word' id='word_1_10' title='bbox 1069 633 1186 696; x_wconf 83' lang='lat' dir='ltr'><strong>illorum</strong></span> <span class='ocrx_word' id='word_1_11' title='bbox 1200 651 1355 714; x_wconf 86' lang='lat' dir='ltr'><strong>corporum</strong></span> <span class='ocrx_word' id='word_1_12' title='bbox 1366 637 1531 699; x_wconf 75' lang='lat' dir='ltr'><strong>meulent-</strong></span> 
     </span>
     <span class='ocr_line' id='line_1_3' title="bbox 178 721 1532 801; baseline 0.001 -19"><span class='ocrx_word' id='word_1_13' title='bbox 178 725 239 785; x_wconf 84' lang='lat' dir='ltr'><strong>hus.</strong></span> <span class='ocrx_word' id='word_1_14' title='bbox 283 723 360 783; x_wconf 82' lang='lat' dir='ltr'><strong>liam</strong></span> <span class='ocrx_word' id='word_1_15' title='bbox 383 726 412 781; x_wconf 90' lang='lat' dir='ltr'><strong>iu</strong></span> <span class='ocrx_word' id='word_1_16' title='bbox 435 723 532 783; x_wconf 79' lang='lat' dir='ltr'><strong>ruho</strong></span> <span class='ocrx_word' id='word_1_17' title='bbox 553 721 696 784; x_wconf 70' lang='lat' dir='ltr'><strong>rectitudo</strong></span> <span class='ocrx_word' id='word_1_18' title='bbox 711 724 880 799; x_wconf 69' lang='lat' dir='ltr'><strong>superbam</strong></span> <span class='ocrx_word' id='word_1_19' title='bbox 902 722 1047 801; x_wconf 88' lang='lat' dir='ltr'><strong>quadrata</strong></span> <span class='ocrx_word' id='word_1_20' title='bbox 1061 721 1231 784; x_wconf 86' lang='lat' dir='ltr'><strong>stabilitatis</strong></span> <span class='ocrx_word' id='word_1_21' title='bbox 1253 723 1403 800; x_wconf 85' lang='lat' dir='ltr'><strong>quandam</strong></span> <span class='ocrx_word' id='word_1_22' title='bbox 1425 723 1532 785; x_wconf 85' lang='lat' dir='ltr'><strong>adum·</strong></span> 
     </span>
     <span class='ocr_line' id='line_1_4' title="bbox 177 809 1531 891; baseline 0.002 -21"><span class='ocrx_word' id='word_1_23' title='bbox 177 812 337 871; x_wconf 71' lang='lat' dir='ltr'><strong>motionem</strong></span> <span class='ocrx_word' id='word_1_24' title='bbox 358 810 464 886; x_wconf 85' lang='lat' dir='ltr'><strong>hahet,</strong></span> <span class='ocrx_word' id='word_1_25' title='bbox 492 828 569 886; x_wconf 89' lang='lat' dir='ltr'><strong>quae</strong></span> <span class='ocrx_word' id='word_1_26' title='bbox 591 809 694 874; x_wconf 83' lang='lat' dir='ltr'><strong>cedem</strong></span> <span class='ocrx_word' id='word_1_27' title='bbox 715 813 879 888; x_wconf 72' lang='lat' dir='ltr'><strong>proprietas</strong></span> <span class='ocrx_word' id='word_1_28' title='bbox 901 818 948 871; x_wconf 89' lang='lat' dir='ltr'><strong>sst</strong></span> <span class='ocrx_word' id='word_1_29' title='bbox 970 818 999 871; x_wconf 92' lang='lat' dir='ltr'><strong>et</strong></span> <span class='ocrx_word' id='word_1_30' title='bbox 1021 812 1163 871; x_wconf 81' lang='lat' dir='ltr'><strong>materiae</strong></span> <span class='ocrx_word' id='word_1_31' title='bbox 1184 814 1346 885; x_wconf 88' lang='lat' dir='ltr'><strong>terrestris,</strong></span> <span class='ocrx_word' id='word_1_32' title='bbox 1377 815 1531 891; x_wconf 75' lang='lat' dir='ltr'><strong>grarimtis</strong></span> 
     </span>
     <span class='ocr_line' id='line_1_5' title="bbox 176 896 1532 976; baseline 0.003 -20"><span class='ocrx_word' id='word_1_33' title='bbox 176 900 329 958; x_wconf 85' lang='lat' dir='ltr'><strong>momentis</strong></span> <span class='ocrx_word' id='word_1_34' title='bbox 350 900 411 957; x_wconf 85' lang='lat' dir='ltr'><strong>ima</strong></span> <span class='ocrx_word' id='word_1_35' title='bbox 433 901 573 975; x_wconf 87' lang='lat' dir='ltr'><strong>petentis,</strong></span> <span class='ocrx_word' id='word_1_36' title='bbox 597 915 664 958; x_wconf 88' lang='lat' dir='ltr'><strong>eum</strong></span> <span class='ocrx_word' id='word_1_37' title='bbox 685 899 774 957; x_wconf 85' lang='lat' dir='ltr'><strong>etiam</strong></span> <span class='ocrx_word' id='word_1_38' title='bbox 795 905 875 958; x_wconf 89' lang='lat' dir='ltr'><strong>totus</strong></span> <span class='ocrx_word' id='word_1_39' title='bbox 897 906 991 959; x_wconf 90' lang='lat' dir='ltr'><strong>terrae</strong></span> <span class='ocrx_word' id='word_1_40' title='bbox 1014 899 1121 975; x_wconf 70' lang='lat' dir='ltr'><strong>globus</strong></span> <span class='ocrx_word' id='word_1_41' title='bbox 1144 896 1235 976; x_wconf 79' lang='lat' dir='ltr'><strong>vulgo</strong></span> <span class='ocrx_word' id='word_1_42' title='bbox 1258 898 1394 960; x_wconf 89' lang='lat' dir='ltr'><strong>credatur</strong></span> <span class='ocrx_word' id='word_1_43' title='bbox 1415 903 1445 959; x_wconf 89' lang='lat' dir='ltr'><strong>iu</strong></span> <span class='ocrx_word' id='word_1_44' title='bbox 1465 918 1532 960; x_wconf 91' lang='lat' dir='ltr'><strong>me·</strong></span> 
     </span>
     <span class='ocr_line' id='line_1_6' title="bbox 177 984 528 1064; baseline 0.006 -21"><span class='ocrx_word' id='word_1_45' title='bbox 177 985 222 1044; x_wconf 91' lang='lat' dir='ltr'><strong>dio</strong></span> <span class='ocrx_word' id='word_1_46' title='bbox 245 984 348 1045; x_wconf 86' lang='lat' dir='ltr'><strong>muudi</strong></span> <span class='ocrx_word' id='word_1_47' title='bbox 370 987 528 1064; x_wconf 81' lang='lat' dir='ltr'><strong>quiescere.</strong></span> 
     </span>
    </p>

    <p class='ocr_par' dir='ltr' id='par_1_3' title="bbox 174 1070 1533 1502">
     <span class='ocr_line' id='line_1_7' title="bbox 260 1070 1533 1152; baseline 0 -20"><span class='ocrx_word' id='word_1_48' title='bbox 260 1073 399 1134; x_wconf 84' lang='lat' dir='ltr'><strong>Vicissim</strong></span> <span class='ocrx_word' id='word_1_49' title='bbox 422 1070 592 1133; x_wconf 78' lang='lat' dir='ltr'><strong>octaedri</strong></span> <span class='ocrx_word' id='word_1_50' title='bbox 614 1085 760 1150; x_wconf 72' lang='lat' dir='ltr'><strong>congrum</strong></span> <span class='ocrx_word' id='word_1_51' title='bbox 783 1079 828 1133; x_wconf 90' lang='lat' dir='ltr'><strong>est</strong></span> <span class='ocrx_word' id='word_1_52' title='bbox 849 1074 924 1132; x_wconf 87' lang='lat' dir='ltr'><strong>situs</strong></span> <span class='ocrx_word' id='word_1_53' title='bbox 946 1075 1087 1150; x_wconf 85' lang='lat' dir='ltr'><strong>aspectui,</strong></span> <span class='ocrx_word' id='word_1_54' title='bbox 1111 1074 1135 1132; x_wconf 89' lang='lat' dir='ltr'><strong>si</strong></span> <span class='ocrx_word' id='word_1_55' title='bbox 1159 1075 1184 1132; x_wconf 89' lang='lat' dir='ltr'><strong>is</strong></span> <span class='ocrx_word' id='word_1_56' title='bbox 1207 1091 1226 1134; x_wconf 93' lang='lat' dir='ltr'><strong>a</strong></span> <span class='ocrx_word' id='word_1_57' title='bbox 1248 1071 1365 1134; x_wconf 87' lang='lat' dir='ltr'><strong>duobus</strong></span> <span class='ocrx_word' id='word_1_58' title='bbox 1387 1075 1533 1152; x_wconf 90' lang='lat' dir='ltr'><strong>oppositis</strong></span> 
     </span>
     <span class='ocr_line' id='line_1_8' title="bbox 178 1158 1533 1237; baseline 0.002 -19"><span class='ocrx_word' id='word_1_59' title='bbox 178 1160 293 1236; x_wconf 75' lang='lat' dir='ltr'><strong>anguiis</strong></span> <span class='ocrx_word' id='word_1_60' title='bbox 315 1161 398 1221; x_wconf 82' lang='lat' dir='ltr'><strong>velut</strong></span> <span class='ocrx_word' id='word_1_61' title='bbox 421 1164 450 1217; x_wconf 87' lang='lat' dir='ltr'><strong>iu</strong></span> <span class='ocrx_word' id='word_1_62' title='bbox 474 1169 559 1220; x_wconf 88' lang='lat' dir='ltr'><strong>toruo</strong></span> <span class='ocrx_word' id='word_1_63' title='bbox 581 1158 785 1236; x_wconf 60' lang='lat' dir='ltr'><strong>suspendam,</strong></span> <span class='ocrx_word' id='word_1_64' title='bbox 809 1162 885 1220; x_wconf 89' lang='lat' dir='ltr'><strong>inter</strong></span> <span class='ocrx_word' id='word_1_65' title='bbox 908 1177 984 1236; x_wconf 91' lang='lat' dir='ltr'><strong>quos</strong></span> <span class='ocrx_word' id='word_1_66' title='bbox 1005 1160 1103 1221; x_wconf 87' lang='lat' dir='ltr'><strong>medio</strong></span> <span class='ocrx_word' id='word_1_67' title='bbox 1125 1161 1258 1237; x_wconf 79' lang='lat' dir='ltr'><strong>praecise</strong></span> <span class='ocrx_word' id='word_1_68' title='bbox 1281 1160 1348 1221; x_wconf 90' lang='lat' dir='ltr'><strong>loco</strong></span> <span class='ocrx_word' id='word_1_69' title='bbox 1372 1170 1416 1222; x_wconf 92' lang='lat' dir='ltr'><strong>est</strong></span> <span class='ocrx_word' id='word_1_70' title='bbox 1437 1160 1533 1221; x_wconf 88' lang='lat' dir='ltr'><strong>latens</strong></span> 
     </span>
     <span class='ocr_line' id='line_1_9' title="bbox 179 1247 1533 1326; baseline -0.001 -18"><span class='ocrx_word' id='word_1_71' title='bbox 179 1247 417 1325; x_wconf 83' lang='lat' dir='ltr'><strong>quadrilaterum,</strong></span> <span class='ocrx_word' id='word_1_72' title='bbox 440 1247 575 1309; x_wconf 79' lang='lat' dir='ltr'><strong>dividens</strong></span> <span class='ocrx_word' id='word_1_73' title='bbox 597 1264 703 1325; x_wconf 84' lang='lat' dir='ltr'><strong>corpur</strong></span> <span class='ocrx_word' id='word_1_74' title='bbox 725 1247 836 1323; x_wconf 73' lang='lat' dir='ltr'><strong>igunae</strong></span> <span class='ocrx_word' id='word_1_75' title='bbox 858 1250 888 1306; x_wconf 90' lang='lat' dir='ltr'><strong>iu</strong></span> <span class='ocrx_word' id='word_1_76' title='bbox 912 1248 971 1308; x_wconf 90' lang='lat' dir='ltr'><strong>duo</strong></span> <span class='ocrx_word' id='word_1_77' title='bbox 992 1248 1149 1326; x_wconf 84' lang='lat' dir='ltr'><strong>aequalia,</strong></span> <span class='ocrx_word' id='word_1_78' title='bbox 1172 1250 1250 1308; x_wconf 88' lang='lat' dir='ltr'><strong>sicut</strong></span> <span class='ocrx_word' id='word_1_79' title='bbox 1270 1248 1434 1326; x_wconf 71' lang='lat' dir='ltr'><strong>globum‘a</strong></span> <span class='ocrx_word' id='word_1_80' title='bbox 1456 1247 1533 1307; x_wconf 89' lang='lat' dir='ltr'><strong>duo-</strong></span> 
     </span>
     <span class='ocr_line' id='line_1_10' title="bbox 175 1334 1533 1415; baseline 0 -20"><span class='ocrx_word' id='word_1_81' title='bbox 175 1337 229 1395; x_wconf 84' lang='lat' dir='ltr'><strong>lua</strong></span> <span class='ocrx_word' id='word_1_82' title='bbox 242 1335 322 1413; x_wconf 60' lang='lat' dir='ltr'><strong>pole</strong></span> <span class='ocrx_word' id='word_1_83' title='bbox 335 1349 510 1413; x_wconf 83' lang='lat' dir='ltr'><strong>suspensum</strong></span> <span class='ocrx_word' id='word_1_84' title='bbox 532 1335 639 1395; x_wconf 80' lang='lat' dir='ltr'><strong>dividit</strong></span> <span class='ocrx_word' id='word_1_85' title='bbox 651 1336 795 1396; x_wconf 84' lang='lat' dir='ltr'><strong>maximus</strong></span> <span class='ocrx_word' id='word_1_86' title='bbox 817 1334 958 1395; x_wconf 76' lang='lat' dir='ltr'><strong>cremus:</strong></span> <span class='ocrx_word' id='word_1_87' title='bbox 982 1335 1055 1397; x_wconf 89' lang='lat' dir='ltr'><strong>haec</strong></span> <span class='ocrx_word' id='word_1_88' title='bbox 1073 1344 1118 1396; x_wconf 85' lang='lat' dir='ltr'><strong>est</strong></span> <span class='ocrx_word' id='word_1_89' title='bbox 1133 1336 1279 1413; x_wconf 89' lang='lat' dir='ltr'><strong>quaedam</strong></span> <span class='ocrx_word' id='word_1_90' title='bbox 1293 1338 1391 1415; x_wconf 79' lang='lat' dir='ltr'><strong>imago</strong></span> <span class='ocrx_word' id='word_1_91' title='bbox 1412 1335 1533 1396; x_wconf 85' lang='lat' dir='ltr'><strong>mobili·</strong></span> 
     </span>
     <span class='ocr_line' id='line_1_11' title="bbox 174 1422 1533 1502; baseline 0.001 -20"><span class='ocrx_word' id='word_1_92' title='bbox 174 1426 252 1496; x_wconf 67' lang='lat' dir='ltr'><strong>tans,</strong></span> <span class='ocrx_word' id='word_1_93' title='bbox 274 1423 319 1482; x_wconf 89' lang='lat' dir='ltr'><strong>utl</strong></span> <span class='ocrx_word' id='word_1_94' title='bbox 342 1428 393 1484; x_wconf 72' lang='lat' dir='ltr'><strong>atr</strong></span> <span class='ocrx_word' id='word_1_95' title='bbox 414 1432 460 1483; x_wconf 90' lang='lat' dir='ltr'><strong>est</strong></span> <span class='ocrx_word' id='word_1_96' title='bbox 481 1423 690 1483; x_wconf 85' lang='lat' dir='ltr'><strong>elementorum</strong></span> <span class='ocrx_word' id='word_1_97' title='bbox 712 1422 937 1482; x_wconf 84' lang='lat' dir='ltr'><strong>mobilissimum</strong></span> <span class='ocrx_word' id='word_1_98' title='bbox 952 1429 983 1482; x_wconf 91' lang='lat' dir='ltr'><strong>et</strong></span> <span class='ocrx_word' id='word_1_99' title='bbox 998 1424 1147 1486; x_wconf 81' lang='lat' dir='ltr'><strong>ceieritate</strong></span> <span class='ocrx_word' id='word_1_100' title='bbox 1167 1431 1197 1484; x_wconf 94' lang='lat' dir='ltr'><strong>et</strong></span> <span class='ocrx_word' id='word_1_101' title='bbox 1211 1427 1354 1486; x_wconf 75' lang='lat' dir='ltr'><strong>venuste</strong></span> <span class='ocrx_word' id='word_1_102' title='bbox 1368 1424 1533 1502; x_wconf 73' lang='lat' dir='ltr'><strong>plagarum.</strong></span> 
     </span>
    </p>

    <p class='ocr_par' dir='ltr' id='par_1_4' title="bbox 171 1503 1589 2727">
     <span class='ocr_line' id='line_1_12' title="bbox 259 1503 1532 1589; baseline 0 -19"><span class='ocrx_word' id='word_1_103' title='bbox 259 1503 512 1571; x_wconf 68' lang='lat' dir='ltr'><strong>ln‘tetraddro</strong></span> <span class='ocrx_word' id='word_1_104' title='bbox 540 1512 674 1589; x_wconf 86' lang='lat' dir='ltr'><strong>pancitas</strong></span> <span class='ocrx_word' id='word_1_105' title='bbox 702 1509 856 1588; x_wconf 78' lang='lat' dir='ltr'><strong>planorum</strong></span> <span class='ocrx_word' id='word_1_106' title='bbox 886 1515 1003 1587; x_wconf 74' lang='lat' dir='ltr'><strong>signare</strong></span> <span class='ocrx_word' id='word_1_107' title='bbox 1033 1510 1150 1572; x_wconf 80' lang='lat' dir='ltr'><strong>ridetur</strong></span> <span class='ocrx_word' id='word_1_108' title='bbox 1170 1513 1332 1572; x_wconf 87' lang='lat' dir='ltr'><strong>siccitatem</strong></span> <span class='ocrx_word' id='word_1_109' title='bbox 1354 1514 1441 1589; x_wconf 71' lang='lat' dir='ltr'><strong>ignia,</strong></span> <span class='ocrx_word' id='word_1_110' title='bbox 1465 1528 1532 1571; x_wconf 87' lang='lat' dir='ltr'><strong>curn</strong></span> 
     </span>
     <span class='ocr_line' id='line_1_13' title="bbox 174 1591 1534 1673; baseline 0.002 -17"><span class='ocrx_word' id='word_1_111' title='bbox 174 1591 303 1657; x_wconf 77' lang='lat' dir='ltr'><strong>delinitio</strong></span> <span class='ocrx_word' id='word_1_112' title='bbox 318 1599 522 1672; x_wconf 63' lang='lat' dir='ltr'><strong>nicaenorum,</strong></span> <span class='ocrx_word' id='word_1_113' title='bbox 546 1598 608 1658; x_wconf 87' lang='lat' dir='ltr'><strong>auis</strong></span> <span class='ocrx_word' id='word_1_114' title='bbox 623 1599 763 1657; x_wconf 76' lang='lat' dir='ltr'><strong>contineri</strong></span> <span class='ocrx_word' id='word_1_115' title='bbox 780 1599 928 1673; x_wconf 86' lang='lat' dir='ltr'><strong>terminis;</strong></span> <span class='ocrx_word' id='word_1_116' title='bbox 949 1600 980 1656; x_wconf 90' lang='lat' dir='ltr'><strong>in</strong></span> <span class='ocrx_word' id='word_1_117' title='bbox 1003 1598 1216 1659; x_wconf 82' lang='lat' dir='ltr'><strong>icosaiidro</strong></span> <span class='ocrx_word' id='word_1_118' title='bbox 1234 1601 1362 1661; x_wconf 82' lang='lat' dir='ltr'><strong>uicissim</strong></span> <span class='ocrx_word' id='word_1_119' title='bbox 1375 1598 1534 1659; x_wconf 86' lang='lat' dir='ltr'><strong>multitudo</strong></span> 
     </span>
     <span class='ocr_line' id='line_1_14' title="bbox 173 1683 1534 1763; baseline 0.001 -18"><span class='ocrx_word' id='word_1_120' title='bbox 173 1687 326 1763; x_wconf 80' lang='lat' dir='ltr'><strong>planorum</strong></span> <span class='ocrx_word' id='word_1_121' title='bbox 348 1687 465 1762; x_wconf 80' lang='lat' dir='ltr'><strong>signare</strong></span> <span class='ocrx_word' id='word_1_122' title='bbox 487 1683 603 1747; x_wconf 84' lang='lat' dir='ltr'><strong>ridetur</strong></span> <span class='ocrx_word' id='word_1_123' title='bbox 625 1684 829 1748; x_wconf 72' lang='lat' dir='ltr'><strong>humiditatem</strong></span> <span class='ocrx_word' id='word_1_124' title='bbox 850 1699 955 1762; x_wconf 84' lang='lat' dir='ltr'><strong>aquee,</strong></span> <span class='ocrx_word' id='word_1_125' title='bbox 979 1701 1045 1745; x_wconf 90' lang='lat' dir='ltr'><strong>oum</strong></span> <span class='ocrx_word' id='word_1_126' title='bbox 1069 1685 1407 1761; x_wconf 69' lang='lat' dir='ltr'><strong>montemtremitum,</strong></span> <span class='ocrx_word' id='word_1_127' title='bbox 1430 1686 1534 1746; x_wconf 88' lang='lat' dir='ltr'><strong>alienia</strong></span> 
     </span>
     <span class='ocr_line' id='line_1_15' title="bbox 173 1773 1534 1852; baseline -0.002 -18"><span class='ocrx_word' id='word_1_128' title='bbox 173 1775 314 1834; x_wconf 69' lang='lat' dir='ltr'><strong>commori</strong></span> <span class='ocrx_word' id='word_1_129' title='bbox 336 1775 485 1849; x_wconf 77' lang='lat' dir='ltr'><strong>tctmlulo3</strong></span> <span class='ocrx_word' id='word_1_130' title='bbox 513 1781 559 1835; x_wconf 89' lang='lat' dir='ltr'><strong>ost</strong></span> <span class='ocrx_word' id='word_1_131' title='bbox 587 1775 696 1852; x_wconf 87' lang='lat' dir='ltr'><strong>quippe</strong></span> <span class='ocrx_word' id='word_1_132' title='bbox 718 1776 853 1850; x_wconf 83' lang='lat' dir='ltr'><strong>paucitas</strong></span> <span class='ocrx_word' id='word_1_133' title='bbox 882 1775 1082 1852; x_wconf 76' lang='lat' dir='ltr'><strong>propriorum,</strong></span> <span class='ocrx_word' id='word_1_134' title='bbox 1115 1773 1274 1836; x_wconf 87' lang='lat' dir='ltr'><strong>multitudo</strong></span> <span class='ocrx_word' id='word_1_135' title='bbox 1304 1774 1482 1835; x_wconf 88' lang='lat' dir='ltr'><strong>adscitomm</strong></span> <span class='ocrx_word' id='word_1_136' title='bbox 1505 1781 1534 1832; x_wconf 88' lang='lat' dir='ltr'><strong>et</strong></span> 
     </span>
     <span class='ocr_line' id='line_1_16' title="bbox 173 1859 1534 1940; baseline 0 -20"><span class='ocrx_word' id='word_1_137' title='bbox 173 1861 335 1922; x_wconf 87' lang='lat' dir='ltr'><strong>alienorum</strong></span> <span class='ocrx_word' id='word_1_138' title='bbox 357 1860 507 1922; x_wconf 89' lang='lat' dir='ltr'><strong>indicium.</strong></span> <span class='ocrx_word' id='word_1_139' title='bbox 552 1861 590 1920; x_wconf 86' lang='lat' dir='ltr'><strong>Et</strong></span> <span class='ocrx_word' id='word_1_140' title='bbox 612 1859 697 1922; x_wconf 87' lang='lat' dir='ltr'><strong>aliter</strong></span> <span class='ocrx_word' id='word_1_141' title='bbox 719 1862 827 1933; x_wconf 74' lang='lat' dir='ltr'><strong>cham,</strong></span> <span class='ocrx_word' id='word_1_142' title='bbox 857 1864 990 1937; x_wconf 73' lang='lat' dir='ltr'><strong>trigonus</strong></span> <span class='ocrx_word' id='word_1_143' title='bbox 1013 1860 1119 1940; x_wconf 85' lang='lat' dir='ltr'><strong>planus</strong></span> <span class='ocrx_word' id='word_1_144' title='bbox 1140 1869 1194 1922; x_wconf 85' lang='lat' dir='ltr'><strong>est</strong></span> <span class='ocrx_word' id='word_1_145' title='bbox 1223 1861 1361 1923; x_wconf 81' lang='lat' dir='ltr'><strong>teuredrt</strong></span> <span class='ocrx_word' id='word_1_146' title='bbox 1389 1863 1534 1940; x_wconf 86' lang='lat' dir='ltr'><strong>proprius,</strong></span> 
     </span>
     <span class='ocr_line' id='line_1_17' title="bbox 172 1946 1534 2026; baseline -0.001 -18"><span class='ocrx_word' id='word_1_147' title='bbox 172 1950 242 2025; x_wconf 88' lang='lat' dir='ltr'><strong>quia</strong></span> <span class='ocrx_word' id='word_1_148' title='bbox 257 1955 321 2008; x_wconf 84' lang='lat' dir='ltr'><strong>tota</strong></span> <span class='ocrx_word' id='word_1_149' title='bbox 335 1947 509 2010; x_wconf 80' lang='lat' dir='ltr'><strong>tetraddrica</strong></span> <span class='ocrx_word' id='word_1_150' title='bbox 530 1947 624 2022; x_wconf 68' lang='lat' dir='ltr'><strong>figura</strong></span> <span class='ocrx_word' id='word_1_151' title='bbox 646 1957 691 2008; x_wconf 92' lang='lat' dir='ltr'><strong>est</strong></span> <span class='ocrx_word' id='word_1_152' title='bbox 711 1950 844 2024; x_wconf 71' lang='lat' dir='ltr'><strong>trigonus</strong></span> <span class='ocrx_word' id='word_1_153' title='bbox 865 1946 994 2008; x_wconf 78' lang='lat' dir='ltr'><strong>solidusr</strong></span> <span class='ocrx_word' id='word_1_154' title='bbox 1017 1949 1095 2010; x_wconf 84' lang='lat' dir='ltr'><strong>idem</strong></span> <span class='ocrx_word' id='word_1_155' title='bbox 1119 1965 1189 2009; x_wconf 82' lang='lat' dir='ltr'><strong>vero</strong></span> <span class='ocrx_word' id='word_1_156' title='bbox 1209 1951 1345 2026; x_wconf 75' lang='lat' dir='ltr'><strong>trigonus</strong></span> <span class='ocrx_word' id='word_1_157' title='bbox 1368 1956 1413 2010; x_wconf 88' lang='lat' dir='ltr'><strong>est</strong></span> <span class='ocrx_word' id='word_1_158' title='bbox 1434 1951 1534 2008; x_wconf 89' lang='lat' dir='ltr'><strong>icosa·</strong></span> 
     </span>
     <span class='ocr_line' id='line_1_18' title="bbox 172 2035 1535 2115; baseline 0 -20"><span class='ocrx_word' id='word_1_159' title='bbox 172 2036 233 2095; x_wconf 74' lang='lat' dir='ltr'><strong>edri</strong></span> <span class='ocrx_word' id='word_1_160' title='bbox 256 2051 317 2096; x_wconf 88' lang='lat' dir='ltr'><strong>uon</strong></span> <span class='ocrx_word' id='word_1_161' title='bbox 338 2039 489 2115; x_wconf 85' lang='lat' dir='ltr'><strong>proprios,</strong></span> <span class='ocrx_word' id='word_1_162' title='bbox 511 2035 566 2096; x_wconf 84' lang='lat' dir='ltr'><strong>sed</strong></span> <span class='ocrx_word' id='word_1_163' title='bbox 587 2037 786 2108; x_wconf 88' lang='lat' dir='ltr'><strong>mutuatitius,</strong></span> <span class='ocrx_word' id='word_1_164' title='bbox 810 2037 882 2113; x_wconf 92' lang='lat' dir='ltr'><strong>quia</strong></span> <span class='ocrx_word' id='word_1_165' title='bbox 903 2035 1049 2097; x_wconf 79' lang='lat' dir='ltr'><strong>icosaiidri</strong></span> <span class='ocrx_word' id='word_1_166' title='bbox 1080 2036 1216 2097; x_wconf 88' lang='lat' dir='ltr'><strong>soliditas</strong></span> <span class='ocrx_word' id='word_1_167' title='bbox 1248 2037 1407 2115; x_wconf 77' lang='lat' dir='ltr'><strong>pentagoni</strong></span> <span class='ocrx_word' id='word_1_168' title='bbox 1429 2036 1535 2096; x_wconf 88' lang='lat' dir='ltr'><strong>similis</strong></span> 
     </span>
     <span class='ocr_line' id='line_1_19' title="bbox 171 2121 1535 2202; baseline -0.001 -20"><span class='ocrx_word' id='word_1_169' title='bbox 171 2133 224 2199; x_wconf 85' lang='lat' dir='ltr'><strong>set,</strong></span> <span class='ocrx_word' id='word_1_170' title='bbox 248 2139 308 2183; x_wconf 91' lang='lat' dir='ltr'><strong>non</strong></span> <span class='ocrx_word' id='word_1_171' title='bbox 330 2127 444 2202; x_wconf 56' lang='lat' dir='ltr'><strong>moui.</strong></span> <span class='ocrx_word' id='word_1_172' title='bbox 476 2123 604 2184; x_wconf 84' lang='lat' dir='ltr'><strong>Rursum</strong></span> <span class='ocrx_word' id='word_1_173' title='bbox 626 2125 655 2182; x_wconf 93' lang='lat' dir='ltr'><strong>in</strong></span> <span class='ocrx_word' id='word_1_174' title='bbox 679 2121 816 2183; x_wconf 69' lang='lat' dir='ltr'><strong>umedri</strong></span> <span class='ocrx_word' id='word_1_175' title='bbox 837 2127 972 2184; x_wconf 84' lang='lat' dir='ltr'><strong>acumiue</strong></span> <span class='ocrx_word' id='word_1_176' title='bbox 993 2125 1033 2184; x_wconf 88' lang='lat' dir='ltr'><strong>ah</strong></span> <span class='ocrx_word' id='word_1_177' title='bbox 1055 2139 1115 2184; x_wconf 87' lang='lat' dir='ltr'><strong>uuo</strong></span> <span class='ocrx_word' id='word_1_178' title='bbox 1137 2125 1201 2184; x_wconf 87' lang='lat' dir='ltr'><strong>hasi</strong></span> <span class='ocrx_word' id='word_1_179' title='bbox 1229 2131 1367 2200; x_wconf 73' lang='lat' dir='ltr'><strong>surgente</strong></span> <span class='ocrx_word' id='word_1_180' title='bbox 1389 2124 1435 2183; x_wconf 80' lang='lat' dir='ltr'><strong>vis</strong></span> <span class='ocrx_word' id='word_1_181' title='bbox 1457 2124 1535 2200; x_wconf 79' lang='lat' dir='ltr'><strong>ignis</strong></span> 
     </span>
     <span class='ocr_line' id='line_1_20' title="bbox 172 2209 1535 2288; baseline 0.001 -20"><span class='ocrx_word' id='word_1_182' title='bbox 172 2211 356 2288; x_wconf 73' lang='lat' dir='ltr'><strong>penetrativa</strong></span> <span class='ocrx_word' id='word_1_183' title='bbox 377 2219 408 2272; x_wconf 90' lang='lat' dir='ltr'><strong>et</strong></span> <span class='ocrx_word' id='word_1_184' title='bbox 428 2211 569 2272; x_wconf 81' lang='lat' dir='ltr'><strong>divisoria</strong></span> <span class='ocrx_word' id='word_1_185' title='bbox 583 2211 699 2271; x_wconf 84' lang='lat' dir='ltr'><strong>videtur</strong></span> <span class='ocrx_word' id='word_1_186' title='bbox 721 2209 896 2270; x_wconf 78' lang='lat' dir='ltr'><strong>adumbrata</strong></span> <span class='ocrx_word' id='word_1_187' title='bbox 918 2227 992 2284; x_wconf 87' lang='lat' dir='ltr'><strong>esse,</strong></span> <span class='ocrx_word' id='word_1_188' title='bbox 1014 2213 1045 2269; x_wconf 93' lang='lat' dir='ltr'><strong>in</strong></span> <span class='ocrx_word' id='word_1_189' title='bbox 1059 2210 1203 2272; x_wconf 83' lang='lat' dir='ltr'><strong>icosse‘dri</strong></span> <span class='ocrx_word' id='word_1_190' title='bbox 1218 2210 1326 2271; x_wconf 86' lang='lat' dir='ltr'><strong>obtuso</strong></span> <span class='ocrx_word' id='word_1_191' title='bbox 1342 2219 1373 2271; x_wconf 90' lang='lat' dir='ltr'><strong>et</strong></span> <span class='ocrx_word' id='word_1_192' title='bbox 1386 2213 1535 2288; x_wconf 89' lang='lat' dir='ltr'><strong>quinque·</strong></span> 
     </span>
     <span class='ocr_line' id='line_1_21' title="bbox 173 2297 1535 2376; baseline -0.001 -19"><span class='ocrx_word' id='word_1_193' title='bbox 173 2298 274 2359; x_wconf 76' lang='lat' dir='ltr'><strong>lineari</strong></span> <span class='ocrx_word' id='word_1_194' title='bbox 297 2298 405 2375; x_wconf 74' lang='lat' dir='ltr'><strong>angulo</strong></span> <span class='ocrx_word' id='word_1_195' title='bbox 428 2302 474 2359; x_wconf 83' lang='lat' dir='ltr'><strong>ris</strong></span> <span class='ocrx_word' id='word_1_196' title='bbox 495 2298 661 2376; x_wconf 86' lang='lat' dir='ltr'><strong>impletoria</strong></span> <span class='ocrx_word' id='word_1_197' title='bbox 684 2298 853 2373; x_wconf 90' lang='lat' dir='ltr'><strong>humorum,</strong></span> <span class='ocrx_word' id='word_1_198' title='bbox 884 2297 941 2359; x_wconf 88' lang='lat' dir='ltr'><strong>hoc</strong></span> <span class='ocrx_word' id='word_1_199' title='bbox 968 2308 1013 2358; x_wconf 90' lang='lat' dir='ltr'><strong>est</strong></span> <span class='ocrx_word' id='word_1_200' title='bbox 1042 2302 1087 2357; x_wconf 82' lang='lat' dir='ltr'><strong>vis</strong></span> <span class='ocrx_word' id='word_1_201' title='bbox 1111 2298 1313 2374; x_wconf 82' lang='lat' dir='ltr'><strong>humectandi3</strong></span> <span class='ocrx_word' id='word_1_202' title='bbox 1345 2300 1375 2357; x_wconf 91' lang='lat' dir='ltr'><strong>in</strong></span> <span class='ocrx_word' id='word_1_203' title='bbox 1397 2297 1535 2358; x_wconf 75' lang='lat' dir='ltr'><strong>tehaidri</strong></span> 
     </span>
     <span class='ocr_line' id='line_1_22' title="bbox 172 2385 1535 2468; baseline -0.001 -22"><span class='ocrx_word' id='word_1_204' title='bbox 172 2387 320 2464; x_wconf 81' lang='lat' dir='ltr'><strong>parvitate</strong></span> <span class='ocrx_word' id='word_1_205' title='bbox 342 2392 373 2446; x_wconf 90' lang='lat' dir='ltr'><strong>et</strong></span> <span class='ocrx_word' id='word_1_206' title='bbox 393 2385 564 2448; x_wconf 73' lang='lat' dir='ltr'><strong>macilentia</strong></span> <span class='ocrx_word' id='word_1_207' title='bbox 578 2393 683 2445; x_wconf 87' lang='lat' dir='ltr'><strong>natura</strong></span> <span class='ocrx_word' id='word_1_208' title='bbox 698 2386 789 2462; x_wconf 78' lang='lat' dir='ltr'><strong>ignis,</strong></span> <span class='ocrx_word' id='word_1_209' title='bbox 810 2387 840 2444; x_wconf 90' lang='lat' dir='ltr'><strong>io</strong></span> <span class='ocrx_word' id='word_1_210' title='bbox 863 2385 1007 2468; x_wconf 77' lang='lat' dir='ltr'><strong>icosa&#39;edrl</strong></span> <span class='ocrx_word' id='word_1_211' title='bbox 1029 2385 1107 2446; x_wconf 90' lang='lat' dir='ltr'><strong>mole</strong></span> <span class='ocrx_word' id='word_1_212' title='bbox 1121 2386 1290 2462; x_wconf 75' lang='lat' dir='ltr'><strong>piobiiormi</strong></span> <span class='ocrx_word' id='word_1_213' title='bbox 1310 2393 1417 2446; x_wconf 87' lang='lat' dir='ltr'><strong>natura</strong></span> <span class='ocrx_word' id='word_1_214' title='bbox 1438 2402 1535 2462; x_wconf 88' lang='lat' dir='ltr'><strong>aquae</strong></span> 
     </span>
     <span class='ocr_line' id='line_1_23' title="bbox 173 2469 1535 2553; baseline -0.001 -20"><span class='ocrx_word' id='word_1_215' title='bbox 173 2483 201 2533; x_wconf 88' lang='lat' dir='ltr'><strong>et</strong></span> <span class='ocrx_word' id='word_1_216' title='bbox 223 2472 370 2550; x_wconf 77' lang='lat' dir='ltr'><strong>quaedum</strong></span> <span class='ocrx_word' id='word_1_217' title='bbox 394 2474 476 2534; x_wconf 87' lang='lat' dir='ltr'><strong>velut</strong></span> <span class='ocrx_word' id='word_1_218' title='bbox 490 2469 584 2550; x_wconf 78' lang='lat' dir='ltr'><strong>ligura</strong></span> <span class='ocrx_word' id='word_1_219' title='bbox 604 2479 725 2550; x_wconf 70' lang='lat' dir='ltr'><strong>gunee3</strong></span> <span class='ocrx_word' id='word_1_220' title='bbox 747 2474 778 2531; x_wconf 92' lang='lat' dir='ltr'><strong>in</strong></span> <span class='ocrx_word' id='word_1_221' title='bbox 795 2471 940 2533; x_wconf 70' lang='lat' dir='ltr'><strong>tetruiidro</strong></span> <span class='ocrx_word' id='word_1_222' title='bbox 954 2471 1111 2552; x_wconf 89' lang='lat' dir='ltr'><strong>plurimum</strong></span> <span class='ocrx_word' id='word_1_223' title='bbox 1126 2481 1171 2532; x_wconf 87' lang='lat' dir='ltr'><strong>eet</strong></span> <span class='ocrx_word' id='word_1_224' title='bbox 1185 2473 1359 2553; x_wconf 85' lang='lat' dir='ltr'><strong>superficiei,</strong></span> <span class='ocrx_word' id='word_1_225' title='bbox 1381 2473 1535 2532; x_wconf 90' lang='lat' dir='ltr'><strong>minimum</strong></span> 
     </span>
     <span class='ocr_line' id='line_1_24' title="bbox 172 2558 1536 2640; baseline -0.002 -18"><span class='ocrx_word' id='word_1_226' title='bbox 172 2562 315 2639; x_wconf 85' lang='lat' dir='ltr'><strong>corporis,</strong></span> <span class='ocrx_word' id='word_1_227' title='bbox 339 2563 369 2620; x_wconf 88' lang='lat' dir='ltr'><strong>lu</strong></span> <span class='ocrx_word' id='word_1_228' title='bbox 391 2558 542 2623; x_wconf 78' lang='lat' dir='ltr'><strong>icosaddro</strong></span> <span class='ocrx_word' id='word_1_229' title='bbox 564 2560 658 2622; x_wconf 91' lang='lat' dir='ltr'><strong>moles</strong></span> <span class='ocrx_word' id='word_1_230' title='bbox 681 2573 819 2639; x_wconf 87' lang='lat' dir='ltr'><strong>corporea</strong></span> <span class='ocrx_word' id='word_1_231' title='bbox 841 2561 935 2621; x_wconf 91' lang='lat' dir='ltr'><strong>multo</strong></span> <span class='ocrx_word' id='word_1_232' title='bbox 958 2562 1052 2637; x_wconf 80' lang='lat' dir='ltr'><strong>major</strong></span> <span class='ocrx_word' id='word_1_233' title='bbox 1074 2577 1164 2640; x_wconf 84' lang='lat' dir='ltr'><strong>quern</strong></span> <span class='ocrx_word' id='word_1_234' title='bbox 1185 2559 1365 2640; x_wconf 83' lang='lat' dir='ltr'><strong>superficies:</strong></span> <span class='ocrx_word' id='word_1_235' title='bbox 1389 2561 1536 2637; x_wconf 82' lang='lat' dir='ltr'><strong>quemod-</strong></span> 
     </span>
     <span class='ocr_line' id='line_1_25' title="bbox 173 2647 1589 2727; baseline -0.002 -19"><span class='ocrx_word' id='word_1_236' title='bbox 173 2648 290 2708; x_wconf 85' lang='lat' dir='ltr'><strong>modum</strong></span> <span class='ocrx_word' id='word_1_237' title='bbox 315 2651 345 2707; x_wconf 90' lang='lat' dir='ltr'><strong>in</strong></span> <span class='ocrx_word' id='word_1_238' title='bbox 367 2649 434 2726; x_wconf 79' lang='lat' dir='ltr'><strong>igue</strong></span> <span class='ocrx_word' id='word_1_239' title='bbox 457 2649 551 2710; x_wconf 83' lang='lat' dir='ltr'><strong>forma</strong></span> <span class='ocrx_word' id='word_1_240' title='bbox 571 2647 785 2727; x_wconf 66' lang='lat' dir='ltr'><strong>praecellitis</strong></span> <span class='ocrx_word' id='word_1_241' title='bbox 808 2666 887 2726; x_wconf 83' lang='lat' dir='ltr'><strong>oque</strong></span> <span class='ocrx_word' id='word_1_242' title='bbox 910 2652 1040 2710; x_wconf 74' lang='lat' dir='ltr'><strong>materia.</strong></span> <span class='ocrx_word' id='word_1_243' title='bbox 1586 2711 1589 2718; x_wconf 17' lang='grc' dir='ltr'><strong>Α</strong></span> 
     </span>
    </p>

    <p class='ocr_par' dir='ltr' id='par_1_5' title="bbox 170 2733 1535 2992">
     <span class='ocr_line' id='line_1_26' title="bbox 261 2733 1535 2815; baseline -0.002 -19"><span class='ocrx_word' id='word_1_244' title='bbox 261 2735 534 2798; x_wconf 74' lang='lat' dir='ltr'><strong>Dodeccddron</strong></span> <span class='ocrx_word' id='word_1_245' title='bbox 556 2753 627 2797; x_wconf 84' lang='lat' dir='ltr'><strong>vero</strong></span> <span class='ocrx_word' id='word_1_246' title='bbox 649 2734 822 2813; x_wconf 83' lang='lat' dir='ltr'><strong>relinquitur</strong></span> <span class='ocrx_word' id='word_1_247' title='bbox 843 2739 957 2815; x_wconf 78' lang='lat' dir='ltr'><strong>corpori</strong></span> <span class='ocrx_word' id='word_1_248' title='bbox 979 2735 1116 2809; x_wconf 79' lang='lat' dir='ltr'><strong>neclecti,</strong></span> <span class='ocrx_word' id='word_1_249' title='bbox 1143 2735 1257 2797; x_wconf 85' lang='lat' dir='ltr'><strong>hahens</strong></span> <span class='ocrx_word' id='word_1_250' title='bbox 1281 2733 1405 2796; x_wconf 89' lang='lat' dir='ltr'><strong>eundem</strong></span> <span class='ocrx_word' id='word_1_251' title='bbox 1427 2734 1535 2814; x_wconf 85' lang='lat' dir='ltr'><strong>plano·</strong></span> 
     </span>
     <span class='ocr_line' id='line_1_27' title="bbox 171 2822 1534 2905; baseline -0.002 -20"><span class='ocrx_word' id='word_1_252' title='bbox 171 2843 235 2885; x_wconf 84' lang='lat' dir='ltr'><strong>mm</strong></span> <span class='ocrx_word' id='word_1_253' title='bbox 257 2841 421 2905; x_wconf 68' lang='lat' dir='ltr'><strong>numerum</strong></span> <span class='ocrx_word' id='word_1_254' title='bbox 441 2841 530 2903; x_wconf 88' lang='lat' dir='ltr'><strong>quem</strong></span> <span class='ocrx_word' id='word_1_255' title='bbox 551 2822 691 2886; x_wconf 88' lang='lat' dir='ltr'><strong>aodiacus</strong></span> <span class='ocrx_word' id='word_1_256' title='bbox 713 2823 849 2886; x_wconf 88' lang='lat' dir='ltr'><strong>coelestis</strong></span> <span class='ocrx_word' id='word_1_257' title='bbox 869 2828 1038 2901; x_wconf 66' lang='lat' dir='ltr'><strong>signorum</strong></span> <span class='ocrx_word' id='word_1_258' title='bbox 1062 2823 1335 2902; x_wconf 77' lang='lat' dir='ltr'><strong>demonstraturque</strong></span> <span class='ocrx_word' id='word_1_259' title='bbox 1356 2824 1534 2901; x_wconf 82' lang='lat' dir='ltr'><strong>reliquarum</strong></span> 
     </span>
     <span class='ocr_line' id='line_1_28' title="bbox 170 2910 1248 2992; baseline -0.001 -20"><span class='ocrx_word' id='word_1_260' title='bbox 170 2913 331 2990; x_wconf 70' lang='lat' dir='ltr'><strong>figuram</strong></span> <span class='ocrx_word' id='word_1_261' title='bbox 353 2913 554 2991; x_wconf 82' lang='lat' dir='ltr'><strong>capacissima,</strong></span> <span class='ocrx_word' id='word_1_262' title='bbox 579 2910 826 2990; x_wconf 87' lang='lat' dir='ltr'><strong>quemadmodum</strong></span> <span class='ocrx_word' id='word_1_263' title='bbox 848 2921 877 2973; x_wconf 86' lang='lat' dir='ltr'><strong>ct</strong></span> <span class='ocrx_word' id='word_1_264' title='bbox 900 2911 1016 2974; x_wconf 87' lang='lat' dir='ltr'><strong>coelam</strong></span> <span class='ocrx_word' id='word_1_265' title='bbox 1038 2914 1117 2992; x_wconf 89' lang='lat' dir='ltr'><strong>capit</strong></span> <span class='ocrx_word' id='word_1_266' title='bbox 1139 2914 1248 2973; x_wconf 89' lang='lat' dir='ltr'><strong>omnia.</strong></span> 
     </span>
    </p>

    <p class='ocr_par' dir='ltr' id='par_1_6' title="bbox 165 2997 1535 3952">
     <span class='ocr_line' id='line_1_29' title="bbox 258 2997 1535 3080; baseline -0.001 -20"><span class='ocrx_word' id='word_1_267' title='bbox 258 2999 343 3060; x_wconf 86' lang='lat' dir='ltr'><strong>Haec</strong></span> <span class='ocrx_word' id='word_1_268' title='bbox 363 3000 504 3078; x_wconf 69' lang='lat' dir='ltr'><strong>analogia</strong></span> <span class='ocrx_word' id='word_1_269' title='bbox 524 3002 580 3061; x_wconf 88' lang='lat' dir='ltr'><strong>etsi</strong></span> <span class='ocrx_word' id='word_1_270' title='bbox 601 2999 769 3078; x_wconf 84' lang='lat' dir='ltr'><strong>plausibilis</strong></span> <span class='ocrx_word' id='word_1_271' title='bbox 790 3006 850 3074; x_wconf 88' lang='lat' dir='ltr'><strong>ost,</strong></span> <span class='ocrx_word' id='word_1_272' title='bbox 877 3017 938 3060; x_wconf 91' lang='lat' dir='ltr'><strong>nou</strong></span> <span class='ocrx_word' id='word_1_273' title='bbox 960 3000 1080 3078; x_wconf 88' lang='lat' dir='ltr'><strong>quidem</strong></span> <span class='ocrx_word' id='word_1_274' title='bbox 1104 2999 1254 3061; x_wconf 74' lang='lat' dir='ltr'><strong>Arhtoteii</strong></span> <span class='ocrx_word' id='word_1_275' title='bbox 1275 2997 1339 3080; x_wconf 88' lang='lat' dir='ltr'><strong>(qui</strong></span> <span class='ocrx_word' id='word_1_276' title='bbox 1361 3015 1428 3059; x_wconf 92' lang='lat' dir='ltr'><strong>cum</strong></span> <span class='ocrx_word' id='word_1_277' title='bbox 1450 3014 1535 3059; x_wconf 88' lang='lat' dir='ltr'><strong>crea·</strong></span> 
     </span>
     <span class='ocr_line' id='line_1_30' title="bbox 168 3085 1534 3166; baseline 0.001 -21"><span class='ocrx_word' id='word_1_278' title='bbox 168 3097 231 3147; x_wconf 85' lang='lat' dir='ltr'><strong>turn</strong></span> <span class='ocrx_word' id='word_1_279' title='bbox 257 3104 323 3147; x_wconf 85' lang='lat' dir='ltr'><strong>esse</strong></span> <span class='ocrx_word' id='word_1_280' title='bbox 344 3086 486 3146; x_wconf 85' lang='lat' dir='ltr'><strong>mundum</strong></span> <span class='ocrx_word' id='word_1_281' title='bbox 507 3095 635 3164; x_wconf 79' lang='lat' dir='ltr'><strong>negaret,</strong></span> <span class='ocrx_word' id='word_1_282' title='bbox 660 3088 720 3145; x_wconf 82' lang='lat' dir='ltr'><strong>vim</strong></span> <span class='ocrx_word' id='word_1_283' title='bbox 742 3089 772 3145; x_wconf 90' lang='lat' dir='ltr'><strong>iu</strong></span> <span class='ocrx_word' id='word_1_284' title='bbox 794 3087 897 3165; x_wconf 76' lang='lat' dir='ltr'><strong>figuris</strong></span> <span class='ocrx_word' id='word_1_285' title='bbox 912 3090 1119 3165; x_wconf 85' lang='lat' dir='ltr'><strong>quantitatiris</strong></span> <span class='ocrx_word' id='word_1_286' title='bbox 1132 3085 1353 3166; x_wconf 85' lang='lat' dir='ltr'><strong>archetypaiem</strong></span> <span class='ocrx_word' id='word_1_287' title='bbox 1374 3102 1534 3162; x_wconf 76' lang='lat' dir='ltr'><strong>agnoscere</strong></span> 
     </span>
     <span class='ocr_line' id='line_1_31' title="bbox 167 3172 1534 3253; baseline -0.001 -20"><span class='ocrx_word' id='word_1_288' title='bbox 167 3192 228 3235; x_wconf 88' lang='lat' dir='ltr'><strong>non</strong></span> <span class='ocrx_word' id='word_1_289' title='bbox 252 3176 363 3253; x_wconf 87' lang='lat' dir='ltr'><strong>potuit,</strong></span> <span class='ocrx_word' id='word_1_290' title='bbox 388 3177 496 3252; x_wconf 84' lang='lat' dir='ltr'><strong>quippe</strong></span> <span class='ocrx_word' id='word_1_291' title='bbox 519 3191 595 3252; x_wconf 87' lang='lat' dir='ltr'><strong>quae</strong></span> <span class='ocrx_word' id='word_1_292' title='bbox 618 3177 681 3233; x_wconf 88' lang='lat' dir='ltr'><strong>siue</strong></span> <span class='ocrx_word' id='word_1_293' title='bbox 704 3174 863 3235; x_wconf 85' lang='lat' dir='ltr'><strong>architecto</strong></span> <span class='ocrx_word' id='word_1_294' title='bbox 886 3173 969 3234; x_wconf 91' lang='lat' dir='ltr'><strong>nulla</strong></span> <span class='ocrx_word' id='word_1_295' title='bbox 991 3174 1050 3235; x_wconf 88' lang='lat' dir='ltr'><strong>illis</strong></span> <span class='ocrx_word' id='word_1_296' title='bbox 1071 3179 1149 3235; x_wconf 89' lang='lat' dir='ltr'><strong>inest</strong></span> <span class='ocrx_word' id='word_1_297' title='bbox 1170 3173 1209 3235; x_wconf 88' lang='lat' dir='ltr'><strong>ad</strong></span> <span class='ocrx_word' id='word_1_298' title='bbox 1232 3173 1400 3235; x_wconf 82' lang='lat' dir='ltr'><strong>iaciendum</strong></span> <span class='ocrx_word' id='word_1_299' title='bbox 1422 3172 1534 3251; x_wconf 91' lang='lat' dir='ltr'><strong>aliquid</strong></span> 
     </span>
     <span class='ocr_line' id='line_1_32' title="bbox 168 3257 1533 3344; baseline -0.004 -19"><span class='ocrx_word' id='word_1_300' title='bbox 168 3257 367 3344; x_wconf 87' lang='lat' dir='ltr'><strong>corporeum),</strong></span> <span class='ocrx_word' id='word_1_301' title='bbox 390 3261 442 3322; x_wconf 89' lang='lat' dir='ltr'><strong>scd</strong></span> <span class='ocrx_word' id='word_1_302' title='bbox 462 3261 534 3321; x_wconf 85' lang='lat' dir='ltr'><strong>milri</strong></span> <span class='ocrx_word' id='word_1_303' title='bbox 550 3261 782 3339; x_wconf 57' lang='lat' dir='ltr'><strong>mitiorisque</strong></span> <span class='ocrx_word' id='word_1_304' title='bbox 805 3262 949 3336; x_wconf 89' lang='lat' dir='ltr'><strong>omnibus,</strong></span> <span class='ocrx_word' id='word_1_305' title='bbox 974 3260 1104 3338; x_wconf 83' lang='lat' dir='ltr'><strong>quidde</strong></span> <span class='ocrx_word' id='word_1_306' title='bbox 1127 3269 1270 3337; x_wconf 86' lang='lat' dir='ltr'><strong>tenemus,</strong></span> <span class='ocrx_word' id='word_1_307' title='bbox 1292 3258 1443 3336; x_wconf 89' lang='lat' dir='ltr'><strong>mundum,</strong></span> <span class='ocrx_word' id='word_1_308' title='bbox 1467 3278 1533 3321; x_wconf 91' lang='lat' dir='ltr'><strong>cum</strong></span> 
     </span>
     <span class='ocr_line' id='line_1_33' title="bbox 167 3347 1534 3428; baseline -0.003 -16"><span class='ocrx_word' id='word_1_309' title='bbox 167 3359 259 3412; x_wconf 89' lang='lat' dir='ltr'><strong>antea</strong></span> <span class='ocrx_word' id='word_1_310' title='bbox 280 3367 339 3410; x_wconf 91' lang='lat' dir='ltr'><strong>non</strong></span> <span class='ocrx_word' id='word_1_311' title='bbox 362 3356 448 3423; x_wconf 88' lang='lat' dir='ltr'><strong>esset,</strong></span> <span class='ocrx_word' id='word_1_312' title='bbox 471 3370 489 3411; x_wconf 90' lang='lat' dir='ltr'><strong>a</strong></span> <span class='ocrx_word' id='word_1_313' title='bbox 513 3350 577 3409; x_wconf 92' lang='lat' dir='ltr'><strong>Deo</strong></span> <span class='ocrx_word' id='word_1_314' title='bbox 600 3358 729 3410; x_wconf 85' lang='lat' dir='ltr'><strong>ereetum</strong></span> <span class='ocrx_word' id='word_1_315' title='bbox 752 3366 827 3422; x_wconf 79' lang='lat' dir='ltr'><strong>esse,</strong></span> <span class='ocrx_word' id='word_1_316' title='bbox 850 3349 1034 3428; x_wconf 88' lang='lat' dir='ltr'><strong>inpendere,</strong></span> <span class='ocrx_word' id='word_1_317' title='bbox 1057 3366 1193 3410; x_wconf 86' lang='lat' dir='ltr'><strong>mensure</strong></span> <span class='ocrx_word' id='word_1_318' title='bbox 1215 3357 1245 3411; x_wconf 86' lang='lat' dir='ltr'><strong>et</strong></span> <span class='ocrx_word' id='word_1_319' title='bbox 1266 3365 1398 3424; x_wconf 81' lang='lat' dir='ltr'><strong>numero,</strong></span> <span class='ocrx_word' id='word_1_320' title='bbox 1422 3347 1534 3411; x_wconf 88' lang='lat' dir='ltr'><strong>scillcet</strong></span> 
     </span>
     <span class='ocr_line' id='line_1_34' title="bbox 167 3435 1533 3517; baseline 0.001 -21"><span class='ocrx_word' id='word_1_321' title='bbox 167 3438 244 3499; x_wconf 87' lang='lat' dir='ltr'><strong>ideis</strong></span> <span class='ocrx_word' id='word_1_322' title='bbox 266 3439 323 3516; x_wconf 92' lang='lat' dir='ltr'><strong>ipsi</strong></span> <span class='ocrx_word' id='word_1_323' title='bbox 346 3437 523 3517; x_wconf 85' lang='lat' dir='ltr'><strong>coaeternis:</strong></span> <span class='ocrx_word' id='word_1_324' title='bbox 547 3437 611 3511; x_wconf 81' lang='lat' dir='ltr'><strong>etsi,</strong></span> <span class='ocrx_word' id='word_1_325' title='bbox 633 3438 763 3514; x_wconf 88' lang='lat' dir='ltr'><strong>iuquam,</strong></span> <span class='ocrx_word' id='word_1_326' title='bbox 786 3436 953 3515; x_wconf 85' lang='lat' dir='ltr'><strong>plausibilis</strong></span> <span class='ocrx_word' id='word_1_327' title='bbox 969 3443 1014 3497; x_wconf 90' lang='lat' dir='ltr'><strong>cst</strong></span> <span class='ocrx_word' id='word_1_328' title='bbox 1036 3438 1067 3497; x_wconf 91' lang='lat' dir='ltr'><strong>in</strong></span> <span class='ocrx_word' id='word_1_329' title='bbox 1085 3455 1194 3514; x_wconf 76' lang='lat' dir='ltr'><strong>genere</strong></span> <span class='ocrx_word' id='word_1_330' title='bbox 1216 3437 1291 3498; x_wconf 87' lang='lat' dir='ltr'><strong>huec</strong></span> <span class='ocrx_word' id='word_1_331' title='bbox 1314 3435 1461 3515; x_wconf 78' lang='lat' dir='ltr'><strong>analogia,</strong></span> <span class='ocrx_word' id='word_1_332' title='bbox 1485 3444 1533 3498; x_wconf 82' lang='lat' dir='ltr'><strong>to·</strong></span> 
     </span>
     <span class='ocr_line' id='line_1_35' title="bbox 166 3520 1532 3604; baseline 0 -19"><span class='ocrx_word' id='word_1_333' title='bbox 166 3544 236 3587; x_wconf 90' lang='lat' dir='ltr'><strong>men</strong></span> <span class='ocrx_word' id='word_1_334' title='bbox 258 3527 302 3586; x_wconf 89' lang='lat' dir='ltr'><strong>sio</strong></span> <span class='ocrx_word' id='word_1_335' title='bbox 324 3520 362 3583; x_wconf 78' lang='lat' dir='ltr'><strong>iu&#39;</strong></span> <span class='ocrx_word' id='word_1_336' title='bbox 377 3525 475 3603; x_wconf 86' lang='lat' dir='ltr'><strong>specis</strong></span> <span class='ocrx_word' id='word_1_337' title='bbox 499 3524 654 3584; x_wconf 77' lang='lat' dir='ltr'><strong>informata</strong></span> <span class='ocrx_word' id='word_1_338' title='bbox 675 3520 758 3584; x_wconf 83' lang='lat' dir='ltr'><strong>nullu</strong></span> <span class='ocrx_word' id='word_1_339' title='bbox 779 3525 955 3586; x_wconf 72' lang='lat' dir='ltr'><strong>necomitam</strong></span> <span class='ocrx_word' id='word_1_340' title='bbox 978 3526 1157 3597; x_wconf 87' lang='lat' dir='ltr'><strong>contiuetm,</strong></span> <span class='ocrx_word' id='word_1_341' title='bbox 1181 3532 1211 3584; x_wconf 85' lang='lat' dir='ltr'><strong>et</strong></span> <span class='ocrx_word' id='word_1_342' title='bbox 1233 3526 1343 3604; x_wconf 89' lang='lat' dir='ltr'><strong>patitur</strong></span> <span class='ocrx_word' id='word_1_343' title='bbox 1365 3525 1532 3596; x_wconf 84' lang='lat' dir='ltr'><strong>instantias,</strong></span> 
     </span>
     <span class='ocr_line' id='line_1_36' title="bbox 165 3610 1532 3691; baseline 0.001 -21"><span class='ocrx_word' id='word_1_344' title='bbox 165 3631 227 3672; x_wconf 91' lang='lat' dir='ltr'><strong>nou</strong></span> <span class='ocrx_word' id='word_1_345' title='bbox 251 3620 365 3673; x_wconf 86' lang='lat' dir='ltr'><strong>tantum</strong></span> <span class='ocrx_word' id='word_1_346' title='bbox 388 3612 426 3672; x_wconf 91' lang='lat' dir='ltr'><strong>ob</strong></span> <span class='ocrx_word' id='word_1_347' title='bbox 449 3611 632 3688; x_wconf 85' lang='lat' dir='ltr'><strong>quarundam</strong></span> <span class='ocrx_word' id='word_1_348' title='bbox 652 3614 862 3689; x_wconf 87' lang='lat' dir='ltr'><strong>proprietatum</strong></span> <span class='ocrx_word' id='word_1_349' title='bbox 878 3612 1106 3691; x_wconf 86' lang='lat' dir='ltr'><strong>discrepantiam</strong></span> <span class='ocrx_word' id='word_1_350' title='bbox 1128 3613 1158 3671; x_wconf 91' lang='lat' dir='ltr'><strong>in</strong></span> <span class='ocrx_word' id='word_1_351' title='bbox 1181 3610 1285 3673; x_wconf 85' lang='lat' dir='ltr'><strong>eudem</strong></span> <span class='ocrx_word' id='word_1_352' title='bbox 1308 3610 1457 3689; x_wconf 75' lang='lat' dir='ltr'><strong>analogia,</strong></span> <span class='ocrx_word' id='word_1_353' title='bbox 1480 3611 1532 3672; x_wconf 91' lang='lat' dir='ltr'><strong>sed</strong></span> 
     </span>
     <span class='ocr_line' id='line_1_37' title="bbox 166 3697 1532 3777; baseline -0.002 -16"><span class='ocrx_word' id='word_1_354' title='bbox 166 3703 259 3761; x_wconf 74' lang='lat' dir='ltr'><strong>edam</strong></span> <span class='ocrx_word' id='word_1_355' title='bbox 283 3701 322 3759; x_wconf 88' lang='lat' dir='ltr'><strong>ob</strong></span> <span class='ocrx_word' id='word_1_356' title='bbox 344 3700 487 3776; x_wconf 84' lang='lat' dir='ltr'><strong>majorem</strong></span> <span class='ocrx_word' id='word_1_357' title='bbox 509 3701 744 3760; x_wconf 82' lang='lat' dir='ltr'><strong>convenientiam</strong></span> <span class='ocrx_word' id='word_1_358' title='bbox 766 3697 941 3759; x_wconf 73' lang='lat' dir='ltr'><strong>dodeoaedrl</strong></span> <span class='ocrx_word' id='word_1_359' title='bbox 971 3707 1001 3759; x_wconf 90' lang='lat' dir='ltr'><strong>et</strong></span> <span class='ocrx_word' id='word_1_360' title='bbox 1021 3698 1165 3760; x_wconf 76' lang='lat' dir='ltr'><strong>iccssiidri</strong></span> <span class='ocrx_word' id='word_1_361' title='bbox 1195 3716 1261 3759; x_wconf 84' lang='lat' dir='ltr'><strong>cum</strong></span> <span class='ocrx_word' id='word_1_362' title='bbox 1289 3701 1375 3777; x_wconf 75' lang='lat' dir='ltr'><strong>igne,</strong></span> <span class='ocrx_word' id='word_1_363' title='bbox 1405 3697 1532 3775; x_wconf 87' lang='lat' dir='ltr'><strong>danique</strong></span> 
     </span>
     <span class='ocr_line' id='line_1_38' title="bbox 165 3784 1531 3866; baseline -0.001 -18"><span class='ocrx_word' id='word_1_364' title='bbox 165 3791 239 3864; x_wconf 84' lang='lat' dir='ltr'><strong>qaia</strong></span> <span class='ocrx_word' id='word_1_365' title='bbox 266 3786 304 3848; x_wconf 92' lang='lat' dir='ltr'><strong>ds</strong></span> <span class='ocrx_word' id='word_1_366' title='bbox 331 3786 539 3849; x_wconf 82' lang='lat' dir='ltr'><strong>elementomm</strong></span> <span class='ocrx_word' id='word_1_367' title='bbox 567 3803 688 3848; x_wconf 83' lang='lat' dir='ltr'><strong>numero</strong></span> <span class='ocrx_word' id='word_1_368' title='bbox 718 3793 750 3847; x_wconf 89' lang='lat' dir='ltr'><strong>et</strong></span> <span class='ocrx_word' id='word_1_369' title='bbox 771 3788 876 3864; x_wconf 82' lang='lat' dir='ltr'><strong>quieta</strong></span> <span class='ocrx_word' id='word_1_370' title='bbox 899 3785 1026 3847; x_wconf 78' lang='lat' dir='ltr'><strong>Telluds</strong></span> <span class='ocrx_word' id='word_1_371' title='bbox 1054 3784 1214 3866; x_wconf 86' lang='lat' dir='ltr'><strong>disputatio</strong></span> <span class='ocrx_word' id='word_1_372' title='bbox 1243 3787 1337 3848; x_wconf 88' lang='lat' dir='ltr'><strong>multo</strong></span> <span class='ocrx_word' id='word_1_373' title='bbox 1359 3787 1455 3864; x_wconf 84' lang='lat' dir='ltr'><strong>major</strong></span> <span class='ocrx_word' id='word_1_374' title='bbox 1476 3796 1531 3861; x_wconf 77' lang='lat' dir='ltr'><strong>est,</strong></span> 
     </span>
     <span class='ocr_line' id='line_1_39' title="bbox 165 3874 776 3952; baseline -0.007 -15"><span class='ocrx_word' id='word_1_375' title='bbox 165 3892 258 3952; x_wconf 87' lang='lat' dir='ltr'><strong>quam</strong></span> <span class='ocrx_word' id='word_1_376' title='bbox 280 3874 317 3936; x_wconf 90' lang='lat' dir='ltr'><strong>de</strong></span> <span class='ocrx_word' id='word_1_377' title='bbox 339 3874 444 3935; x_wconf 87' lang='lat' dir='ltr'><strong>harem</strong></span> <span class='ocrx_word' id='word_1_378' title='bbox 465 3874 623 3951; x_wconf 71' lang='lat' dir='ltr'><strong>figurarum</strong></span> <span class='ocrx_word' id='word_1_379' title='bbox 646 3888 776 3935; x_wconf 87' lang='lat' dir='ltr'><strong>numero.</strong></span> 
     </span>
    </p>

    <p class='ocr_par' dir='ltr' id='par_1_7' title="bbox 162 3956 1532 5003">
     <span class='ocr_line' id='line_1_40' title="bbox 258 3956 1531 4042; baseline 0 -22"><span class='ocrx_word' id='word_1_380' title='bbox 258 3960 371 4038; x_wconf 82' lang='lat' dir='ltr'><strong>Quodsi</strong></span> <span class='ocrx_word' id='word_1_381' title='bbox 393 3961 442 4023; x_wconf 88' lang='lat' dir='ltr'><strong>hic</strong></span> <span class='ocrx_word' id='word_1_382' title='bbox 463 3963 655 4023; x_wconf 87' lang='lat' dir='ltr'><strong>substiterunt</strong></span> <span class='ocrx_word' id='word_1_383' title='bbox 669 3962 859 4042; x_wconf 73' lang='lat' dir='ltr'><strong>Pythagorei,</strong></span> <span class='ocrx_word' id='word_1_384' title='bbox 881 3976 942 4021; x_wconf 88' lang='lat' dir='ltr'><strong>non</strong></span> <span class='ocrx_word' id='word_1_385' title='bbox 963 3959 1144 4041; x_wconf 86' lang='lat' dir='ltr'><strong>reprehendo</strong></span> <span class='ocrx_word' id='word_1_386' title='bbox 1168 3962 1197 4018; x_wconf 91' lang='lat' dir='ltr'><strong>in</strong></span> <span class='ocrx_word' id='word_1_387' title='bbox 1221 3959 1278 4019; x_wconf 90' lang='lat' dir='ltr'><strong>huo</strong></span> <span class='ocrx_word' id='word_1_388' title='bbox 1299 3967 1381 4038; x_wconf 91' lang='lat' dir='ltr'><strong>parte</strong></span> <span class='ocrx_word' id='word_1_389' title='bbox 1397 3956 1531 4033; x_wconf 74' lang='lat' dir='ltr'><strong>Remum</strong></span> 
     </span>
     <span class='ocr_line' id='line_1_41' title="bbox 166 4044 1531 4128; baseline -0.001 -19"><span class='ocrx_word' id='word_1_390' title='bbox 166 4067 227 4110; x_wconf 88' lang='lat' dir='ltr'><strong>uon</strong></span> <span class='ocrx_word' id='word_1_391' title='bbox 251 4044 456 4123; x_wconf 81' lang='lat' dir='ltr'><strong>Aristoteiem,</strong></span> <span class='ocrx_word' id='word_1_392' title='bbox 486 4046 565 4126; x_wconf 87' lang='lat' dir='ltr'><strong>quod</strong></span> <span class='ocrx_word' id='word_1_393' title='bbox 595 4048 672 4110; x_wconf 88' lang='lat' dir='ltr'><strong>hanc</strong></span> <span class='ocrx_word' id='word_1_394' title='bbox 700 4048 868 4128; x_wconf 80' lang='lat' dir='ltr'><strong>analogiam</strong></span> <span class='ocrx_word' id='word_1_395' title='bbox 891 4045 1140 4127; x_wconf 74' lang='lat' dir='ltr'><strong>disputationibus</strong></span> <span class='ocrx_word' id='word_1_396' title='bbox 1163 4044 1336 4109; x_wconf 83' lang='lat' dir='ltr'><strong>convulsam</strong></span> <span class='ocrx_word' id='word_1_397' title='bbox 1358 4047 1531 4123; x_wconf 71' lang='lat' dir='ltr'><strong>reiecerunt.</strong></span> 
     </span>
     <span class='ocr_line' id='line_1_42' title="bbox 167 4132 1532 4215; baseline -0.005 -14"><span class='ocrx_word' id='word_1_398' title='bbox 167 4138 208 4201; x_wconf 73' lang='lat' dir='ltr'><strong>At</strong></span> <span class='ocrx_word' id='word_1_399' title='bbox 229 4154 288 4215; x_wconf 75' lang='lat' dir='ltr'><strong>ego</strong></span> <span class='ocrx_word' id='word_1_400' title='bbox 310 4145 379 4199; x_wconf 86' lang='lat' dir='ltr'><strong>ante</strong></span> <span class='ocrx_word' id='word_1_401' title='bbox 402 4155 495 4199; x_wconf 78' lang='lat' dir='ltr'><strong>annes</strong></span> <span class='ocrx_word' id='word_1_402' title='bbox 519 4137 623 4213; x_wconf 85' lang='lat' dir='ltr'><strong>viginti</strong></span> <span class='ocrx_word' id='word_1_403' title='bbox 653 4144 779 4213; x_wconf 80' lang='lat' dir='ltr'><strong>quotuor</strong></span> <span class='ocrx_word' id='word_1_404' title='bbox 806 4135 895 4212; x_wconf 72' lang='lat' dir='ltr'><strong>longe</strong></span> <span class='ocrx_word' id='word_1_405' title='bbox 927 4135 1014 4196; x_wconf 86' lang='lat' dir='ltr'><strong>aliter</strong></span> <span class='ocrx_word' id='word_1_406' title='bbox 1035 4132 1111 4197; x_wconf 80' lang='lat' dir='ltr'><strong>hacc</strong></span> <span class='ocrx_word' id='word_1_407' title='bbox 1133 4137 1263 4212; x_wconf 87' lang='lat' dir='ltr'><strong>quinque</strong></span> <span class='ocrx_word' id='word_1_408' title='bbox 1287 4152 1410 4213; x_wconf 92' lang='lat' dir='ltr'><strong>corpora</strong></span> <span class='ocrx_word' id='word_1_409' title='bbox 1431 4137 1462 4194; x_wconf 91' lang='lat' dir='ltr'><strong>iu</strong></span> <span class='ocrx_word' id='word_1_410' title='bbox 1484 4136 1532 4195; x_wconf 85' lang='lat' dir='ltr'><strong>ie-</strong></span> 
     </span>
     <span class='ocr_line' id='line_1_43' title="bbox 165 4220 1531 4303; baseline -0.002 -18"><span class='ocrx_word' id='word_1_411' title='bbox 165 4227 248 4285; x_wconf 89' lang='lat' dir='ltr'><strong>brica</strong></span> <span class='ocrx_word' id='word_1_412' title='bbox 269 4225 370 4285; x_wconf 91' lang='lat' dir='ltr'><strong>mundi</strong></span> <span class='ocrx_word' id='word_1_413' title='bbox 393 4223 541 4302; x_wconf 80' lang='lat' dir='ltr'><strong>indagari,</strong></span> <span class='ocrx_word' id='word_1_414' title='bbox 566 4224 684 4300; x_wconf 86' lang='lat' dir='ltr'><strong>dirique</strong></span> <span class='ocrx_word' id='word_1_415' title='bbox 699 4226 729 4283; x_wconf 92' lang='lat' dir='ltr'><strong>ln</strong></span> <span class='ocrx_word' id='word_1_416' title='bbox 753 4223 943 4303; x_wconf 84' lang='lat' dir='ltr'><strong>praeambulo</strong></span> <span class='ocrx_word' id='word_1_417' title='bbox 966 4224 1035 4283; x_wconf 88' lang='lat' dir='ltr'><strong>libri</strong></span> <span class='ocrx_word' id='word_1_418' title='bbox 1050 4224 1074 4297; x_wconf 88' lang='lat'><strong>1,</strong></span> <span class='ocrx_word' id='word_1_419' title='bbox 1096 4224 1168 4283; x_wconf 91' lang='lat' dir='ltr'><strong>mihi</strong></span> <span class='ocrx_word' id='word_1_420' title='bbox 1184 4220 1277 4283; x_wconf 83' lang='lat' dir='ltr'><strong>rideri</strong></span> <span class='ocrx_word' id='word_1_421' title='bbox 1293 4229 1531 4297; x_wconf 80' lang='lat' dir='ltr'><strong>cousentaneum,</strong></span> 
     </span>
     <span class='ocr_line' id='line_1_44' title="bbox 165 4308 1531 4381; baseline -0.004 -7"><span class='ocrx_word' id='word_1_422' title='bbox 165 4313 291 4374; x_wconf 80' lang='lat' dir='ltr'><strong>eaodem</strong></span> <span class='ocrx_word' id='word_1_423' title='bbox 314 4311 477 4373; x_wconf 87' lang='lat' dir='ltr'><strong>doctrinam</strong></span> <span class='ocrx_word' id='word_1_424' title='bbox 499 4315 588 4373; x_wconf 88' lang='lat' dir='ltr'><strong>etiam</strong></span> <span class='ocrx_word' id='word_1_425' title='bbox 611 4320 743 4372; x_wconf 82' lang='lat' dir='ltr'><strong>veterum</strong></span> <span class='ocrx_word' id='word_1_426' title='bbox 767 4313 871 4381; x_wconf 85' lang='lat' dir='ltr'><strong>luisse,</strong></span> <span class='ocrx_word' id='word_1_427' title='bbox 902 4310 954 4372; x_wconf 87' lang='lat' dir='ltr'><strong>sed</strong></span> <span class='ocrx_word' id='word_1_428' title='bbox 985 4310 1161 4372; x_wconf 83' lang='lat' dir='ltr'><strong>occultatam</strong></span> <span class='ocrx_word' id='word_1_429' title='bbox 1193 4325 1273 4371; x_wconf 90' lang='lat' dir='ltr'><strong>more</strong></span> <span class='ocrx_word' id='word_1_430' title='bbox 1302 4320 1412 4371; x_wconf 84' lang='lat' dir='ltr'><strong>sectus.</strong></span> <span class='ocrx_word' id='word_1_431' title='bbox 1456 4308 1531 4369; x_wconf 85' lang='lat' dir='ltr'><strong>Cum</strong></span> 
     </span>
     <span class='ocr_line' id='line_1_45' title="bbox 166 4395 1529 4478; baseline -0.004 -18"><span class='ocrx_word' id='word_1_432' title='bbox 166 4403 245 4460; x_wconf 90' lang='lat' dir='ltr'><strong>enim</strong></span> <span class='ocrx_word' id='word_1_433' title='bbox 267 4400 378 4460; x_wconf 83' lang='lat' dir='ltr'><strong>habeat</strong></span> <span class='ocrx_word' id='word_1_434' title='bbox 407 4402 587 4460; x_wconf 78' lang='lat' dir='ltr'><strong>asnonomia</strong></span> <span class='ocrx_word' id='word_1_435' title='bbox 609 4399 810 4478; x_wconf 85' lang='lat' dir='ltr'><strong>Copemioeos</strong></span> <span class='ocrx_word' id='word_1_436' title='bbox 831 4416 885 4459; x_wconf 90' lang='lat' dir='ltr'><strong>seu</strong></span> <span class='ocrx_word' id='word_1_437' title='bbox 908 4400 1018 4459; x_wconf 88' lang='lat' dir='ltr'><strong>veteris</strong></span> <span class='ocrx_word' id='word_1_438' title='bbox 1041 4396 1203 4459; x_wconf 76' lang='lat' dir='ltr'><strong>Aristarchi</strong></span> <span class='ocrx_word' id='word_1_439' title='bbox 1224 4395 1316 4457; x_wconf 79' lang='lat' dir='ltr'><strong>Samii</strong></span> <span class='ocrx_word' id='word_1_440' title='bbox 1339 4395 1529 4474; x_wconf 81' lang='lat' dir='ltr'><strong>Pythagorici</strong></span> 
     </span>
     <span class='ocr_line' id='line_1_46' title="bbox 164 4482 1529 4565; baseline -0.002 -19"><span class='ocrx_word' id='word_1_441' title='bbox 164 4488 390 4565; x_wconf 85' lang='lat' dir='ltr'><strong>dispositionem</strong></span> <span class='ocrx_word' id='word_1_442' title='bbox 411 4487 513 4548; x_wconf 88' lang='lat' dir='ltr'><strong>mnndi</strong></span> <span class='ocrx_word' id='word_1_443' title='bbox 541 4486 661 4547; x_wconf 82' lang='lat' dir='ltr'><strong>mobilis</strong></span> <span class='ocrx_word' id='word_1_444' title='bbox 688 4486 791 4563; x_wconf 67' lang='lat' dir='ltr'><strong>uisu,</strong></span> <span class='ocrx_word' id='word_1_445' title='bbox 818 4494 852 4546; x_wconf 81' lang='lat' dir='ltr'><strong>st</strong></span> <span class='ocrx_word' id='word_1_446' title='bbox 879 4487 939 4545; x_wconf 85' lang='lat' dir='ltr'><strong>siut</strong></span> <span class='ocrx_word' id='word_1_447' title='bbox 967 4486 998 4544; x_wconf 92' lang='lat' dir='ltr'><strong>iu</strong></span> <span class='ocrx_word' id='word_1_448' title='bbox 1027 4505 1063 4547; x_wconf 89' lang='lat' dir='ltr'><strong>eo</strong></span> <span class='ocrx_word' id='word_1_449' title='bbox 1090 4502 1143 4544; x_wconf 84' lang='lat' dir='ltr'><strong>sex</strong></span> <span class='ocrx_word' id='word_1_450' title='bbox 1172 4484 1258 4545; x_wconf 82' lang='lat' dir='ltr'><strong>ortes</strong></span> <span class='ocrx_word' id='word_1_451' title='bbox 1287 4500 1340 4545; x_wconf 83' lang='lat' dir='ltr'><strong>seu</strong></span> <span class='ocrx_word' id='word_1_452' title='bbox 1370 4482 1529 4552; x_wconf 82' lang='lat' dir='ltr'><strong>curriculo.</strong></span> 
     </span>
     <span class='ocr_line' id='line_1_47' title="bbox 165 4571 1529 4651; baseline -0.005 -15"><span class='ocrx_word' id='word_1_453' title='bbox 165 4578 244 4636; x_wconf 85' lang='lat' dir='ltr'><strong>circa</strong></span> <span class='ocrx_word' id='word_1_454' title='bbox 265 4592 372 4651; x_wconf 88' lang='lat' dir='ltr'><strong>corpus</strong></span> <span class='ocrx_word' id='word_1_455' title='bbox 395 4574 473 4635; x_wconf 83' lang='lat' dir='ltr'><strong>Solis</strong></span> <span class='ocrx_word' id='word_1_456' title='bbox 500 4577 531 4633; x_wconf 90' lang='lat' dir='ltr'><strong>in</strong></span> <span class='ocrx_word' id='word_1_457' title='bbox 559 4581 659 4636; x_wconf 90' lang='lat' dir='ltr'><strong>oentm</strong></span> <span class='ocrx_word' id='word_1_458' title='bbox 690 4574 840 4635; x_wconf 85' lang='lat' dir='ltr'><strong>immobile</strong></span> <span class='ocrx_word' id='word_1_459' title='bbox 863 4572 1062 4635; x_wconf 81' lang='lat' dir='ltr'><strong>circumducta</strong></span> <span class='ocrx_word' id='word_1_460' title='bbox 1082 4573 1256 4649; x_wconf 73' lang='lat' dir='ltr'><strong>magnisque</strong></span> <span class='ocrx_word' id='word_1_461' title='bbox 1279 4578 1309 4631; x_wconf 94' lang='lat' dir='ltr'><strong>et</strong></span> <span class='ocrx_word' id='word_1_462' title='bbox 1331 4571 1459 4631; x_wconf 87' lang='lat' dir='ltr'><strong>interae</strong></span> <span class='ocrx_word' id='word_1_463' title='bbox 1482 4573 1529 4629; x_wconf 90' lang='lat' dir='ltr'><strong>in·</strong></span> 
     </span>
     <span class='ocr_line' id='line_1_48' title="bbox 165 4655 1529 4741; baseline -0.001 -20"><span class='ocrx_word' id='word_1_464' title='bbox 165 4662 342 4738; x_wconf 71' lang='lat' dir='ltr'><strong>aequalibus</strong></span> <span class='ocrx_word' id='word_1_465' title='bbox 363 4661 526 4724; x_wconf 83' lang='lat' dir='ltr'><strong>intervallis</strong></span> <span class='ocrx_word' id='word_1_466' title='bbox 548 4661 681 4741; x_wconf 54' lang='lat' dir='ltr'><strong>dirotmq</strong></span> <span class='ocrx_word' id='word_1_467' title='bbox 703 4661 822 4723; x_wconf 76' lang='lat' dir='ltr'><strong>Saturni</strong></span> <span class='ocrx_word' id='word_1_468' title='bbox 845 4664 954 4734; x_wconf 71' lang='lat' dir='ltr'><strong>arthuri,</strong></span> <span class='ocrx_word' id='word_1_469' title='bbox 977 4659 1083 4722; x_wconf 73' lang='lat' dir='ltr'><strong>ddnde</strong></span> <span class='ocrx_word' id='word_1_470' title='bbox 1104 4658 1208 4737; x_wconf 77' lang='lat' dir='ltr'><strong>iovis,</strong></span> <span class='ocrx_word' id='word_1_471' title='bbox 1231 4655 1297 4718; x_wconf 89' lang='lat' dir='ltr'><strong>dein</strong></span> <span class='ocrx_word' id='word_1_472' title='bbox 1322 4657 1438 4736; x_wconf 80' lang='lat' dir='ltr'><strong>Martia,</strong></span> <span class='ocrx_word' id='word_1_473' title='bbox 1460 4658 1529 4720; x_wconf 88' lang='lat' dir='ltr'><strong>inde</strong></span> 
     </span>
     <span class='ocr_line' id='line_1_49' title="bbox 163 4736 1527 4827; baseline -0.002 -19"><span class='ocrx_word' id='word_1_474' title='bbox 163 4749 294 4809; x_wconf 79' lang='lat' dir='ltr'><strong>Telimis</strong></span> <span class='ocrx_word' id='word_1_475' title='bbox 315 4764 382 4809; x_wconf 83' lang='lat' dir='ltr'><strong>cum</strong></span> <span class='ocrx_word' id='word_1_476' title='bbox 406 4749 507 4823; x_wconf 80' lang='lat' dir='ltr'><strong>Luna,</strong></span> <span class='ocrx_word' id='word_1_477' title='bbox 529 4757 593 4808; x_wconf 92' lang='lat' dir='ltr'><strong>tum</strong></span> <span class='ocrx_word' id='word_1_478' title='bbox 615 4748 753 4821; x_wconf 82' lang='lat' dir='ltr'><strong>Veneris,</strong></span> <span class='ocrx_word' id='word_1_479' title='bbox 776 4748 903 4827; x_wconf 75' lang='lat' dir='ltr'><strong>dmiqm</strong></span> <span class='ocrx_word' id='word_1_480' title='bbox 924 4748 1061 4809; x_wconf 84' lang='lat' dir='ltr'><strong>hlorourii</strong></span> <span class='ocrx_word' id='word_1_481' title='bbox 1084 4747 1193 4807; x_wconf 82' lang='lat' dir='ltr'><strong>intimi:</strong></span> <span class='ocrx_word' id='word_1_482' title='bbox 1221 4736 1347 4823; x_wconf 75' lang='lat' dir='ltr'><strong>cumque</strong></span> <span class='ocrx_word' id='word_1_483' title='bbox 1368 4742 1527 4823; x_wconf 72' lang='lat' dir='ltr'><strong>figurarum</strong></span> 
     </span>
     <span class='ocr_line' id='line_1_50' title="bbox 162 4833 1528 4916; baseline -0.002 -19"><span class='ocrx_word' id='word_1_484' title='bbox 162 4834 269 4897; x_wconf 88' lang='lat' dir='ltr'><strong>harum</strong></span> <span class='ocrx_word' id='word_1_485' title='bbox 291 4839 421 4915; x_wconf 87' lang='lat' dir='ltr'><strong>quinque</strong></span> <span class='ocrx_word' id='word_1_486' title='bbox 441 4838 561 4916; x_wconf 86' lang='lat' dir='ltr'><strong>propria</strong></span> <span class='ocrx_word' id='word_1_487' title='bbox 583 4844 613 4897; x_wconf 91' lang='lat' dir='ltr'><strong>et</strong></span> <span class='ocrx_word' id='word_1_488' title='bbox 635 4837 800 4898; x_wconf 74' lang='lat' dir='ltr'><strong>ementiolis</strong></span> <span class='ocrx_word' id='word_1_489' title='bbox 826 4839 866 4896; x_wconf 86' lang='lat' dir='ltr'><strong>sit</strong></span> <span class='ocrx_word' id='word_1_490' title='bbox 894 4837 1045 4913; x_wconf 82' lang='lat' dir='ltr'><strong>inscriptio</strong></span> <span class='ocrx_word' id='word_1_491' title='bbox 1074 4836 1103 4893; x_wconf 90' lang='lat' dir='ltr'><strong>in</strong></span> <span class='ocrx_word' id='word_1_492' title='bbox 1131 4833 1313 4912; x_wconf 83' lang='lat' dir='ltr'><strong>sphaericam</strong></span> <span class='ocrx_word' id='word_1_493' title='bbox 1343 4833 1528 4910; x_wconf 82' lang='lat' dir='ltr'><strong>superficiem</strong></span> 
     </span>
     <span class='ocr_line' id='line_1_51' title="bbox 166 4920 1527 5003; baseline -0.003 -16"><span class='ocrx_word' id='word_1_494' title='bbox 166 4926 235 4987; x_wconf 70' lang='lat' dir='ltr'><strong>cuir</strong></span> <span class='ocrx_word' id='word_1_495' title='bbox 256 4924 392 5003; x_wconf 75' lang='lat' dir='ltr'><strong>mqulls,</strong></span> <span class='ocrx_word' id='word_1_496' title='bbox 419 4933 449 4986; x_wconf 83' lang='lat' dir='ltr'><strong>et</strong></span> <span class='ocrx_word' id='word_1_497' title='bbox 471 4924 700 5002; x_wconf 85' lang='lat' dir='ltr'><strong>circumscriptio</strong></span> <span class='ocrx_word' id='word_1_498' title='bbox 727 4925 805 4985; x_wconf 89' lang='lat' dir='ltr'><strong>circa</strong></span> <span class='ocrx_word' id='word_1_499' title='bbox 825 4921 1009 5000; x_wconf 86' lang='lat' dir='ltr'><strong>sphaericam</strong></span> <span class='ocrx_word' id='word_1_500' title='bbox 1037 4922 1220 5001; x_wconf 77' lang='lat' dir='ltr'><strong>superficiem</strong></span> <span class='ocrx_word' id='word_1_501' title='bbox 1243 4937 1308 4982; x_wconf 87' lang='lat' dir='ltr'><strong>cnm</strong></span> <span class='ocrx_word' id='word_1_502' title='bbox 1332 4920 1527 5000; x_wconf 69' lang='grc'><strong>(1111111111-</strong></span> 
     </span>
    </p>
   </div>
   <div class='ocr_carea' id='block_1_3' title="bbox 0 0 1788 5625">
    <p class='ocr_par' dir='ltr' id='par_1_8' title="bbox 0 0 1788 5625">
     <span class='ocr_line' id='line_1_52' title="bbox 0 0 1788 5625; baseline 0 3"><span class='ocrx_word' id='word_1_503' title='bbox 0 0 1788 5625; x_wconf 95' lang='lat' dir='ltr'><strong> </strong></span> 
     </span>
    </p>
   </div>
  </div>
 </body>
</html>
