3567 5625
243 443 306 506 144
655 481 659 491 -
777 439 819 497 De
836 438 1061 512 Propertlonlbus

240 630 302 671 cnm
320 615 355 670 ll
372 614 456 686 rapto
473 615 566 685 totius,
584 629 635 687 per
651 631 694 671 an
716 618 755 685 5.,
774 631 839 687 ergo
857 617 939 672 cnam
956 633 1017 671 cam
1036 616 1148 688 simplo,
1172 634 1212 674 ac.
1230 633 1291 674 cura
1308 617 1370 688 ipsa
1385 619 1480 676 tund
1501 633 1597 675 conso·

241 693 317 750 nabit
334 709 385 763 per
402 711 480 764 prop.
499 695 524 749 ις
558 695 603 749 Ita
620 701 676 750 tras
694 694 764 749 dunt
781 696 984 751 consonantiae.
1020 696 1095 765 Ergo
1112 706 1165 751 etc.
1245 693 1249 701 '

327 802 550 880 Proposltlo
572 803 660 863 xtv.
705 802 804 863 Sectio
834 803 961 864 chordae
989 807 1019 863 in
1049 803 1123 866 duas
1145 809 1259 883 partes,
1292 808 1490 884 proportionis
1524 807 1598 867 inter

242 907 274 950 se
296 891 523 967 sesquialterae,
545 899 592 951 est
613 891 793 952 harmonica.

329 973 398 1028 Nam
417 973 481 1041 quia
498 989 563 1043 pars
580 976 597 1030 2
620 990 681 1030 cum
699 974 809 1029 residuo
827 975 843 1028 3
871 974 1013 1030 constituit
1033 975 1236 1044 proportionem
1263 974 1486 1045 sesquialteram,
1516 975 1599 1030 habet

348 1117 506 1126 ..ῃ-
532 1052 662 1120 igiturne
680 1068 744 1122 pars
762 1052 797 1108 cd
814 1054 961 1116 residuum,
980 1061 1010 1107 ut
1027 1052 1137 1122 aliquod
1157 1069 1306 1108 consonum
1324 1053 1492 1110 residuum2
1510 1071 1540 1110 se
1553 1055 1599 1108 ha·

350 1154 507 1197 T:
534 1134 581 1187 bet
598 1130 633 1185 ad
651 1131 780 1186 circulum
799 1132 823 1201 3,
843 1148 892 1201 ρετ
910 1130 1096 1196 corollarium,
1117 1148 1200 1200 quare
1220 1141 1247 1186 et
1265 1149 1328 1203 pars
1354 1134 1451 1188 bacci
1470 1150 1530 1188 cum
1549 1148 1599 1187 suo

244 1248 257 1281 ,
347 1175 510 1309 &TUI
531 1210 640 1266 residuo
658 1211 675 1266 3
693 1209 861 1280 consonabit,
878 1224 928 1278 per
946 1225 988 1264 ax.
1006 1212 1031 1266 5.
1066 1210 1103 1265 Et
1121 1212 1184 1278 quia
1195 1211 1289 1280 pars2
1307 1228 1368 1267 cum
1380 1210 1517 1266 residu03
1535 1209 1602 1266 iacit

331 1344 336 1352 ,
475 1283 489 1317 ²
533 1299 621 1346 totum
640 1293 664 1358 5,
682 1305 745 1359 pars
764 1304 828 1343 vero
849 1290 862 1342 1
883 1288 997 1357 ejnaque
1015 1287 1182 1344 residuuml
1201 1307 1262 1345 cum
1282 1306 1331 1346 suo
1350 1298 1408 1345 toto
1427 1292 1443 1345 b
1460 1297 1600 1357 consonat,

295 1385 300 1398 ¹
455 1402 509 1461 —s
533 1386 583 1441 ρετ
600 1368 784 1430 corollarium
805 1367 967 1423 consonabit
985 1366 1066 1435 igitur
1084 1369 1167 1422 ctiam
1185 1375 1245 1424 tota
1264 1371 1279 1424 b
1304 1385 1366 1425 cum
1385 1385 1521 1425 consonae
1539 1385 1600 1438 par·

347 1404 508 1520 ἓξ
532 1452 569 1506 tis
590 1452 602 1504 1
622 1448 706 1518 dupla
720 1448 752 1514 2,
771 1462 842 1516 quae
860 1446 913 1500 hoc
931 1445 992 1500 loco
1010 1453 1105 1500 nostra
1129 1462 1193 1516 para
1212 1454 1265 1514 est,
1287 1447 1330 1502 rel
1347 1463 1409 1503 eam
1430 1449 1541 1504 consoni
1560 1464 1601 1502 re·

94 1499 99 1516 .
157 1529 159 1536 ‘
244 1567 258 1603 2
303 1533 328 1601 l,
349 1524 508 1575 ’θ’θ-
534 1527 604 1583 sidui
622 1527 638 1579 -l
657 1525 766 1580 dimidio
786 1526 810 1594 2,
828 1541 878 1595 ρετ
896 1542 974 1595 prop.
993 1526 1018 1580 l.
1055 1525 1129 1579 idem
1148 1527 1271 1596 sequitur
1289 1528 1369 1581 etiam
1390 1528 1549 1598 simpliciter
1566 1543 1600 1583 ex

349 1610 542 1681 propositionis
561 1611 587 1664 5.
605 1613 684 1675 parte
701 1606 788 1673 prima
805 1603 981 1672 axiomatica,
1007 1604 1072 1673 quia
1090 1604 1220 1659 subteneo
1241 1604 1348 1660 duabus
1370 1606 1472 1675 quintis
1493 1606 1601 1661 demon-

304 1635 308 1780 γ
348 1691 468 1747 strabilis
487 1698 537 1752 cst,
555 1701 639 1757 quare
658 1694 685 1739 et
704 1699 833 1739 consona.
869 1683 995 1753 Denique
1017 1683 1082 1752 quia
1099 1683 1185 1754 partis
1204 1684 1221 1739 2
1238 1684 1411 1739 residuum3
1436 1691 1479 1739 est
1504 1684 1539 1742 ad
1561 1692 1601 1739 to·

348 1771 438 1836 tiua5
457 1777 563 1839 partem
581 1772 714 1835 quartam,
733 1769 765 1818 ut
781 1769 856 1817 totus
875 1762 993 1817 circulus
1014 1764 1046 1818 12
1064 1763 1099 1818 ad
1117 1771 1222 1832 partem
1240 1757 1388 1819 consonam
1406 1765 1430 1824 5,
1448 1779 1498 1834 per
1515 1763 1602 1818 corol-

348 1847 458 1916 larium,
476 1843 637 1903 consonabit
654 1842 737 1912 igitur
754 1849 783 1896 et
799 1842 939 1897 residuum
956 1850 1079 1897 nostrum
1098 1843 1115 1898 3
1133 1859 1194 1898 cum
1213 1849 1273 1897 toto
1285 1843 1309 1908 5,
1328 1858 1378 1911 per
1388 1859 1466 1912 prop.
1481 1845 1506 1897 7.
1535 1841 1602 1896 'ibes

348 1924 431 1994 igitar
448 1922 642 1980 consonantiae
660 1921 789 1976 existunt.
825 1922 900 1990 Ergo
920 1929 971 1977 etc.
1234 1924 1240 1932 ’

335 2049 556 2128 Propositio
579 2048 651 2108 XV.
697 2047 797 2108 Sectio
820 2046 947 2107 chordas
969 2048 1000 2106 in
1022 2054 1120 2125 partes
1143 2047 1226 2123 duas,
1249 2051 1445 2126 proportionis
1469 2051 1545 2111 inter
1566 2067 1599 2110 sc

235 2139 533 2215 “superbipartientis
555 2139 672 2210 τεττίιε,
697 2153 751 2196 seu
777 2136 795 2193 5
819 2134 857 2194 ad
881 2137 915 2208 3,
939 2143 985 2195 est
1006 2135 1186 2198 harmonica.
1568 2175 1571 2182 -

331 2220 401 2276 Nam
420 2222 485 2290 quia
502 2218 641 2289 proportio
658 2219 745 2289 partis
763 2218 779 2274 3
797 2216 832 2271 sd
850 2218 990 2273 residuum
1012 2219 1028 2274 5
1050 2226 1092 2273 est
1111 2217 1221 2288 ειάετε,
1247 2233 1318 2288 quae
1336 2216 1450 2287 alicujus
1468 2219 1570 2274 residui

537 2299 648 2354 consoni
667 2298 702 2352 ad
726 2306 812 2352 totam
830 2299 860 2366 b,
886 2313 937 2367 ρετ
953 2295 1140 2363 corollarium,
1167 2313 1252 2367 quare
1273 2314 1323 2367 per
1348 2299 1456 2354 axiam
1472 2301 1496 2353 5.
1521 2299 1604 2354 etiam

352 2400 510 2445 -;,-;;
536 2385 631 2433 nostra
656 2392 720 2447 pars
743 2376 760 2431 3
783 2393 843 2430 cum
866 2386 960 2431 nostro
981 2378 1091 2433 residuo
1112 2379 1129 2433 5
1153 2377 1321 2433 consonabit
1357 2376 1482 2446 Ecquis
1505 2379 1603 2447 parsi

300 2458 313 2494 ³
351 2423 510 2548 Pg--ffi
538 2474 599 2513 cum
617 2456 726 2512 residuo
744 2459 760 2512 5
779 2455 845 2512 iacit
862 2464 949 2512 totam
967 2457 993 2522 8,
1013 2473 1096 2528 quare
1113 2472 1163 2527 per
1175 2456 1349 2514 corollarium
1366 2457 1458 2526 persa
1472 2473 1604 2513 consona·

538 2535 579 2593 bit
596 2553 657 2591 cum
676 2538 777 2593 tona
814 2537 939 2605 Denique
964 2538 1028 2606 quia
1045 2538 1183 2594 residuum
1200 2540 1216 2594 5
1241 2536 1275 2593 ad
1301 2536 1386 2592 totius
1404 2536 1422 2591 8
1443 2547 1549 2606 partem
1568 2536 1607 2591 di·

409 2651 510 2660 --
537 2616 646 2670 midiam
665 2615 681 2668 4
700 2629 730 2670 se
748 2614 847 2684 habet,
873 2624 905 2670 ut
929 2625 1004 2672 totus
1022 2617 1140 2673 circulus
1158 2619 1174 2673 5
1199 2615 1234 2670 ad
1258 2615 1396 2671 residuum
1413 2614 1431 2668 4
1449 2630 1605 2684 consonum,

248 2710 260 2740 a
350 2655 512 2770 Q
536 2694 580 2749 vel
598 2694 633 2749 ad
651 2694 736 2749 totius
753 2694 770 2748 8
788 2701 892 2763 partem
916 2703 1040 2762 quartam
1058 2695 1088 2760 2,
1116 2703 1147 2749 ut
1168 2701 1243 2749 totus
1268 2693 1386 2750 circulus
1405 2695 1421 2748 b
1443 2691 1478 2746 ad
1501 2701 1607 2763 partem

305 2751 331 2852 lt
352 2772 509 2823 -ΘΛ
537 2788 685 2829 consonam
702 2771 733 2839 2,
752 2787 803 2841 per
820 2771 1004 2829 corollarium:
1033 2772 1194 2841 consonabit
1215 2772 1299 2843 igitur
1323 2771 1462 2827 residuum
1485 2778 1606 2827 nostrum

536 2851 618 2906 etiam
636 2867 698 2907 cum
716 2859 774 2907 toto
793 2851 823 2920 8,
847 2867 898 2920 ρετ
915 2867 992 2920 prop.
1012 2853 1038 2907 i.
1071 2852 1142 2937 ¹'l'rea
1160 2852 1244 2921 igitur
1262 2848 1289 2908 bt
1307 2852 1351 2907 hic
1367 2851 1437 2930 fiupt
1455 2866 1606 2907 consonan-

535 2931 598 2986 tiae.
634 2930 709 3000 Ergo
728 2937 779 2983 etc.
1383 2992 1388 3025 Ι

333 3085 559 3161 Propositio
582 3080 669 3141 XVI.
715 3081 747 3142 Si
769 3081 880 3142 chorda
902 3081 1018 3143 secetur
1040 3085 1068 3141 in
1093 3082 1167 3144 duas
1183 3094 1281 3164 partes
1305 3085 1445 3159 affabiles,
1470 3088 1602 3165 interque

248 3174 316 3234 illas
339 3183 369 3232 et
391 3181 493 3243 totam,
516 3169 573 3230 buc
595 3178 640 3229 est
662 3172 737 3230 inter
758 3179 817 3231 tres
839 3172 988 3246 terminos,
1011 3171 1099 3232 luerit
1123 3172 1306 3234 dissonantia
1329 3192 1401 3249 una,
1435 3185 1551 3251 oportet
1575 3186 1605 3235 et

250 3263 372 3322 alteram
396 3259 608 3318 dissonantiam
630 3259 705 3317 inter
727 3256 794 3316 illos
817 3275 891 3317 esse.

335 3343 405 3399 Nam
423 3356 506 3395 causa
524 3340 709 3394 dissonantiae
727 3341 786 3409 erit,
805 3339 879 3409 quod
897 3338 939 3394 rel
957 3348 1016 3394 tota
1033 3339 1076 3394 rel
1094 3356 1160 3410 pars
1172 3341 1273 3397 habeat
1289 3358 1431 3396 numerum
1449 3342 1604 3411 portionum

247 3422 320 3479 illius
338 3419 478 3476 divisionis
497 3418 638 3489 proprium
655 3418 760 3488 ligures
778 3419 1035 3475 indemonstrabilis.
1073 3421 1156 3489 Atqui
1174 3420 1236 3476 talis
1254 3436 1383 3476 numerus
1401 3434 1490 3491 neque
1507 3425 1604 3494 majori

248 3501 328 3557 alicui
346 3515 476 3570 numero,
501 3497 548 3564 qui
564 3497 690 3566 proprius
709 3497 745 3552 sit
768 3496 873 3566 figurae
890 3496 1126 3569 demonstrabilis,
1146 3515 1265 3556 consone
1288 3503 1419 3570 sociatur,
1443 3516 1532 3570 neque
1556 3503 1605 3557 ulli

248 3579 345 3637 minori
363 3593 393 3633 se
411 3578 481 3646 ipso,
499 3592 550 3645 per
569 3577 677 3630 axioma
694 3577 718 3631 3.
736 3583 765 3630 et
782 3579 806 3630 b.
825 3584 854 3631 et
871 3592 947 3646 prop.
967 3580 993 3633 b.
1011 3585 1039 3632 et
1057 3583 1081 3633 7.
1117 3578 1259 3633 Terminus
1271 3580 1354 3650 igitur
1365 3578 1419 3645 ille,
1437 3582 1484 3647 qui
1495 3587 1606 3635 constat

248 3674 366 3714 numero·
378 3657 428 3713 tali
444 3659 607 3726 portionum,
626 3655 750 3711 dissonat
767 3669 784 3710 a
802 3655 907 3712 duobus
925 3656 1048 3712 terminis
1065 3656 1178 3727 reliquis
1190 3657 1318 3713 secfionls
1331 3657 1419 3727 illias,
1437 3663 1465 3711 et
1475 3658 1514 3713 sic
1532 3659 1605 3714 duae

248 3745 313 3794 suut
331 3736 516 3792 mssomtiae
534 3734 622 3790 simul.

335 3811 414 3871 Huic
434 3812 628 3888 propositioni
651 3812 682 3868 iu
705 3812 866 3886 geometria
887 3809 983 3869 simile
1005 3817 1050 3869 cst
1072 3809 1143 3886 boc,
1159 3811 1252 3888 'quod
1275 3814 1300 3870 si
1333 3818 1414 3870 recta
1436 3820 1551 3871 secetur
1574 3814 1602 3869 in

247 3908 347 3980 partes
378 3896 510 3959 affabiles
539 3897 684 3973 fueritque
713 3914 813 3956 earum
842 3913 904 3955 una
936 3898 1237 3957 incommensurabilis
1270 3900 1361 3958 alicui
1395 3901 1498 3959 tertiae
1527 3895 1602 3980 (non

248 3991 303 4048 toti
326 4006 362 4047 ετ
386 3994 508 4061 utraque
530 3987 717 4061 compositae,
741 3992 774 4043 ut
795 3980 874 4064 bic):
898 3983 1020 4044 alteram
1043 4001 1162 4062 quoqne
1185 3986 1280 4046 eidem
1296 3989 1399 4046 tertiae
1421 3990 1604 4047 incommen-

251 4073 409 4135 surabilem
431 4078 546 4151 oportet
568 4088 644 4131 esse.
688 4066 764 4146 Aut,
794 4075 820 4132 si
843 4079 923 4132 recta
945 4081 1060 4143 secetur
1087 4075 1117 4131 iu
1139 4081 1238 4151 partes
1262 4076 1391 4134 interae
1422 4076 1603 4136 incommen-

250 4161 412 4235 surabiles,
435 4168 560 4236 utraque
583 4155 639 4219 ert't
660 4162 715 4219 toti
740 4160 1052 4220 incommensurabilis.

336 4283 557 4360 Propositlo
579 4280 681 4340 XVII.
727 4280 760 4341 st
782 4281 892 4341 chorda
914 4290 1029 4341 saoetm
1051 4284 1081 4340 in
1104 4282 1178 4343 duas
1200 4291 1298 4360 partes
1322 4283 1507 4360 longitudine
1530 4286 1603 4345 elia·

249 4372 332 4449 biles,
355 4372 520 4446 fuerintque
542 4371 617 4428 iuter
638 4367 706 4429 illas
729 4377 759 4428 et
780 4378 882 4442 totam,
906 4368 963 4428 hoo
986 4377 1031 4428 est
1053 4372 1128 4429 inter
1142 4381 1201 4431 tres
1217 4374 1367 4445 terminos,
1393 4376 1602 4434 ootrsonantiao

251 4460 343 4533 dane,
367 4466 484 4537 oportet
506 4462 536 4518 ct
559 4458 674 4517 tertiam
697 4474 762 4517 esse
785 4459 1016 4516 consonantiam.
1482 4482 1485 4487 >

338 4541 367 4598 Si
385 4542 456 4598 enim
473 4538 544 4595 duae
562 4541 756 4595 consonantiae
774 4548 852 4608 sunt,
876 4554 938 4619 curn
957 4538 1011 4594 sint
1028 4540 1234 4608 proportionum
1258 4556 1312 4595 non
1330 4540 1423 4610 plures
1440 4557 1520 4612 quam
1538 4549 1602 4605 tres,

250 4638 305 4679 non
341 4628 452 4677 oterunt
467 4619 552 4689 igitur
568 4616 631 4675 esse
647 4618 717 4674 duae
735 4618 935 4689 dissonantiam
962 4620 985 4673 si
1004 4636 1058 4674 uon
1076 4620 1146 4675 duae
1164 4620 1361 4690 dissonantiae,
1389 4634 1453 4688 erpo
1470 4636 1520 4676 uec
1538 4614 1601 4691 una,

229 4741 235 4745 »
252 4716 301 4771 ρετ
320 4639 359 4758 fd,
378 4712 552 4767 conversam,
572 4713 636 4768 ergo
655 4714 748 4753 omnes
766 4707 823 4752 tres
840 4698 1031 4767 proportiones
1050 4708 1130 4754 erunt
1147 4710 1337 4756 consonantes.

339 4774 389 4835 Sic
410 4775 440 4831 iu
462 4775 640 4849 geometria,
672 4776 697 4833 si
720 4782 801 4835 recta
823 4785 938 4834 secetur
967 4776 996 4831 iu
1026 4784 1124 4851 partes
1153 4778 1228 4835 inter
1253 4794 1285 4835 se
1315 4775 1601 4851 commensurabiles,

251 4870 315 4923 tota
336 4864 452 4938 utrique
473 4864 601 4939 partium
624 4862 679 4922 erit
700 4862 980 4927 commensurabilis.
