3567 5625
281 341 345 419 llo
376 420 378 424 ,
444 357 448 362 ’
792 353 940 411 Ptolemaei
956 353 1112 411 Harmonia.

280 534 354 609 tria3
376 541 465 611 atque
481 534 547 595 ideo
562 537 643 596 ritas
657 543 774 596 nostrae
789 538 882 614 magis
905 535 1099 609 commodant,
1122 537 1207 612 quasi
1221 533 1388 605 luminibus,
1412 534 1493 593 vitoe
1508 540 1625 593 nostras

280 623 468 696 auctoribus,
498 641 682 684 numerorum
697 627 822 685 'ratione
855 624 1023 684 concordes.
1069 624 1188 683 Saturni
1215 631 1314 683 autem
1336 619 1499 697 Martisque
1520 620 1625 681 stellas

280 710 322 768 ita
344 726 402 768 non
426 709 534 770 habent
556 729 622 771 cunr
644 712 803 771 luminibus
833 713 1073 788 competentiam,
1103 718 1135 769 ut
1167 719 1264 770 ιιιιιιιι
1294 707 1395 785 aliqua
1418 707 1466 768 vel
1497 716 1626 768 extrema

280 813 464 857 numerorum
488 797 565 859 linea
587 800 731 859 Saturnus
753 799 790 859 ed
813 798 912 859 Solem
935 817 987 877 per
1012 794 1068 881 ιιι,
1100 797 1180 857 Mars
1210 797 1355 875 adspiciat
1376 793 1415 854 ad
1437 796 1552 855 Lunam
1573 812 1640 872 per·

236 935 238 941 ,
285 877 348 966 7,,
391 884 466 943 Nam
496 902 563 945 cnm
585 886 669 947 erna
699 886 842 946 Saturnus
873 887 943 946 iacit
975 881 1024 968 7„
1056 887 1115 945 lere
1146 894 1175 944 et
1201 880 1256 967 ¹„s
1285 891 1315 942 et
1341 878 1427 966 ¹l„,‚
1459 900 1525 942 cum
1556 882 1626 944 Sole

279 970 360 1030 Mars
384 968 422 1051 ¹!
440 979 479 1055 ‘et
501 971 558 1057 7„
588 977 791 1077 proportiones
820 992 879 1033 non
912 972 1098 1050 multiplices.
1143 971 1214 1054 Ideo
1244 974 1340 1030 miuus
1369 970 1514 1030 commodi
1545 973 1626 1029 vitae

279 1058 424 1118 humanas
452 1062 646 1137 existimatur,
664 1041 763 1138 quasi
796 1078 860 1120 curu
889 1065 969 1122 vitae
1000 1061 1169 1121 auctoribus
1198 1044 1277 1118 arcta
1307 1075 1491 1118 numerorum
1512 1060 1628 1119 ιιιιοιιι

278 1163 337 1206 nou
356 1146 469 1223 juncta.

654 1237 737 1296 Finis
761 1237 842 1297 Libri
864 1237 942 1297 tertii
963 1236 1064 1295 Herm.
1087 1234 1260 1294 Ptolemaei.

207 1449 210 1456 ,
292 1423 296 1428 ·
364 1389 437 1442 Nota
454 1391 476 1442 Ι.
512 1390 634 1444 Tertium
658 1389 711 1445 hoc
733 1399 762 1444 et
784 1390 909 1444 ultimum
935 1395 1017 1458 caput
1036 1393 1079 1442 est
1096 1402 1201 1456 eorum,
1228 1401 1342 1455 qnorum
1361 1384 1534 1439 Ptolemaeus
1552 1384 1637 1440 solos¹

280 1467 375 1521 titulos
394 1469 499 1538 posuit,
523 1477 651 1538 tanquam
670 1470 838 1537 problemata
855 1469 915 1523 aliis
927 1467 1086 1536 ·proposita;
1109 1464 1298 1518 tractationem
1316 1479 1380 1518 vero
1398 1463 1499 1517 nullam
1516 1461 1626 1533 adjecit.

281 1548 348 1600 Nam
368 1547 420 1600 etsi
440 1554 533 1602 textus
560 1546 639 1601 titulo
667 1547 805 1614 subJ'ectus
832 1550 859 1603 in
885 1546 1109 1615 interpretatione
1130 1544 1263 1611 Gogavini
1289 1540 1371 1612 plane
1397 1542 1468 1596 idern
1496 1547 1538 1596 est
1565 1560 1627 1598 cum
1683 1592 1686 1598 ,

280 1641 376 1693 graeco
403 1627 430 1680 in
448 1627 652 1695 manuscriptis,
679 1627 731 1680 etsi
753 1628 833 1680 etiam
859 1643 894 1680 ex
912 1626 959 1680 illo
976 1624 1057 1679 facile
1080 1631 1208 1694 apparet,
1235 1639 1289 1676 non
1307 1622 1453 1676 cohaerere
1470 1621 1546 1674 illum
1564 1637 1627 1677 cnm

281 1704 401 1759 textibus
419 1708 533 1762 duorum
552 1706 781 1774 antecedentium,
810 1705 889 1758 adeo
896 1711 927 1757 ιιι
944 1703 1031 1772 primo
1048 1702 1149 1757 iutuitu
1166 1701 1251 1755 videri
1268 1701 1356 1770 possit
1372 1701 1417 1754 bic
1434 1700 1544 1754 ultimus
1561 1700 1627 1754 Pto·

281 1784 377 1840 lemaei
395 1788 536 1862 genuinus,
555 1786 659 1855 priores
678 1786 766 1840 solum
783 1786 838 1841 dno
856 1783 1010 1851 adulterini,
1027 1788 1055 1836 at
1073 1789 1168 1836 contra
1185 1780 1310 1835 Barlaam
1328 1780 1476 1835 monachus
1494 1779 1567 1834 hanc
1586 1779 1627 1834 ul

280 1864 338 1918 timi
356 1865 451 1934 capitis
471 1881 523 1918 nou
542 1864 629 1919 miuus
642 1864 739 1955 rejicit,
756 1880 837 1931 quam
850 1861 919 1917 duos
937 1861 998 1915 illos
1010 1859 1236 1929 pmmecedentium
1256 1861 1367 1926 Causas,
1380 1857 1627 1913 curadultarlnum

281 1945 362 1998 etiam
380 1943 432 1997 boc
450 1950 533 2013 caput
550 1945 593 2010 sit,
611 1942 710 2032 partim
727 1942 785 2012 ipse
804 1942 879 2013 dixit,
898 1942 996 2010 partim
1015 1957 1065 2009 ego
1083 1956 1165 2009 supra
1183 1939 1275 1996 addidi
1292 1937 1518 2007 capitoliadis
1539 1937 1579 1992 13
1600 1945 1627 1991 et

281 2037 340 2091 cap.
358 2024 400 2078 lb.
436 2021 609 2076 Ptolemaeus
628 2020 698 2074 enirn
716 2020 867 2089 perlectum
886 2032 1005 2090 systema
1023 2020 1134 2087 delegit,
1154 2019 1199 2074 cui
1217 2024 1356 2087 comparat
1372 2015 1532 2085 planetas,
1524 2032 1554 2069 ιιι
1572 2033 1628 2084 quo

281 2107 344 2154 sunt
362 2099 536 2167 tetrachorda
553 2099 700 2168 superioris
719 2099 849 2168 diapason
869 2100 1004 2168 disjnncta
1022 2115 1038 2153 a
1055 2096 1236 2153 tetrachordis
1254 2094 1402 2158 inferioris,
1421 2104 1450 2147 at
1468 2101 1565 2148 auctor
1583 2111 1627 2149 ca-

280 2179 344 2248 pitis
363 2180 442 2250 vulgo
461 2180 594 2233 exstantis
612 2180 780 2248 propositum
794 2177 876 2232 habet
897 2185 1022 2246 systema,
1041 2177 1118 2245 cujus
1132 2175 1262 2244 diapason
1273 2173 1407 2228 inferioris
1425 2173 1628 2230 tetrachordum

279 2267 323 2313 est
341 2257 515 2328 conjunctum
533 2261 744 2327 (synemmenon)
763 2256 936 2311 tetrachordo
955 2255 1109 2324 superioris,
1146 2255 1318 2309 Ptolemaeus
1341 2260 1437 2307 acutos
1456 2268 1539 2307 sonos
1558 2269 1628 2306 com-

280 2337 386 2407 pararit
403 2337 507 2392 levibus
525 2337 655 2407 planetis,
683 2352 778 2405 graves
798 2336 972 2406 ponderosis,
1001 2344 1096 2390 auctor
1122 2335 1266 2389 adulterini
1295 2334 1391 2402 capitis
1419 2339 1515 2388 contra
1533 2347 1629 2401 graves

281 2433 361 2472 sonos
378 2417 497 2484 levibus,
516 2418 568 2473 boc
587 2425 629 2472 est
646 2418 706 2472 imis
724 2417 856 2486 planetis,
882 2422 978 2472 acutos
996 2415 1170 2485 ponderosis,
1197 2414 1250 2469 hoc
1268 2421 1311 2468 est
1327 2412 1446 2467 summis.
1482 2413 1630 2467 Praeterea

283 2496 455 2551 Ptolemaeus
474 2497 606 2551 Venerem
623 2496 695 2551 inira
712 2496 802 2552 Solem
820 2493 900 2562 locat,
918 2495 963 2550 hic
981 2501 1076 2549 auctor
1093 2510 1177 2562 supra
1194 2509 1266 2549 cum.

390 2665 477 2720 Ecce:
496 2665 668 2752 Comparatio
685 2664 842 2720 Ptolemaei.
1066 2660 1239 2784 Comparatio
1257 2659 1434 2758 snbrepb'lisn

960 2985 1012 3035 Ult.
1018 2998 1072 3031 exc.
1091 2961 1268 3050 ἣιιιιιιιιιᾞ
1374 2974 1399 3036 ιι
1417 2983 1468 3033 Ula
1478 2988 1546 3047 conj.

373 3506 434 3575 Ego
452 3504 534 3573 igitur
552 3508 657 3558 textum
675 3499 773 3570 capitis
799 3499 839 3553 ite
856 3499 1026 3565 concinnari,
1053 3505 1084 3554 ut
1109 3499 1181 3553 exist
1182 3500 1261 3554 imavi
1277 3498 1463 3554 Ptolemaeum
1480 3498 1559 3554 illurn
1576 3500 1635 3553 iere
1691 3488 1702 3500 '

283 3587 505 3655 concinnatorum
534 3580 618 3634 fuisse
646 3597 679 3634 ex
707 3579 847 3670 principiis
874 3590 937 3633 ante
963 3578 1068 3647 positis.
1104 3578 1167 3632 Et
1160 3595 1187 3632 m
1214 3579 1300 3647 prima
1318 3578 1427 3646 quidem
1445 3586 1526 3646 parte
1545 3594 1634 3632 meum

283 3663 368 3716 solius
382 3650 514 3729 judicium
533 3676 592 3714 sum
611 3666 732 3729 secutus,
762 3659 789 3712 in
807 3644 896 3713 alteral
911 3673 973 3711 reru
987 3657 1108 3726 potiores
1126 3665 1218 3726 partes
1235 3656 1333 3711 indicio
1352 3657 1484 3711 Macrobii
1502 3655 1580 3726 dedi,
1605 3661 1636 3709 ut

282 3740 353 3795 infra
370 3741 466 3796 dicam

372 3846 444 3899 Nota
461 3844 497 3899 Π.
534 3843 609 3911 Quae
634 3843 680 3898 hic
706 3841 869 3910 astrologica
896 3841 1024 3909 dogmata
1046 3847 1143 3910 tanga
1172 3856 1204 3893 ea
1231 3840 1312 3895 nolim
1330 3840 1396 3895 mihi
1413 3840 1510 3901 tribui,
1538 3841 1574 3895 de
1592 3839 1636 3894 his

226 3974 228 3984 ι
283 3927 354 3981 eninr
372 3940 426 3978 uon
445 3924 502 3978 sine
521 3924 628 3977 curiosa
646 3929 673 3975 et
690 3922 805 3976 sollicita
822 3919 994 3975 distinctione
1013 3918 1232 3987 respondendum
1245 3920 1310 3972 mihi
1328 3926 1409 3987 esset,
1428 3920 1450 3973 si
1469 3922 1635 3976 sententiam

283 4018 394 4070 rogarer
411 4010 439 4056 et
455 4001 477 4053 si
496 4000 548 4054 mei
566 4000 702 4069 propositi
721 4009 803 4068 esset,
822 3999 961 4054 materiam
980 3997 1054 4052 illam
1067 3999 1119 4052 hoc
1136 3997 1197 4050 loeo
1215 4004 1339 4052 tractare.
1376 3998 1477 4052 Vereor
1495 4008 1588 4054 antem
1605 3999 1635 4052 in

284 4081 469 4136 concinnando
488 4088 618 4135 contextu
636 4079 796 4145 Ptolemaei,
819 4080 864 4148 qni
889 4086 985 4133 auctor
1002 4084 1120 4147 quatuor
1141 4076 1225 4131 libros
1248 4076 1282 4131 da
1300 4076 1446 4145 astrologia
1464 4079 1586 4149 scripsit,
1605 4079 1635 4132 in

284 4158 381 4229 quibus
399 4159 527 4227 dogmata
543 4159 611 4213 haec
629 4167 694 4213 suut
716 4158 800 4212 instar
818 4160 990 4214 axiomatum.

370 4275 442 4328 Nota
460 4273 508 4326 ΠΙ.
544 4271 714 4342 Oppositioni
731 4286 827 4327 vocum
844 4271 966 4341 perfecte
978 4271 1184 4326 consonantium
1196 4285 1245 4325 seu
1263 4271 1353 4340 potius
1371 4271 1518 4327 identicum
1536 4288 1636 4327 sonan-

284 4356 351 4410 tium
374 4370 429 4408 non
452 4352 521 4407 male
546 4359 717 4421 comparatur
739 4351 874 4422 oppositio
898 4351 1057 4406 facultatum
1088 4349 1261 4419 qualitatibus
1284 4350 1471 4406 distinctarum
1495 4351 1539 4405 vel
1563 4354 1637 4409 idem

284 4434 393 4504 aliquod
412 4449 480 4501 opus
497 4440 617 4500 natiuae,
641 4430 723 4486 veluti
742 4446 837 4485 vocum
856 4429 891 4482 ad
910 4429 1023 4483 eundem
1048 4436 1209 4484 concentum
1227 4429 1447 4497 conspirantium.
1483 4431 1521 4485 At
1538 4433 1639 4501 nequit

284 4513 351 4566 haec
368 4510 535 4580 comparatio
553 4509 704 4564 continuari
723 4524 866 4576 quousque
884 4524 954 4577 opus
973 4513 1054 4560 esset.
1079 4506 1220 4575 Quomodo
1239 4508 1309 4561 enim
1326 4507 1544 4578 identisonantia
1564 4524 1638 4580 qnae

285 4600 328 4646 cst
344 4597 525 4646 concentuum
543 4589 661 4643 omnium
679 4587 902 4656 perfectissimus,
922 4593 1094 4655 comparetur
1112 4594 1168 4640 tam
1187 4602 1247 4640 curn
1266 4585 1382 4641 amicitia
1394 4584 1464 4641 Solia
1483 4593 1512 4642 et
1529 4589 1636 4659 Lunae,

285 4686 365 4740 qnam
383 4686 444 4724 cunr
462 4667 612 4723 hostilitate
630 4667 739 4723 Saturni
756 4667 792 4721 ed
809 4673 954 4734 utrumque
971 4664 1104 4719 luminare
1122 4665 1234 4734 (quippe
1252 4663 1367 4719 Saturno
1385 4646 1638 4733 proslambanomc⁴

285 4766 335 4821 aps
349 4758 409 4805 erat
426 4748 567 4815 attributa,
585 4749 679 4802 Lunae
697 4753 760 4800 nete
778 4744 1003 4811 diezeugmenon,
1021 4758 1091 4812 qnae
1110 4744 1179 4799 dnae
1198 4742 1316 4797 chordae
1334 4758 1430 4811 supra,
1446 4743 1475 4797 in
1493 4761 1638 4813 compara·

286 4828 362 4884 tione
380 4826 534 4898 systematis
552 4842 614 4883 cum
631 4825 752 4897 zodiaco,
771 4820 1025 4891 conjungebantur
1017 4838 1046 4876 m
1058 4838 1141 4876 unum
1151 4822 1250 4890 locum,
1268 4836 1368 4890 mesas,
1385 4837 1428 4877 cur
1421 4821 1488 4880 'Sol
1505 4824 1637 4893 tributus,

1257 5004 1271 5034 N
