3567 5625
724 432 815 490 Notae
830 378 962 489 Editerla.
1448 435 1511 497 489
1567 477 1572 486 ·

167 610 236 658 tione
256 624 361 674 corpora
377 614 431 672 ejus
448 611 609 672 triangularia
625 623 712 660 sonere
730 610 838 660 debeant
855 624 911 661 cum
929 610 1012 674 planis
1029 610 1135 659 aliarum
1153 606 1312 676 speeiemm),
1330 608 1374 659 aed
1392 610 1467 658 etiam
1485 609 1512 656 in

170 693 277 729 mearam
303 683 462 730 exsertiorem
480 682 588 730 incidere
606 683 696 741 gestiet
713 682 893 741 maturando,
920 685 1034 744 tempora
1051 694 1169 730 eonomm
1186 683 1320 730 arbitraria
1338 693 1391 729 ease
1409 684 1434 728 et
1452 692 1511 727 cau·

168 764 251 799 aarum
269 752 432 817 inquisitione
449 753 551 800 minime
567 752 684 811 indigere.
720 752 848 818 ludigent,
871 753 990 816 inquam,
1013 752 1108 811 ingenti
1128 764 1257 800 causarum
1273 751 1451 815 inquisitione,
1475 748 1511 796 uti

168 821 268 882 quidem
286 835 317 870 ex
336 821 451 882 diligenti
469 822 647 882 triangulorum
665 835 774 870 meorum
793 822 967 884 temporalium
984 822 1137 883 inspectione
1154 821 1272 870 iaelllime
1290 820 1428 884 apparebit.

204 943 216 968 ι
257 924 301 990 et)
320 940 376 987 pag.
396 928 446 974 ele
491 925 560 974 llaec
577 926 666 987 allegat
682 925 817 974 lamblichi
836 929 910 976 verba
927 926 1100 975 Fluddlur:
1124 927 1215 975 Anima
1231 928 1258 976 in
1277 925 1370 975 mundo
1391 922 1513 985 intelllgi·

167 997 213 1043 hili
235 996 332 1044 audivit
356 997 508 1044 harmoniam
531 996 652 1062 divinam,
680 999 752 1057 eujus
775 997 816 1045 hle
833 998 1016 1062 reminiscitur,
1041 997 1140 1060 quando
1166 996 1239 1045 audit
1256 996 1378 1045 melodias
1396 994 1514 1043 babentes

169 1066 267 1115 divium
286 1067 431 1125 vestigium:
457 1067 615 1114 reminiscens
633 1080 690 1114 uero
708 1066 739 1114 ed
757 1080 812 1114 eam
829 1068 986 1120 vehementer
1009 1067 1128 1129 elicitur,
1153 1068 1175 1116 sl
1193 1071 1230 1116 est
1253 1069 1281 1115 ln
1298 1079 1400 1115 numero
1419 1065 1514 1113 auima-

171 1150 240 1201 rum,
260 1150 325 1200 quae
342 1137 422 1197 ipsam
439 1135 581 1184 harmoniae
603 1136 684 1185 ideam
700 1137 834 1200 praecipue
853 1138 1033 1199 contemplatae
1051 1143 1110 1186 sunt
1126 1138 1153 1186 in
1171 1138 1259 1200 patria

256 1237 301 1299 88)
324 1253 380 1303 pag.
400 1241 458 1289 tto.
494 1239 652 1289 Flnddius
677 1239 713 1303 (ln
735 1240 928 1308 Replicatlouelz
954 1241 1010 1291 Nou
1032 1242 1093 1290 ludo
1116 1241 1335 1306 aequivocatione,
1360 1250 1416 1286 eum
1439 1241 1515 1284 tonna

171 1313 245 1370 atque
271 1312 345 1358 etiam
368 1306 525 1358 intervallum
545 1311 596 1357 sint
617 1312 690 1358 ambo
713 1312 769 1359 seui
792 1318 817 1359 et
841 1312 997 1361 adinvicem
1020 1316 1170 1370 cananaeum
1194 1324 1254 1359 nam
1271 1310 1345 1358 aliter
1361 1313 1437 1357 tonus
1454 1319 1514 1355 eon-

170 1381 286 1428 aeuantia
303 1394 354 1429 uon
373 1381 507 1442 diceretur,
526 1381 562 1428 alc
580 1386 654 1428 tonus
672 1393 727 1429 cnm
745 1387 805 1429 tono
827 1382 964 1431 identidem
983 1387 1079 1433 sonant.
1115 1381 1166 1429 Nec
1186 1393 1263 1442 arguo
1281 1394 1341 1445 ego,
1368 1389 1421 1428 esee
1437 1377 1516 1425 inter·

134 1490 136 1493 .
169 1447 228 1496 ualli
248 1453 331 1512 specle
351 1450 514 1498 differentiam
535 1451 601 1498 inter
618 1455 705 1498 tenum
728 1456 753 1498 et
770 1457 871 1518 tonum,
899 1466 955 1501 cum
973 1452 1091 1515 dixerim,
1118 1452 1193 1500 unius
1211 1450 1316 1500 chordae
1340 1454 1426 1498 tonum
1443 1446 1517 1494 alteri

169 1522 338 1582 proportionis
355 1520 485 1568 identitate
503 1519 734 1583 correspondentem
757 1521 931 1584 symphoniam
948 1524 1079 1571 unhnnam
1103 1522 1225 1586 enectae,
1250 1521 1294 1569 aed
1311 1532 1426 1583 numera,
1449 1516 1516 1565 unde

169 1583 305 1657 aiiirmavi,
328 1591 412 1652 ipsum
430 1603 483 1638 esse
501 1603 636 1639 consenum
652 1591 811 1640 intervallum
828 1605 879 1640 uuo
897 1597 1025 1657 respectu,
1048 1593 1107 1641 licet
1124 1591 1174 1639 alia
1192 1595 1305 1655 respectu
1326 1590 1361 1639 sit
1378 1588 1514 1637 obsonum.

262 1691 307 1758 89)
325 1687 384 1754 pag.
401 1694 459 1741 aad.
495 1691 648 1741 sinentur
666 1690 770 1758 (ibid.):
792 1695 825 1743 Et
840 1694 964 1756 proiecto,
987 1694 1110 1760 loannes,
1133 1700 1162 1744 tn
1179 1697 1223 1757 qul
1243 1700 1294 1743 tam
1312 1698 1440 1758 shenune,
1464 1704 1517 1739 non

172 1763 253 1811 dicam
272 1764 385 1811 misellus
404 1777 429 1811 es
447 1762 623 1827 philosophus,
649 1770 700 1811 tam
718 1766 804 1823 lugens
822 1766 1028 1826 mathematicus,
1051 1766 1112 1827 quid
1136 1767 1163 1814 in
1180 1767 1282 1814 nomine
1299 1764 1347 1813 Del
1365 1764 1454 1814 measti
1470 1763 1516 1810 tut

169 1833 258 1883 Selene
276 1839 304 1880 tu
323 1847 348 1880 re
366 1846 437 1892 uera,
460 1831 523 1896 quid
540 1833 573 1880 eit
590 1835 681 1881 creatio
700 1837 764 1883 etc?
800 1836 850 1882 Ant
872 1837 954 1884 scisne
970 1840 1012 1899 tu,
1038 1834 1098 1900 quid
1118 1836 1240 1884 Robertus
1257 1835 1354 1897 possiti
1389 1831 1537 1894 Quantum

169 1905 197 1951 in
214 1918 274 1952 rere
292 1904 425 1951 creationis
442 1904 516 1965 praui
532 1904 659 1950 versetur?
693 1902 769 1951 Putas
786 1909 821 1953 tn.
841 1906 970 1953 scientiam
989 1907 1043 1965 eirea
1061 1916 1114 1954 ease
1126 1906 1299 1966 imaginariam
1316 1909 1360 1952 aut
1377 1917 1445 1952 more
1462 1913 1516 1951 ma·

171 1974 250 2023 thesis
269 1974 379 2033 vulgaris
397 1974 532 2022 incertam?
566 1972 679 2036 Falleris,
699 1974 801 2039 iallsrie,
819 1975 938 2038 ioannes,
957 1977 1045 2023 etteto
1058 1975 1127 2024 coelo
1143 1980 1187 2024 tuo
1206 1979 1308 2024 extumo
1327 1987 1400 2038 errae,
1417 1973 1518 2021 umeui

169 2043 329 2105 planetarum
352 2043 415 2091 situs
438 2047 568 2106 motusque
590 2042 746 2091 harmonicus
771 2049 795 2092 te
814 2045 844 2092 de
862 2045 1000 2108 longinquo
1022 2045 1172 2107 perspielllls
1189 2046 1241 2093 tuis
1265 2045 1355 2106 opilels
1377 2043 1518 2106 perspicere

169 2114 258 2162 credie.
296 2113 334 2161 De
361 2115 456 2161 intorno
483 2112 591 2160 bominis
617 2117 700 2160 mente
726 2119 770 2161 aut
792 2115 970 2164 occultioribus
997 2115 1107 2176 eiusdem
1129 2116 1270 2164 optionibus
1293 2113 1405 2176 judicare
1427 2112 1516 2161 nescis.

175 2183 302 2231 Audacter
324 2195 383 2248 erpo
402 2182 491 2248 dicam,
515 2181 582 2245 qnod
600 2182 621 2229 sl
639 2180 750 2231 Joannee
768 2183 794 2231 ln
813 2197 859 2232 aaa
877 2189 930 2233 arte
948 2188 1015 2232 unta
1033 2184 1123 2247 peritia
1145 2185 1292 2248 abundaret,
1317 2186 1412 2248 queuta
1429 2184 1455 2229 ln
1473 2195 1519 2230 aua

170 2253 308 2314 Robertus,
334 2254 361 2300 ln
379 2254 474 2300 meliori
493 2256 519 2301 et
535 2253 634 2300 rectiori
652 2251 795 2301 harmoniae
812 2255 951 2303 mundanae
969 2257 1035 2303 statu
1053 2256 1192 2320 insisteret,
1217 2265 1293 2318 quam
1311 2253 1393 2302 adbuc
1410 2250 1516 2315 exstitit,

172 2324 304 2386 fateorque
322 2337 361 2370 me
378 2324 404 2371 iu
423 2336 452 2370 eo
470 2323 596 2384 exultare,
619 2321 686 2384 qnod
710 2336 764 2370 snm
783 2323 872 2384 dignus
894 2324 958 2372 inter
975 2323 1072 2385 hioysee
1096 2321 1233 2386 discipulos
1253 2324 1391 2388 numerari,
1413 2323 1517 2382 aeruna

171 2399 223 2440 arte
243 2392 404 2453 theosophiea
422 2396 447 2440 ct
463 2390 636 2454 philosophice
655 2405 739 2441 ornnes
757 2393 820 2441 allae
838 2394 956 2442 scientiee
975 2394 1123 2446 derivantur.
1159 2393 1290 2456 Querens
1307 2393 1441 2457 exclames,
1465 2405 1517 2457 oro,

171 2470 260 2511 contra
277 2464 389 2511 homines
406 2463 454 2510 tibi
472 2476 522 2510 uon
540 2461 601 2510 adeo
620 2463 745 2527 cognitos,
763 2464 832 2525 ipsos
849 2461 1012 2527 philosophos
1031 2461 1140 2513 misellos
1158 2463 1285 2530 vocanda,
1307 2478 1336 2512 ac
1353 2464 1375 2511 sl
1392 2461 1517 2511 neminem

174 2534 222 2581 tibi
241 2533 432 2594 comperandum
451 2545 570 2581 censeres.
607 2531 665 2581 Scio
683 2532 797 2597 equidem
817 2539 841 2581 et
859 2534 945 2598 fatear,
964 2538 989 2581 te
1006 2533 1069 2582 bene
1086 2538 1210 2584 versatum
1227 2536 1254 2582 ln
1271 2534 1443 2582 mathematice
1460 2531 1517 2579 vul-

173 2604 235 2667 gari,
256 2601 371 2651 collaudo
389 2602 551 2668 industriam,
577 2602 707 2662 magnilica
724 2604 902 2653 inventionem.
937 2602 986 2653 Sed
1011 2607 1093 2652 umen
1116 2604 1163 2653 boe
1188 2605 1215 2653 in
1232 2608 1279 2652 tna
1295 2603 1417 2670 aequisita
1438 2601 1518 2662 gloria

174 2672 318 2720 indecomm
337 2677 376 2721 est
392 2671 561 2738 sentiendum,
588 2672 657 2737 quod
673 2673 785 2721 homines
803 2673 851 2721 tibi
868 2675 967 2735 lgnmm
985 2677 1013 2722 tu
1031 2674 1062 2722 de
1079 2674 1234 2735 ignorantias
1252 2675 1353 2723 crimine
1374 2677 1430 2721 tum
1444 2669 1517 2720 iacile

116 2801 120 2813 J
172 2742 337 2791 condemnare
354 2755 404 2791 non
422 2743 537 2791 haesites.

260 2842 304 2909 td)
322 2860 379 2908 pag.
398 2847 457 2895 iil.
494 2845 648 2897 Fluddius
668 2850 706 2903 (ln
725 2849 869 2907 visentem:
888 2848 963 2910 Quod
981 2854 1064 2898 autem
1081 2848 1114 2898 ad
1132 2850 1242 2898 musicae
1259 2847 1373 2898 caelestis
1392 2859 1448 2896 oum
1466 2850 1517 2894 ter·

171 2930 233 2966 reua
252 2929 397 2964 eonsensum
415 2917 517 2982 attinet,
542 2930 588 2965 nos
607 2931 662 2966 eum
682 2918 754 2967 docet
770 2920 888 2981 porrectio
906 2919 967 2985 illa,
986 2920 1099 2982 Apollini
1117 2920 1238 2966 attributa
1255 2916 1443 2982 canitiemque,
1468 2930 1518 2979 qua

172 2986 313 3037 Mercurius
330 2985 455 3034 mediante
472 2984 556 3035 ilstule
573 2989 666 3048 Argum
684 2993 849 3037 monsmoeum
867 3002 954 3037 somno
973 2990 1092 3054 subjecit,
1112 2986 1249 3050 hiedeaque
1267 2988 1370 3051 physica
1387 2989 1518 3036 herbarum

172 3057 326 3118 symphonia
344 3054 475 3104 draconem
493 3055 713 3118 vigilantissimum
731 3060 877 3121 consopivit.
913 3058 962 3108 sed
979 3056 1124 3119 hujusmodl
1140 3057 1247 3108 munces
1264 3059 1358 3122 speeies
1376 3068 1427 3107 non
1446 3056 1520 3107 datur

170 3126 320 3175 astronomis
338 3124 484 3186 vulgaribus
502 3125 642 3187 intelligere
661 3132 706 3176 etc.
726 3126 796 3193 (vide
814 3128 889 3190 praei.
909 3142 965 3191 pag.
987 3131 1017 3177 l'l
1035 3129 1063 3177 in
1081 3125 1172 3193 calce).
1398 3124 1403 3132 ’

258 3229 303 3291 tl)
320 3244 377 3293 pag.
395 3233 453 3280 423,
490 3229 643 3280 iiluddius
666 3228 703 3296 (ln
726 3228 924 3294 Replicatienel:
957 3229 1031 3291 Quod
1052 3231 1176 3279 Robertus
1199 3243 1259 3279 voce
1281 3231 1411 3281 harmonia
1434 3235 1519 3281 utatur

170 3315 244 3349 sensu
269 3299 405 3360 latissimo,
431 3315 480 3349 nou
505 3303 636 3364 erubesco,
661 3315 717 3349 eum
736 3302 835 3349 unicam
859 3312 993 3360 quoscum
1018 3300 1105 3349 mundi
1122 3301 1233 3348 animam
1259 3301 1353 3362 ubique
1375 3315 1517 3364 expansam.

171 3385 236 3435 quae
255 3370 370 3418 chordam
388 3371 532 3419 harmoniae
550 3371 646 3435 mundi,
665 3384 729 3435 ques
747 3376 785 3419 est
801 3371 905 3432 spiritus
922 3368 1078 3431 universalis,
1095 3368 1194 3430 pulsare
1211 3369 1317 3430 videtur,
1335 3374 1406 3432 eujus
1422 3374 1517 3420 instru-

169 3446 282 3489 mentum
301 3446 338 3488 est
354 3442 409 3503 ipsa
426 3440 512 3489 mundi
531 3442 657 3501 congeries
675 3442 798 3491 universa.
834 3439 889 3488 Nou
901 3443 939 3488 est
948 3439 1010 3487 mihi
1020 3453 1086 3488 error
1094 3438 1196 3504 aliquis,
1215 3439 1282 3501 quod
1294 3441 1358 3488 intes
1375 3448 1441 3489 artes
1453 3439 1517 3490 libe·

169 3509 235 3561 ralee
246 3511 375 3573 musicam,
391 3508 450 3558 licet
462 3513 495 3559 sit
506 3524 576 3559 verae
593 3511 704 3560 musicae
712 3511 823 3559 iormelie
835 3514 920 3558 cortex
932 3513 957 3557 et
968 3511 1064 3567 urnhra.
1075 3507 1263 3561 'cossomuerlm
1293 3507 1392 3569 Quian.
1402 3515 1468 3559 recte
1478 3510 1517 3558 ai-

170 3582 290 3644 tirmabit,
316 3582 437 3629 exteriora
459 3581 619 3629 interioribus
643 3594 696 3629 esee
719 3578 891 3644 praeferenda,
915 3584 959 3626 aut
980 3577 1202 3627 circumferentiam
1220 3584 1317 3640 centro,
1339 3584 1382 3626 aut
1400 3593 1518 3642 corporea

170 3650 361 3714 spirituellbus,
386 3656 428 3698 aut
447 3664 528 3698 crassa
546 3649 698 3699 subtilibus?
733 3650 788 3698 Nou
807 3650 937 3710 acquiesco
955 3661 1001 3709 ego
1018 3650 1045 3696 in
1063 3648 1157 3697 musica
1174 3646 1299 3709 wneibili,
1321 3654 1347 3696 at
1363 3649 1389 3697 in
1408 3651 1517 3699 elemen-

171 3721 266 3768 taribus
284 3721 394 3786 omnino,
413 3721 507 3784 quippe
525 3720 551 3768 iu
569 3721 661 3785 quihus
678 3721 775 3769 habitat
791 3718 869 3768 iorma
887 3717 999 3782 pulsaue,
1020 3723 1101 3767 tamen
1119 3719 1238 3767 musicam
1257 3717 1383 3767 iormalem
1400 3719 1517 3768 iormales

170 3794 196 3838 et
213 3792 323 3837 internos
340 3790 430 3838 habere
449 3802 531 3856 sonos,
550 3798 578 3838 ut
595 3791 750 3838 materialem
769 3794 890 3854 externos,
910 3787 1023 3839 dicimus.
1058 3786 1122 3836 Nam
1141 3788 1193 3835 alia
1211 3792 1249 3836 eet
1265 3802 1314 3835 vox
1332 3789 1444 3856 spiritus,
1463 3790 1516 3837 alia

170 3860 290 3921 eorporis,
308 3858 358 3907 alia
376 3859 431 3922 Del,
458 3858 511 3907 alla
529 3861 609 3921 angeli
628 3866 652 3907 et
670 3860 721 3907 alle
737 3859 853 3909 hominis.
890 3858 920 3906 lu
938 3857 985 3907 boo
1002 3872 1049 3906 nec
1067 3872 1082 3905 a
1098 3856 1328 3916 Jambllchomeo,
1351 3872 1397 3906 nec
1414 3858 1517 3923 quidem

170 3944 188 3977 a
213 3930 348 3989 scripturis
373 3930 449 3978 sacris
473 3927 564 3979 distare
585 3928 679 3981 uldeor.
714 3929 845 3977 Rationem
868 3927 1099 3977 concordantiamm
1125 3934 1149 3976 et
1173 3925 1396 3976 discordantiarnm
1420 3927 1517 3977 videbit

170 3996 259 4061 (spero)
278 3998 385 4047 muudus
401 4000 428 4047 in
448 4004 574 4061 postemm
591 4013 630 4047 me
642 4012 693 4047 non
705 3999 764 4062 pius
775 4000 895 4059 ignorare,
914 4012 988 4062 qaam
1000 3999 1084 4061 ipsum
1096 3998 1226 4058 Joennem‚
1244 4008 1289 4047 neo
1307 3998 1333 4046 in
1346 3996 1458 4047 Platonis
1471 4003 1516 4046 etc

170 4070 301 4117 hannonia
322 4070 402 4116 minus
428 4073 560 4117 versatam.
595 4068 705 4117 Eandem
727 4070 848 4117 musicam
873 4081 899 4115 re
916 4082 975 4116 vera
999 4070 1026 4117 ln
1044 4068 1160 4118 omnibus
1179 4067 1251 4131 dico,
1276 4072 1305 4115 ut
1328 4067 1414 4117 eadem
1432 4069 1517 4117 anima

169 4139 258 4187 muudi
274 4139 420 4199 generellter
435 4136 574 4203 loquendo:
598 4144 624 4187 at
641 4140 702 4204 scia,
725 4138 793 4204 quod
811 4150 883 4185 reeca
902 4142 946 4186 aut
973 4138 1027 4186 soni
1046 4139 1152 4191 eduntur
1176 4138 1268 4187 diuersi
1290 4139 1425 4187 secundum
1443 4143 1515 4186 actus

170 4210 268 4270 agenda
285 4210 468 4270 proportionem
492 4210 519 4257 iu
537 4210 658 4273 patiente,
682 4214 711 4257 ut
734 4209 800 4257 idem
822 4208 887 4255 letus
911 4207 1035 4256 diversum
1059 4222 1147 4258 sonum
1170 4207 1231 4256 iacit
1254 4208 1281 4256 lu
1303 4220 1393 4270 cupro,
1416 4212 1514 4268 stanno,

171 4278 274 4341 plumbo
293 4283 319 4326 et
334 4280 361 4326 in
378 4283 450 4342 terra,
468 4284 495 4326 et
511 4292 569 4327 uere
591 4280 618 4327 iu
641 4281 698 4328 atre
719 4279 762 4327 rix
786 4276 895 4327 auditur.
929 4277 1006 4327 Poma
1025 4280 1100 4327 etiam
1128 4278 1199 4326 tortis
1227 4279 1293 4327 istae
1315 4277 1442 4327 fortiorem
1472 4278 1517 4325 dat

171 4362 260 4398 aeuum
288 4350 315 4396 iu
343 4347 429 4397 eodem
447 4350 573 4412 subiecto,
598 4348 705 4398 debilior
722 4348 881 4409 debiliorem,
907 4349 986 4408 magle
1001 4350 1068 4396 enlm
1085 4347 1204 4397 obediens
1222 4349 1325 4410 spiritus
1350 4348 1467 4397 leviorem
1491 4355 1517 4396 et

148 4424 151 4429 “
172 4420 253 4479 magis
270 4418 442 4467 insensibilem
460 4418 541 4467 reddit
558 4432 654 4482 senum,
674 4421 709 4468 ita
726 4423 755 4467 ut
766 4417 904 4480 corporalia
915 4418 1095 4479 corporalibus.
1113 4417 1253 4478 spiritualia
1264 4417 1437 4480 spiritualibus
1449 4422 1515 4466 recte

171 4489 329 4536 conveniant.
365 4488 451 4537 Omnis
469 4490 566 4537 musica
583 4490 698 4538 consistit
715 4503 745 4537 er
763 4490 839 4549 souis,
856 4484 917 4534 licet
934 4485 980 4535 alli
998 4487 1049 4535 sint
1066 4487 1210 4552 sensibiles,
1229 4486 1275 4535 alil
1293 4500 1350 4536 rere
1368 4488 1452 4536 sensui
1468 4500 1514 4536 ue-

170 4572 299 4623 qusqunm
317 4559 430 4617 subjecti.
465 4559 497 4607 lit
514 4560 628 4623 quamvis
646 4559 788 4619 concedam,
806 4559 851 4605 bae
868 4570 941 4604 vocae
960 4557 1143 4613 mathematicis
1152 4556 1355 4618 proportionibus
1374 4558 1434 4605 eatis
1451 4557 1515 4605 beue

171 4628 335 4677 demonstrari
359 4640 445 4689 posse,
470 4634 553 4677 tamen
575 4626 635 4676 talis
657 4629 776 4677 indicatio
800 4631 838 4677 eet
862 4626 942 4686 magis
965 4627 1106 4689 analogica,
1131 4626 1268 4686 symbolica
1293 4633 1318 4674 et
1334 4626 1514 4690 accideutlalle,

171 4712 248 4762 quam
265 4698 365 4747 catilla
382 4698 499 4763 physica,
521 4699 548 4746 iu
565 4711 618 4762 qua
635 4712 673 4746 res
691 4699 745 4759 ipsa
767 4700 794 4747 ln
811 4712 856 4746 aua
874 4702 974 4757 natura,
996 4701 1073 4759 prout
1095 4700 1145 4760 eet,
1171 4695 1327 4759 explicatur,
1349 4709 1405 4744 oum
1422 4700 1515 4745 natura

171 4769 205 4816 eit
221 4782 281 4818 eoae
298 4773 401 4817 naturae
418 4771 519 4831 propior
536 4780 613 4832 quam
630 4767 726 4833 aliena,
752 4774 777 4818 et
793 4768 855 4816 reali
873 4767 1013 4816 substantia
1031 4768 1111 4827 magis
1128 4778 1204 4831 quam
1225 4766 1380 4826 [maineriis
1397 4765 1513 4817 acciden-

171 4839 239 4887 tibus
256 4838 369 4888 laetetar.
673 4838 674 4841 ’
