3567 5625
232 469 295 534 roo
397 446 401 450 ’
760 463 802 521 ns
819 461 1045 535 repensurum

221 641 360 707 'humant
404 643 479 706 iiam
502 649 532 704 ct
554 644 609 703 viri
629 645 819 704 cummuniter
831 645 1011 721 proceriores
1025 641 1148 717 seminis,
1171 641 1265 706 adulti
1283 645 1391 721 pueris,
1414 642 1576 719 graviorem

232 736 321 794 etiam
348 748 452 793 vocem
479 733 629 806 emittam,
659 734 743 808 qussi
772 730 944 809 profundius
972 731 1110 806 petitam3
1140 738 1171 791 st
1199 730 1306 807 singuli
1334 731 1482 802 homines,
1511 731 1577 805 ipsc

230 837 318 880 sensu
340 826 437 879 tactus
461 817 593 892 decente,
617 817 783 895 graviorem
805 835 908 880 rocem
931 816 1102 896 protenditis
1123 816 1252 890 eliciunt,
1270 818 1406 878 'altiorem
1429 820 1576 894 superium

167 928 172 940 ·
231 916 261 968 ct
282 908 333 983 qui
355 906 527 984 gravissime
550 913 678 974 cautam,
701 922 807 983 eorpus
828 905 996 977 extendunt,
1020 912 1052 963 ut
1067 920 1154 981 quam
1169 904 1394 982 profundissime
1408 922 1467 963 vox
1483 912 1578 964 exeat.

231 991 367 1055 Tendunt
389 992 507 1069 quidem
529 993 636 1053 cellum
659 995 765 1066 etism,
787 995 837 1069 qui
860 1001 946 1053 acute
968 1001 1090 1066 canunt,
1118 991 1170 1051 sed
1192 1009 1251 1052 nun
1274 1000 1306 1052 ut
1327 992 1446 1068 longum
1469 990 1577 1052 collum

231 1082 355 1151 iaciant,
378 1080 430 1140 sed
453 1089 485 1140 nt
509 1083 618 1141 rectius
641 1082 840 1156 constringant
860 1095 1012 1160 supremos
1034 1077 1157 1140 cirmios
1180 1082 1314 1156 gutturis.

317 1166 373 1227 ilis
394 1169 483 1245 igitur
505 1167 541 1227 de
564 1170 661 1228 causis
690 1176 778 1227 natus
801 1177 846 1228 est
871 1170 902 1225 in
925 1166 1100 1227 harmonicis
1127 1174 1285 1244 conceptus
1308 1168 1360 1225 alti
1382 1176 1411 1226 et
1433 1163 1578 1241 profundi,

231 1270 283 1330 pro
306 1271 365 1331 quo
388 1255 489 1318 crebre
512 1271 685 1334 usurpamus
707 1262 825 1314 acutum
847 1263 877 1317 et
898 1271 996 1331 grave.
1041 1251 1116 1312 (ium
1138 1254 1226 1329 igitur
1248 1253 1339 1313 altum
1362 1259 1390 1313 ei
1404 1250 1577 1330 protundum

230 1342 290 1402 sint
311 1341 384 1400 alias
407 1341 641 1413 vocabularium,
664 1341 845 1403 consuetudo
867 1343 1009 1402 sermonis
1031 1340 1105 1401 bace
1125 1357 1181 1400 sua
1202 1342 1346 1417 principia
1372 1351 1472 1401 secuta
1495 1341 1578 1401 voci·

232 1430 286 1489 bus
317 1431 406 1488 etiam
437 1428 468 1489 id
489 1429 706 1503 accommodat,
738 1429 817 1506 quod
846 1429 976 1490 iocorum
999 1437 1043 1488 est
1071 1429 1242 1504 proprium,
1269 1428 1383 1490 scillcet
1412 1427 1577 1502 intervalia,

230 1525 334 1592 graece
356 1521 545 1594 campere.
591 1518 666 1576 Naro
688 1515 754 1577 ioca
775 1524 932 1591 detumeat,
971 1515 1078 1575 distare
1094 1515 1237 1575 dicuntur.
1276 1515 1410 1592 Denique
1425 1514 1579 1593 disciplina

232 1602 402 1663 harmonica
431 1603 507 1664 banc
528 1621 631 1665 vocem
660 1604 749 1664 eiiam
777 1606 806 1663 in
834 1607 964 1681 picturas
990 1619 1043 1663 seu
1073 1601 1286 1678 diagrammata
1311 1620 1365 1662 sua
1394 1598 1578 1684 (dequibus

231 1685 365 1772 inferius)
389 1689 546 1764 naumulit,
569 1709 646 1768 quse
669 1690 735 1750 altis
759 1700 787 1752 st
811 1690 962 1769 profundis
983 1689 1070 1750 lineis
1084 1698 1228 1762 coustant,
1252 1706 1311 1766 quo
1325 1696 1411 1767 pauiu
1427 1691 1578 1749 restitutus

232 1785 277 1840 est
298 1776 342 1836 iiii
363 1793 466 1837 sensus
489 1780 692 1853 geometricus.
859 1775 861 1779 ’

318 1863 403 1940 Quas
430 1866 520 1943 igitur
547 1867 689 1926 hactenus
719 1865 889 1927 dicebantur
916 1865 1120 1942 proportiones
1147 1862 1334 1941 chordarum,
1370 1863 1400 1921 in
1430 1869 1578 1940 posterum

232 1951 292 2011 iere
314 1950 446 2010 dicentur
467 1952 623 2014 intervella
646 1970 765 2028 vocum,
789 1971 862 2031 quas
886 1955 1021 2013 emittunt
1043 1950 1169 2012 chordae
1192 1950 1381 2026 longitudinis
1403 1950 1578 2027 inaequalis.

233 2037 308 2097 Nam
337 2055 427 2098 voces
457 2038 534 2100 idem
564 2049 715 2115 sonantes,
745 2042 852 2118 quibus
883 2039 1059 2116 respondent
1088 2037 1214 2098 chordas
1244 2055 1280 2097 err
1303 2034 1465 2113 acqualiter
1487 2041 1579 2099 tensis

234 2141 328 2201 seque
355 2123 479 2201 longae,
508 2128 693 2187 intervalium
721 2146 780 2189 non
807 2128 931 2200 iaciunt,
961 2143 1027 2186 cum
1057 2126 1117 2183 sint
1144 2123 1309 2185 altitudinis
1331 2119 1470 2200 ejusdem.
1515 2126 1579 2185 Etsi

189 2207 193 2214 ’
233 2211 309 2272 libro
331 2210 368 2273 V.
391 2214 595 2274 abstinendum
619 2218 673 2274 erit
695 2217 733 2277 ab
754 2216 812 2275 boc
833 2231 921 2274 sensu
944 2217 1026 2273 vocis
1048 2211 1242 2284 intervalium,
1266 2221 1420 2287 propterea
1436 2211 1516 2288 quod
1537 2215 1580 2272 ibi

236 2300 335 2359 crebro
358 2316 412 2358 usu
435 2302 593 2378 repetenda
615 2306 670 2362 erit
692 2293 750 2363 vox
771 2307 829 2362 istu
850 2305 879 2361 in
901 2317 990 2360 sensu
1012 2301 1217 2374 asnonomlco,
1245 2298 1281 2359 de
1303 2298 1383 2359 linea
1405 2307 1484 2359 recta
1506 2302 1580 2360 inter

235 2403 339 2464 corpus
361 2385 495 2465 planetae
518 2395 548 2449 et
569 2389 681 2470 Solem,
698 2393 768 2451 item
784 2389 819 2449 dc
834 2407 870 2451 eo
885 2391 991 2466 spatio,
1014 2388 1094 2465 quod
1110 2389 1185 2449 inter
1200 2389 1332 2447 diversos
1350 2383 1435 2446 orbes
1449 2389 1579 2447 interest

318 2473 409 2534 Porro
432 2482 506 2535 sicut
528 2478 713 2553 praecedenti
736 2481 831 2555 capite
853 2478 1056 2554 proportiones
1079 2476 1214 2535 bilariam
1237 2473 1509 2555 considerabuntur,
1536 2492 1577 2535 sc.

235 2559 282 2621 vel
304 2560 439 2638 singulae
460 2580 512 2639 pcr
534 2581 565 2624 ss
588 2567 677 2641 ipsas,
700 2565 747 2626 vei
769 2566 895 2623 invicem
919 2569 1104 2640 comparatae
1127 2577 1216 2625 causa
1232 2564 1349 2633 ordinis,
1373 2564 1422 2636 qui
1439 2561 1580 2623 extende·

234 2650 320 2707 batur
342 2665 360 2707 a
383 2652 563 2726 compositae
585 2652 709 2728 alicujus
731 2653 927 2730 proportionis
950 2653 1072 2710 termino
1094 2667 1147 2712 seu
1170 2648 1278 2712 chorda
1298 2648 1401 2709 minori
1423 2648 1460 2708 ad
1483 2651 1580 2727 majo-

235 2752 295 2794 rem
320 2734 368 2794 rel
391 2734 552 2815 longiorem
574 2746 604 2798 et
625 2741 769 2798 vicissim:
801 2739 844 2798 sic
866 2754 943 2798 nune
971 2739 1059 2799 etiam
1082 2736 1237 2798 intervalla
1266 2735 1314 2799 rel
1336 2737 1453 2811 singula
1473 2754 1526 2814 per
1541 2746 1579 2797 'ss

236 2822 283 2883 uel
308 2824 432 2885 invicem
454 2833 622 2903 comparata
644 2827 863 2887 considerantur
885 2844 977 2888 causa
997 2826 1056 2887 loci
1078 2824 1254 2902 harmonici;
1283 2831 1316 2885 ut
1338 2834 1368 2885 et
1389 2825 1418 2883 in
1442 2826 1580 2885 continuis

236 2909 418 2970 ordinatione
440 2913 554 2988 aliquot
575 2913 793 2973 intervallorum
816 2909 875 2994 (sic
904 2920 936 2972 ut
957 2914 1028 2974 birra
1048 2930 1164 2992 semper
1185 2915 1324 2989 contigua
1355 2911 1482 2971 babeant
1505 2930 1579 2973 eun-

237 2996 303 3057 dem
325 2999 480 3057 terminum
495 3016 687 3074 communem,
710 3002 761 3077 qui
782 3003 821 3060 sit
834 2998 922 3059 tinius
944 3000 1039 3076 major
1059 3002 1209 3073 terminus,
1233 2999 1354 3062 alterius
1372 3001 1519 3072 vergentis
1541 2999 1579 3059 ad

236 3085 386 3160 graviores
400 3102 497 3145 vvoices
526 3085 654 3169 minor),
684 3105 799 3165 semper
824 3085 898 3146 illud
925 3087 1110 3148 intervallum
1139 3088 1252 3150 dicetur
1275 3085 1410 3155 inferius,
1434 3085 1513 3162 quod
1535 3096 1581 3148 est

235 3173 310 3231 iuter
331 3187 420 3231 voces
441 3175 607 3249 graviores,
635 3173 709 3234 illud
738 3177 885 3252 superius,
918 3172 996 3250 quod
1023 3184 1069 3235 est
1091 3178 1165 3236 inter
1192 3176 1345 3235 acutiores.
1390 3174 1428 3232 Et
1454 3175 1484 3232 in
1506 3192 1580 3250 geo·

235 3259 339 3318 metria
360 3252 477 3335 quidem
498 3264 700 3338 proportiones
721 3268 918 3338 agnoscuntur
939 3261 1088 3338 aequales,
1111 3264 1180 3324 lieet
1201 3265 1260 3322 sint
1274 3259 1444 3336 inaequales
1466 3263 1580 3320 termini

236 3347 321 3405 unius
335 3347 465 3406 terminis
476 3347 607 3427 alterius,
629 3358 659 3411 et
669 3366 804 3410 excessus
815 3351 1002 3410 terminorum
1017 3351 1104 3411 unius
1118 3349 1281 3429 inaequalis
1294 3351 1424 3410 excessui
1440 3351 1580 3409 termino·

235 3450 298 3492 rum
313 3430 449 3510 alterius3
471 3442 505 3494 ui
525 3437 551 3494 si
573 3438 631 3496 sint
653 3445 709 3496 tres
733 3436 858 3497 chordae
873 3439 902 3495 in
916 3440 1104 3515 proportione
1118 3455 1301 3500 numeremm
1317 3438 1348 3513 t,
1372 3436 1401 3509 6,
1425 3437 1453 3509 9,
1477 3435 1579 3497 cedem

236 3526 369 3581 censetur
400 3525 549 3598 proportio
573 3521 613 3605 79
641 3541 717 3599 quas
741 3519 797 3605 ⁶l9‚
826 3541 885 3583 non
914 3526 1064 3599 obstante,
1093 3525 1172 3602 quod
1195 3542 1261 3587 curn
1282 3527 1340 3600 ipsi
1363 3523 1493 3594 termini,
1518 3530 1579 3585 tum

237 3609 330 3668 etiam
349 3623 486 3668 exeamus
509 3612 529 3669 u
552 3619 583 3670 et
605 3613 635 3671 3,
646 3612 815 3687 inaequales
842 3620 920 3671 sunt.
963 3612 998 3671 In
1021 3612 1188 3674 harmonice
1215 3612 1347 3671 similiter
1369 3611 1467 3669 emnia
1489 3612 1579 3670 inter-

236 3693 315 3754 valia
337 3712 442 3754 vocum
464 3714 483 3755 a
505 3697 629 3771 chordis,
652 3716 728 3775 quac
751 3697 963 3775 suntejusdem
978 3702 1183 3776 proportionis,
1206 3698 1384 3771 venientium
1406 3707 1436 3756 et
1455 3712 1579 3757 censen-

237 3790 283 3840 tur
305 3780 442 3857 aequalia
472 3790 502 3843 et
523 3787 688 3845 scribuntur
709 3789 797 3846 ctiam
820 3792 891 3846 nota
912 3787 1061 3845 numerica
1083 3786 1201 3858 eadem,
1233 3790 1303 3861 quin
1327 3787 1415 3844 etiam
1439 3784 1580 3843 linearum

236 3867 399 3927 intervallis
421 3869 593 3944 aequalibus
615 3876 773 3948 pinguntur
803 3874 833 3930 in
857 3872 1081 3946 diagrammate3
1110 3876 1152 3934 sic
1175 3882 1208 3934 ut
1229 3876 1344 3949 penitus
1372 3870 1579 3932 obliviscamur

222 3956 299 4039 ejus
323 3958 554 4029 inaequalitatis,
586 3978 661 4033 qnae
684 3975 723 4016 es*
751 3962 824 4017 inter
846 3975 982 4018 excessus
1005 3959 1183 4022 diversarum
1215 3960 1396 4021 chordarum.
1440 3957 1580 4034 Sequitur

235 4045 332 4118 igitur,
356 4052 387 4100 ut
410 4045 602 4119 proportionis
626 4049 742 4102 minoris
766 4045 922 4106 intervalla
936 4048 1048 4106 minora
1070 4046 1210 4116 dicamus,
1234 4048 1352 4123 majoris
1373 4045 1492 4119 majora,
1515 4048 1579 4106 sine

235 4140 368 4206 respectu
392 4130 597 4203 magnitudinis
620 4126 672 4192 aut
693 4136 846 4208 parvitatis
868 4133 1103 4209 respondentium
1126 4138 1261 4213 utrinque
1284 4135 1479 4195 terminorum.

321 4216 378 4276 His
400 4218 488 4293 igitur
510 4217 710 4280 definitionum
740 4219 806 4279 luco
828 4222 996 4297 praemissis
1024 4239 1102 4281 nnnc
1123 4239 1209 4299 porro
1235 4220 1447 4299 dispiciendum
1475 4229 1520 4279 est
1542 4219 1579 4281 ds

236 4303 404 4365 differentiis
432 4305 658 4367 intervallorum
703 4306 854 4367 Hactenus
882 4308 1000 4383 quidem
1026 4312 1229 4385 proportiones
1252 4327 1371 4377 omnes,
1403 4324 1476 4383 quas
1506 4323 1580 4367 corr·

235 4410 322 4451 sonas
345 4408 409 4454 esee
433 4390 710 4468 demonstravimus,
739 4413 798 4454 una
819 4395 1006 4471 aequalitatis
1028 4405 1166 4474 excepta,
1196 4414 1249 4474 pre
1272 4396 1392 4457 totidem
1416 4393 1579 4455 intervallis

237 4479 337 4539 itidem
359 4482 496 4540 consonis
518 4488 587 4539 sunt
609 4482 770 4556 habendae,
793 4484 995 4560 proportiones
1017 4501 1096 4558 vero,
1120 4502 1194 4562 ques
1213 4484 1346 4545 dissonas
1368 4481 1502 4552 diximus,
1525 4500 1578 4557 pro

236 4566 399 4628 intervallis
422 4566 524 4628 itidem
546 4567 681 4630 dissonis.
726 4569 799 4631 Cum
822 4586 891 4629 vero
914 4571 990 4629 inter
1012 4570 1130 4632 dissona
1152 4572 1309 4634 intervalia
1330 4588 1438 4645 magna
1459 4572 1498 4629 sit
1521 4568 1578 4631 dii·

236 4655 367 4728 terentia,
391 4654 434 4714 sie
455 4664 567 4716 utnon
591 4664 704 4717 tantum
725 4674 854 4719 consona
874 4666 895 4716 a
915 4663 1020 4716 natura
1041 4657 1202 4720 deceantur
1227 4667 1264 4719 et.
1277 4658 1356 4717 iliius
1378 4659 1515 4716 instinctu
1540 4656 1578 4717 sb

238 4738 340 4800 auditu
362 4742 528 4817 probentur,
551 4743 604 4803 sed
627 4746 715 4805 etlam
737 4746 796 4805 alia
817 4748 930 4807 minora
950 4745 1106 4805 intervella
1126 4748 1172 4825 ab¹
1188 4745 1291 4807 eodem
1313 4762 1401 4805 sensu
1423 4743 1578 4804 stabilian-

238 4835 301 4894 tur,
330 4844 405 4903 quae
426 4828 495 4888 licet
516 4831 636 4891 dissona
657 4834 731 4906 sint,
759 4840 829 4911 apta
851 4840 949 4893 tamen
971 4839 1055 4906 sunt,
1083 4850 1136 4910 par
1158 4850 1235 4910 quae
1263 4839 1367 4893 cantus
1389 4830 1576 4891 traducatura

238 4914 405 4979 ismeone
437 4924 570 4985 naturam
599 4925 700 4980 secuta
729 4938 834 4985 nomen
856 4922 892 4979 iis
919 4920 1043 5001 imponit
1062 4923 1268 4984 concinnemus
1300 4936 1396 5000 esque
1426 4918 1604 4995 distinguit'
