3567 5625
500 487 617 548 102
1042 448 1069 466 ⁶
1382 477 1465 532 De
1500 476 1821 546 Figuratum
1856 474 2298 531 Harmonicarum

492 662 552 720 in
596 658 812 722 circulo
829 702 845 735 ,
908 660 1018 722 etsi
1074 658 1321 720 laterum
1368 653 1665 736 quantitas
1712 660 1804 716 est
1845 657 2203 731 necessaria,
2265 654 2422 715 illam
2467 662 2660 716 tamen
2705 659 2953 734 ignorari
2999 674 3186 734 aeque

497 753 885 899 neceugagegt
910 845 998 887 res
1035 830 1237 899 agitur,
1279 842 1378 899 per
1411 828 1557 883 huuc
1594 827 1733 882 enim
1769 825 2024 881 effectum
2063 826 2230 894 stetit,
2269 843 2377 896 quo
2412 823 2606 881 minus.
2636 828 2974 902 heptagonus
3011 835 3066 883 et
3103 846 3186 885 ce-

766 937 870 988 ῃε,
901 934 966 979 te.
1228 914 1376 962 terae
1411 906 1575 976 hujus
1614 906 1827 985 generis
1863 904 2070 973 figurae
2105 920 2139 960 a
2162 906 2280 960 Deo
2308 906 2517 961 fuerint
2544 905 2813 962 adhibitae
2849 909 2915 963 ad
2941 918 3187 967 ornatum

859 1031 892 1063 n
1231 986 1447 1055 muudi,
1492 992 1553 1040 ut
1588 993 1716 1041 sunt
1750 984 1968 1054 quidem
2004 984 2277 1041 adhibitae
2314 985 2528 1041 scibiles
2563 985 2767 1055 figurae
2809 986 2864 1040 in
2901 989 3187 1058 superiori-

703 1075 1036 1135 fffssss
1235 1065 1339 1121 bus
1376 1064 1692 1136 explicatae.
2132 1069 2139 1076 '
3095 1128 3103 1133 .

623 1127 776 1227 sassi}
807 1129 1120 1243 ὲῖἰὴῑζ
1411 1145 1494 1201 Sit
1528 1144 1690 1214 igitur
1724 1147 2066 1215 heptagonus
2103 1145 2443 1201 BCDEFGH
2479 1152 2535 1200 et
2576 1151 2964 1202 connectantur
3008 1147 3193 1217 anguli

675 1283 679 1295 ,
707 1247 739 1295 ,ως
928 1227 1068 1304 ‘³2:113
1096 1239 1136 1299 μ,
1239 1239 1425 1280 omnes
1454 1239 1579 1279 cum
1616 1226 1880 1294 omnibus,
1919 1233 1973 1280 et
2004 1226 2076 1280 sit
2096 1226 2146 1281 A
2171 1238 2413 1285 centrum
2437 1226 2622 1282 circuli
2655 1231 2710 1280 et
2743 1226 3002 1283 diameter
3032 1228 3189 1287 ΒΑΓ,

679 1311 687 1329 a
976 1307 984 1319 -·
1108 1306 1112 1316 ⁸
1140 1326 1144 1352 Ι

1044 1305 1056 1347 ,Ρ

937 1323 968 1339 .ι“’

783 1356 787 1360 .
1238 1311 1294 1360 et
1328 1306 1377 1359 A
1412 1312 1765 1360 connectatur
1797 1324 1917 1364 cum
1952 1308 2018 1362 E.

775 1444 783 1476 '¹
807 1460 815 1472 ”
847 1420 884 1472 ’'T‘'
948 1436 992 1480 '¹
1072 1444 1080 1448 ’Ἴ
1108 1404 1176 1454 m
1240 1384 1926 1523 monffurantigffemmrffillass
1927 1385 2924 1525 Ῑίἷιῗεξξέιῗιῖῐιῖτῃξμείξτεέῗιωεηεῗτῗιῐξι
2926 1388 3192 1522 &excit-112

1240 1544 1469 1598 laterum
1506 1552 1561 1599 et
1595 1546 1913 1614 angulorum
1951 1563 2016 1602 ex
2053 1547 2240 1618 primis
2277 1560 2440 1613 unus,
2480 1550 2536 1599 at
2570 1544 2722 1598 nulla
2743 1544 2867 1613 biga
2900 1546 3193 1616 figurarum

1241 1624 1654 1692 praemissarum
1707 1633 1880 1681 tot'um
1917 1628 2176 1683 circulum
2214 1624 2401 1681 dividit
2443 1624 2498 1678 in
2534 1631 2718 1693 partes
2754 1642 2974 1682 numero
3011 1627 3192 1696 aliquo

507 1712 681 1784 primo
715 1707 1101 1775 numerabiles,
1157 1704 1252 1761 sed
1289 1704 1588 1772 sortiuntur
1630 1702 1759 1760 illae
1806 1722 2085 1760 numerum
2132 1704 2482 1773 multiplicem
2524 1720 2863 1759 numerorum
2913 1706 3194 1776 utriusque

512 1792 735 1861 figurae.
789 1788 915 1845 -Sed
953 1800 1128 1856 neque
1162 1784 1434 1856 propriam
1487 1782 1692 1838 habent
1725 1783 2034 1855 hujusmodi
2080 1785 2284 1853 figurae
2323 1782 2832 1839 demonstrationem
2869 1800 2935 1839 ex
2972 1785 3193 1856 angulo-

510 1885 629 1925 rum
665 1882 916 1935 numero,
955 1865 1079 1934 quia
1114 1861 1369 1933 quicquid
1407 1879 1476 1917 ex
1510 1862 1613 1917 hoc
1650 1861 1885 1932 elicitur,
1927 1864 1982 1919 id
2018 1880 2212 1932 vagum
2249 1870 2302 1917 et
2336 1859 2620 1930 multiplex
2657 1861 2981 1931 minimeque
3017 1864 3194 1919 deter-

505 1947 765 2003 minatum
800 1951 902 2001 est.
974 1942 1198 1998 Secetur
1233 1942 1374 1998 enim
1408 1940 1750 2011 heptagonus
1788 1942 1843 1996 in
1880 1957 1980 1998 sua
2013 1940 2285 2009 triangula
2309 1940 2563 2010 quinque,
2601 1940 2709 1994 duo
2745 1946 2986 1996 extrema
3010 1942 3193 2011 aequi-

506 2040 663 2081 crura
697 2022 1054 2091 obtu-sangula
1088 2023 1246 2092 BDC,
1284 2011 1452 2088 ΒΘΗ,
1490 2038 1657 2077 nuum
1692 2021 1940 2077 intimum
1975 2022 2351 2091 aequicrurum
2385 2018 2769 2088 acutangulum
2797 2014 2957 2088 BEF,
2996 2029 3051 2076 et
3083 2022 3197 2076 duo

506 2104 723 2160 scalena
756 2102 1041 2171 interjecta
1077 2103 1241 2171 BED,
1279 2102 1439 2157 BFG.
1513 2102 1644 2157 Cum
1681 2102 1848 2172 igitur
1882 2099 2341 2167 circumferentia,
2380 2113 2544 2167 super
2581 2113 2690 2176 qua
2723 2104 2870 2154 stant
2905 2115 3063 2153 crura
3100 2116 3195 2155 an·

504 2182 634 2253 guli,
671 2178 743 2237 ad
778 2179 1241 2237 circumferentiae
1276 2187 1485 2251 partem
1523 2180 1827 2251 oppositam
1863 2180 2011 2250 facti,
2048 2179 2370 2235 admetiatur
2411 2176 2608 2245 angulo
2643 2194 2795 2232 suam
2821 2178 3193 2247 quantitatem,

506 2267 738 2337 angulus
772 2265 917 2323 BEF
953 2267 1064 2320 stat
1099 2275 1262 2330 super
1296 2259 1472 2314 tribus
1509 2258 1968 2314 circumferentiae
2004 2259 2249 2329 partibus
2284 2259 2407 2321 BH,
2443 2258 2572 2328 HG,
2613 2256 2734 2325 GF,
2778 2255 3010 2326 angulus
3046 2255 3189 2310 BFE

514 2344 760 2403 similiter
797 2359 962 2412 super
995 2339 1168 2396 tribus
1202 2338 1321 2408 Bc,
1363 2338 1481 2404 CD,
1519 2338 1646 2407 DE,
1708 2344 1764 2392 at
1798 2336 1941 2391 EBF
1986 2352 2151 2407 super
2184 2351 2292 2391 una
2326 2335 2450 2405 EF,
2501 2351 2626 2403 ergo
2663 2335 2806 2389 BEF
2842 2340 2927 2389 est
2960 2332 3069 2390 tale
3107 2334 3199 2388 tri-

506 2421 779 2493 angulum,
815 2420 961 2491 quod
995 2419 1164 2474 habet
1199 2424 1487 2487 utrumque
1524 2414 1780 2486 angulum
1819 2414 1900 2469 ad·
1923 2417 2078 2472 basin
2112 2415 2334 2486 triplum
2371 2416 2490 2484 ejus
2527 2414 2620 2483 qui
2658 2413 2726 2467 ad
2750 2413 3019 2467 verticem.
3088 2414 3194 2467 Eo-

507 2499 630 2555 dem
682 2483 841 2554 modo
878 2496 1166 2568 probatur,
1214 2493 1486 2547 scalenum
1522 2493 1671 2548 BED
1717 2492 1920 2548 habere
1971 2494 2199 2565 angulos
2235 2495 2291 2550 in
2337 2494 2686 2564 proportione
2722 2492 2977 2547 continue
3014 2490 3195 2560 dupla.

508 2577 768 2650 Simplum
797 2575 946 2631 'enim
982 2579 1066 2630 est
1101 2570 1331 2641 angulus
1356 2570 1420 2640 B,
1458 2569 1680 2640 duplum
1717 2571 1782 2637 E,
1822 2574 2180 2644 quadruplum
2215 2574 2283 2643 D,
2325 2573 2431 2627 hoc
2468 2580 2551 2627 est
2585 2572 2756 2641 ipsius
2793 2570 2842 2624 E
2875 2568 3122 2639 duplum.

683 2668 910 2745 Quodsi
970 2666 1119 2726 haec
1173 2664 1361 2739 figura
1421 2661 1871 2740 descriptionem
1929 2683 2097 2725 suam
2164 2673 2380 2726 certam
2439 2664 2620 2726 habet
2680 2671 2842 2722 extra
2899 2662 3195 2733 circulum,

508 2773 626 2819 nou
672 2758 865 2818 miuus
911 2770 1087 2832 quam
1131 2750 1389 2813 habebat
1433 2767 1610 2828 supra
1654 2742 2175 2832 quinquangulum,
2223 2759 2451 2831 oportet
2497 2748 2595 2835 (ut
2626 2751 2755 2828 jam
2785 2750 2921 2811 olim
2951 2763 3198 2811 monne·
3231 2824 3245 2836 ⁸
3285 2806 3294 2819 ,

507 2851 642 2907 runt
702 2845 1035 2921 Campanus
1097 2848 1158 2900 et
1214 2839 1607 2917 Hieronymus
1666 2839 1966 2901 Car-danus
2021 2850 2079 2902 et
2138 2841 2423 2901 Candalla
2465 2836 2757 2915 Flussas),
2812 2846 2947 2898 ante
3003 2840 3198 2898 omnia

513 2931 659 3008 talia
702 2929 994 3007 triangula
1038 2927 1162 2987 dari
1205 2943 1412 3004 posse,
1472 2929 1625 2986 sicut
1668 2936 1803 2988 ante
1849 2936 2242 3006 pentagonum
2288 2929 2535 2990 dabatur
2592 2925 2995 3003 triangulum„
3030 2926 3199 3004 cujus

513 3029 763 3096 uterque
809 3017 888 3079 ad
948 3017 1116 3077 basin
1163 3022 1288 3074 erat
1332 3011 1543 3090 duplus
1606 3015 1808 3091 anguli
1852 3015 1929 3074 ad
1982 3020 2272 3077 verticem.
2364 3017 2544 3092 Atqui
2605 3015 2852 3074 dabatur
2909 3013 3080 3074 nobis
3142 3016 3198 3071 in

512 3106 614 3167 illo
658 3108 806 3166 trian
890 3102 949 3163 lo
995 3103 1383 3182 peutagouico
1427 3101 1674 3161 laterum
1719 3105 2016 3180 proportio
2063 3113 2219 3164 certa
2266 3122 2334 3164 ex
2396 3102 2658 3180 angulis,
2720 3104 2779 3160 in
2833 3100 2945 3161 hoc
2986 3100 3199 3177 hepta-—

512 3195 725 3273 gonico
770 3191 1062 3269 triangulo
1108 3198 1265 3250 certa
1309 3191 1610 3266 proportio
1655 3188 1821 3251 nulla
1881 3189 2067 3250 datur.
2158 3191 2287 3251 Sint
2348 3194 2500 3251 enim
2545 3190 2591 3263 Ι,
2624 3189 2682 3249 K
2726 3192 2924 3268 signa,
2985 3189 3199 3264 quibus

513 3281 616 3346 BF
664 3287 892 3342 secatur
937 3279 1012 3339 ab
1058 3277 1196 3350 ΕΗ,
1258 3276 1396 3351 EG,
1447 3279 1854 3338 triseeantibus
1915 3277 2193 3355 angulum
2240 3274 2409 3341 BEF.
2499 3277 2684 3354 Igitur
2728 3278 2787 3334 iu
2832 3275 2997 3348 FEI,
3059 3278 3200 3352 quia

515 3370 771 3430 bisectus
817 3374 905 3428 est
948 3365 1201 3444 angulus
1245 3364 1407 3439 FEI,
1470 3371 1536 3423 ut
1580 3365 1678 3425 FE
1725 3365 1800 3426 ad
1844 3366 1952 3441 EI,
2017 3368 2103 3426 sic
2148 3366 2251 3426 ΕΚ
2297 3364 2372 3425 ad
2415 3365 2523 3424 KI.
2613 3364 2728 3424 Sed
2774 3364 2873 3423 EF
2919 3370 3202 3440 aequatur

514 3459 622 3518 toti
682 3455 798 3532 FI3
862 3460 950 3514 est
1007 3453 1160 3514 enim
1218 3451 1352 3510 FEI
1409 3453 1660 3528 partium
1704 3451 1747 3538 ἦ
1805 3455 1976 3513 unius
2030 3456 2200 3528 recti,
2261 3453 2520 3531 qualium
2552 3448 2711 3534 ,EFI
2779 3458 2871 3511 est
2922 3448 2996 3536 97,
3060 3466 3199 3527 ergo

514 3544 645 3605 EIF
693 3551 782 3604 est
828 3544 1006 3604 etiam
1048 3540 1111 3625 ἦ,
1160 3557 1326 3600 crura
1370 3541 1543 3614 igitur
1588 3539 1706 3616 ΓΕ,
1753 3540 1854 3616 FI,
1901 3540 2245 3618 aequalibus
2292 3540 2522 3617 angulis
2568 3541 2869 3618 opposita,
2916 3545 3201 3609 santae-

518 3630 737 3709 qualia,
782 3629 1107 3713 eademque
1153 3628 1224 3688 de
1271 3644 1451 3688 eausa
1496 3630 1673 3687 etiam
1719 3628 1799 3687 EI
1829 3636 1889 3688 et
1917 3628 2001 3688 IB
2044 3636 2182 3690 sunt
2223 3628 2529 3705 aequales:
2578 3645 2757 3705 quare
2804 3628 2980 3687 etiam
3025 3632 3091 3684 ut
3119 3625 3202 3685 FI

518 3717 593 3779 ad
640 3717 740 3791 lB,
787 3720 873 3777 sic
914 3717 1023 3777 FK
1067 3714 1145 3775 ad
1190 3714 1295 3774 ΚῙ.
1369 3714 1637 3792 Amplius
1682 3719 1741 3775 iu
1769 3715 1953 3792 KEB,
1999 3720 2141 3793 quia
2182 3716 2431 3794 angulus
2475 3715 2636 3775 ΚΕΒ
2680 3716 2936 3775 bisectus
2981 3720 3069 3773 est
3099 3731 3204 3790 per

515 3802 687 3864 EIH:
739 3810 802 3863 ut
845 3806 1021 3880 igitur
1063 3803 1171 3863 ΚΕ
1217 3801 1294 3862 ad
1338 3802 1458 3876 ΕΒ,
1500 3803 1585 3862 sic
1614 3802 1702 3863 ΚΙ
1746 3803 1825 3862 ad
1854 3802 1957 3863 IB.
2033 3806 2114 3863 At
2156 3805 2262 3863 ΚΕ
2308 3812 2365 3864 et
2395 3804 2494 3864 FE
2538 3810 2675 3862 sunt
2719 3801 3014 3877 aequales,
3062 3802 3202 3877 quia

518 3891 678 3952 KEF
726 3892 1130 3966 acquieturum
1177 3896 1235 3948 et
1278 3888 1467 3948 simile
1513 3891 1623 3967 ipsi
1670 3891 1843 3965 EBF;
1890 3898 2013 3950 erat
2056 3908 2195 3952 vero
2244 3892 2340 3950 EF
2386 3889 2648 3967 aequalis
2692 3889 2945 3968 ipsi-IF,
2997 3897 3055 3948 et
3099 3888 3201 3947 ΕΒ

518 3985 608 4040 est
652 3978 918 4054 aequalis
962 3979 1074 4054 ipsi
1103 3976 1231 4045 FB;
1281 3993 1459 4052 quare
1506 3979 1683 4036 etiam
1728 3986 1793 4037 ut
1819 3978 1900 4038 IF
1947 3977 2022 4037 ad
2053 3979 2154 4037 FB
2199 3981 2285 4038 sic
2311 3977 2398 4038 KI
2447 3978 2521 4038 ad
2559 3978 2660 4037 IB.
2735 3978 2807 4036 In
2852 3974 3054 4036 eadem
3086 3979 3202 4053 igi-

1052 1380 1076 1392 „
1096 1368 1144 1394 ·.·.·

607 1247 615 1263 .¹

559 1351 651 1448 1}st-
703 1424 753 1448 ῖ-

791 1360 823 1400 L
847 1335 956 1404 μ-Τῌ..

908 1520 924 1528 Ι

953 1474 976 1506 *.-¹
952 1452 956 1460 ..
948 1364 968 1395 Η

723 1592 755 1648 s*
799 1628 807 1632 -
855 1600 1012 1660 :af-'r

518 4073 611 4126 tur
655 4065 775 4139 BF,
826 4065 1107 4125 subtensa
1151 4063 1338 4122 tribus
1383 4065 1647 4140 septimis
1692 4066 1912 4140 circuli,
1961 4064 2111 4126 duae
2155 4075 2293 4126 sunt
2331 4069 2602 4126 inventae
2631 4067 3033 4142 proportiones
3063 4081 3202 4142 par·

465 4161 470 4170 ’
516 4156 662 4216 tium
707 4153 911 4214 trium:
956 4155 1205 4231 primum
1263 4157 1328 4210 ut
1370 4151 1565 4211 media
1609 4153 1696 4211 KI
1755 4152 1830 4213 ad
1887 4155 2186 4213 minimam
2226 4154 2368 4226 KF,
2433 4156 2518 4215 sie
2562 4155 2813 4212 maxima
2861 4152 2942 4211 1ss
3002 4150 3077 4210 ad
3121 4151 3203 4210 IF

521 4244 905 4321 compositam
950 4260 1023 4303 ex
1068 4248 1311 4317 utraque
1356 4241 1604 4316 minore,
1660 4239 1774 4301 hoc
1831 4248 1920 4302 est
1975 4240 2048 4300 ad
2095 4242 2192 4301 ΓΕ
2248 4242 2402 4302 latus
2463 4241 2821 4318 septanguli:
2882 4242 3089 4299 iterum
3136 4248 3202 4298 ut

519 4332 774 4392 maxima
803 4325 886 4389 lB
932 4329 1007 4390 ad
1052 4328 1305 4389 mediam
1335 4327 1442 4401 IK,
1488 4329 1573 4387 sie
1617 4335 1740 4388 tota
1769 4327 1872 4388 BF
1902 4328 1980 4389 ad
2009 4328 2087 4389 FI
2133 4330 2515 4407 compositam
2549 4347 2621 4389 ex
2654 4331 2689 4387 2
2724 4329 2990 4388 minimis.
3038 4326 3207 4387 Haec

523 4418 821 4498 proportio
866 4419 1121 4494 speciem
1167 4414 1402 4493 quidem
1447 4432 1586 4492 prae
1643 4434 1706 4476 se
1750 4416 1860 4477 sert
1919 4418 2280 4478 necessariae
2327 4415 2822 4477 determinationis
2869 4412 2943 4473 ad
2989 4424 3203 4474 certam

522 4514 582 4566 et
625 4522 802 4564 unam
846 4506 1278 4582 proportionem
1304 4504 1510 4580 'ipsius
1553 4503 1653 4562 EF
1698 4503 1775 4563 ad
1822 4505 1943 4579 FB,
1992 4506 2383 4585 imposuitque
2431 4505 2717 4578 Car-dano,
2764 4506 2864 4582 qui
2910 4520 3040 4563 cum
3087 4500 3203 4562 tale

524 4591 664 4670 quid
726 4594 785 4650 iu
839 4591 1119 4652 lateribus
1162 4589 1384 4650 scaleni
1420 4591 1714 4667 'trianguli
1758 4592 1919 4657 BED
1967 4591 2497 4668 animadvertisset,
2563 4591 2720 4670 quod
2773 4595 3205 4669 proportionem

522 4679 795 4740 reflexam
842 4678 1182 4766 appellavit,
1230 4677 1302 4739 de
1346 4680 1586 4739 invento
1631 4679 1964 4757 septanguli
2004 4679 2446 4750 latere,srustra
2487 4680 2769 4756 gloriatus
2814 4688 2921 4740 est.
2942 4672 2993 4757 ⁰)
3054 4679 3205 4738 Nam

525 4765 687 4827 nulla
731 4774 889 4828 certa
931 4770 1194 4845 sequitur
1240 4769 1536 4844 quantitas
1581 4769 1764 4843 ipsius
1810 4769 1908 4827 EF
1953 4767 2050 4829 vel
2092 4767 2204 4844 133
2266 4769 2405 4844 quia
2459 4767 2519 4827 id
2564 4767 2720 4844 quod
2764 4773 3039 4844 putamus
3097 4783 3205 4825 nos

525 4855 784 4915 nancisei
827 4871 1048 4915 novum
1090 4858 1151 4915 in
1192 4854 1450 4917 secunda
1495 4858 1653 4931 vice,
1720 4854 1997 4925 coincidit
2054 4873 2183 4916 eum
2227 4858 2433 4933 primo.
2523 4853 2998 4931 Quotiescunque
3052 4857 3202 4913 enim

533 4948 670 5003 suut
713 4944 751 5003 4
796 4943 1276 5020 proportionales,
1324 4945 1383 5002 iu
1427 4944 1639 5024 quibus
1683 4943 1835 5006 duae
1880 4947 2099 5022 primae
2145 4950 2400 5029 aequant
2442 4945 2703 5003 tertiam:
2763 4942 2828 5003 fit
2872 4944 3081 5016 etiam,
3140 4954 3207 5001 ut
