3567 5625
726 420 816 478 Notae
833 419 964 478 essoris
1456 428 1522 490 tut
1595 469 1600 482 ,

169 592 240 650 Solis
259 593 360 666 quiete,
379 601 441 651 ortu
451 592 600 663 flumem,
619 592 738 652 Atlantis
755 599 904 664 prospectu
919 593 948 650 iu
966 592 1088 657 nebulas.
1107 594 1276 664 designatis
1293 593 1445 653 deleaw
1462 596 1524 668 init,

169 674 240 730 sales
259 674 422 737 salsissims
441 675 583 744 quaesivit,
602 673 738 742 allegoriis
756 674 886 742 italusit,
905 681 937 728 ut
949 689 1020 742 quse
1039 680 1104 730 sunt
1116 674 1296 732 minutisdma
1313 684 1526 746 persequeretur

169 761 196 808 et
211 754 332 809 crimbus
354 754 482 809 treheret
518 755 550 809 In
574 753 703 810 imitando
728 752 811 809 rerba
836 752 893 808 iere
917 752 1024 821 singula
1047 752 1166 808 retinere
1189 752 1306 818 studuit,
1333 755 1467 814 hanelats
1489 756 1525 812 ad

169 848 245 890 suam
263 832 412 888 materiem
448 833 480 886 ln
502 832 677 903 problematis
695 832 846 889 scribendis
864 833 1005 902 paradoxa
1022 830 1062 886 illi
1083 831 1226 901 placuere,
1254 832 1384 888 Gallicam
1401 834 1522 905 lingnam

169 927 234 980 prae
254 910 359 966 Graeca
375 910 546 980 discendam,
565 911 657 967 studia
673 912 813 968 literarum
830 927 891 967 esse
909 912 1016 980 signum
1034 911 1161 969 interitus
1179 912 1349 969 Germaniae.
1386 912 1418 968 In
1437 929 1523 985 oppo-

169 991 259 1060 nendo
276 1005 414 1058 uunquam
426 989 579 1058 quicqtarn,
597 990 671 1059 quod
689 990 801 1046 nonita
818 998 952 1059 censeret,
972 989 1071 1045 attulit
1094 991 1126 1045 In
1144 989 1328 1050 dmcribendis
1341 991 1397 1046 suis
1409 989 1526 1048 inventis
1634 1047 1647 1066 4
1668 1055 1687 1071 r,
1703 1023 1717 1044 2

169 1087 276 1141 semper
287 1070 362 1125 eliud
372 1068 464 1124 intulit
474 1069 501 1123 in
514 1068 652 1132 mundum,
668 1085 748 1137 quam
760 1067 813 1123 luit
824 1070 851 1123 iu
865 1069 1023 1137 exemplari.
1059 1069 1229 1125 Mathemata
1240 1085 1306 1140 prae
1317 1069 1526 1128 ceterisstudiis

168 1149 275 1203 amarit
301 1149 333 1203 In
344 1147 518 1218 philosophia
534 1155 641 1202 textum
652 1148 807 1205 Aristotelis
823 1148 883 1216 ipse
895 1147 969 1216 legit,
991 1149 1166 1218 quaestiones
1182 1150 1344 1220 conscripsit
1359 1148 1387 1205 iu
1400 1149 1526 1221 Physica,

169 1228 269 1282 Etbica
280 1226 338 1282 lere
357 1227 485 1299 neglexit,
503 1227 543 1283 sic
561 1233 589 1281 et
605 1226 703 1295 topicis
721 1225 852 1295 neglectis
870 1225 1006 1295 analytica
1022 1229 1175 1298 posteriora
1191 1231 1296 1286 sumsit.
1322 1229 1376 1286 Sed
1393 1221 1526 1288 Planctus

169 1311 302 1374 (professor
318 1310 494 1376 philosophiae
513 1317 538 1362 st
555 1309 694 1359 medicinae
713 1307 889 1375 Tubingsnsis)
907 1305 1010 1362 illihic
1028 1307 1140 1376 placuit
1176 1308 1209 1362 In
1227 1310 1342 1379 physice
1360 1308 1526 1377 scaligerum

169 1389 301 1456 suspexit
336 1386 369 1441 In
386 1387 455 1441 libro
478 1392 575 1454 quarte
593 1384 778 1441 Meteororum
804 1385 922 1440 inhaesit
947 1387 1094 1456 praecipue
1119 1386 1290 1457 disputando.
1327 1389 1360 1443 In
1374 1381 1527 1460 Theologis

170 1468 261 1520 stadm
279 1465 356 1520 initio
375 1464 409 1520 de
427 1462 673 1534 praedestinatione
690 1465 793 1533 incepit
811 1471 839 1518 et
856 1464 884 1518 in
902 1464 1017 1524 liutheri
1035 1466 1196 1522 senentiam
1215 1466 1250 1522 de
1261 1483 1339 1523 serre
1357 1463 1469 1538 arbitrio
1487 1467 1526 1523 in·

170 1544 242 1600 cidit.
278 1545 317 1599 Et
334 1544 446 1612 mum,
474 1558 605 1597 annorum
624 1540 757 1614 ,tredecim
783 1542 892 1612 scripsit
910 1542 1077 1615 Tubingsm,
1103 1551 1135 1601 ut
1151 1545 1304 1600 mitteretur
1321 1543 1368 1600 ilii
1379 1545 1526 1614 disputatio

171 1622 203 1678 de
220 1622 486 1692 praedestinatione,
505 1620 577 1676 uude
594 1622 622 1675 in
641 1621 827 1692 disputatione
844 1622 954 1693 quidam
971 1639 1034 1678 eum
1051 1624 1090 1678 ite
1107 1624 1227 1678 rexerit:
1254 1624 1374 1690 eodum,
1402 1623 1452 1694 bei
1470 1627 1526 1695 surb

170 1702 335 1758 tentationes
354 1703 388 1758 de
406 1700 672 1771 praedestinatione?
708 1702 809 1759 Postea
830 1703 946 1758 Lutheri
968 1704 1131 1759 senteutiam
1154 1703 1214 1772 ejus
1232 1702 1318 1760 libelli
1335 1697 1450 1760 missarri
1463 1705 1528 1762 fecit

172 1793 199 1838 et
216 1799 246 1837 se
265 1782 300 1837 ed
319 1783 463 1838 sanitatem
481 1797 542 1836 cum
560 1781 672 1836 Hunnio
700 1784 862 1852 compesuit.
899 1784 1000 1839 Verum
1027 1783 1119 1838 statim
1147 1782 1345 1838 controversias
1371 1782 1440 1842 alias
1467 1784 1527 1842 cu·

169 1860 307 1918 meuses
324 1877 482 1933 eggressus,
508 1877 538 1917 se
556 1859 675 1915 medium
701 1860 879 1931 interposuit,
906 1861 956 1916 toli
971 1862 1054 1917 modo
1081 1874 1199 1930 persona
1215 1860 1268 1914 Dei
1285 1859 1417 1931 mosee,
1442 1877 1523 1931 quem

169 1942 326 2009 ignoramus
344 1940 432 2012 qualis
451 1939 495 1995 sit
532 1940 576 1994 Sic
593 1939 622 1994 in
639 1941 723 1996 serbe
743 1957 874 1998 ‹coenae›
894 1940 1087 1996 Hehrsisrnnrn
1104 1936 1361 2012 inducendodum
1379 1939 1526 2009 aliquando
1561 2009 1564 2020 Ι

170 2013 322 2091 contendit,
349 2020 568 2075 antechristum
594 2028 623 2075 et
640 2022 676 2076 ab
699 2020 895 2089 antiquissimis
917 2020 1074 2092 'ignoratam
1100 2017 1187 2073 inisse
1211 2018 1452 2091 resurrectionem,
1479 2018 1526 2082 illo

171 2100 309 2157 duxeruru
325 2101 401 2156 illum
419 2100 566 2156 certamina
582 2099 713 2168 purtium,
740 2099 794 2155 buc
811 2098 863 2153 loci
882 2098 993 2156 obscuri
1010 2112 1149 2154 sacmrum
1166 2096 1314 2153 literarum.
1349 2093 1442 2156 Etiam
1460 2112 1525 2167 gen·

170 2179 243 2234 tibus
262 2196 317 2235 non
335 2180 516 2235 omnimodam
534 2177 735 2234 damnationem
753 2176 921 2247 propositam
938 2174 1115 2244 existimarit,
1137 2184 1227 2244 motus
1245 2176 1431 2245 speculatione
1448 2178 1527 2233 mise·

171 2258 305 2314 moordiae
323 2258 438 2314 divinae.
473 2258 506 2313 ln
523 2256 641 2320 mathesi
658 2254 745 2311 multa
761 2255 875 2311 mmatus
893 2262 948 2324 est,
973 2253 1051 2322 qnasi
1074 2269 1129 2308 non
1152 2254 1207 2309 sint
1228 2255 1350 2324 inuenta,
1368 2269 1442 2325 ,quae
1465 2264 1529 2326 post

166 2337 223 2407 jem
241 2345 305 2394 ante
321 2338 431 2394 invente
451 2336 526 2392 vidit.
562 2335 740 2404 Horologium
762 2331 880 2389 coeleste
899 2332 1051 2402 'confinxit,
1073 2348 1173 2388 noram
1189 2332 1338 2404 thennim,
1356 2342 1386 2390 et
1402 2334 1526 2405 inprimis

171 2419 292 2488 quinque
309 2433 437 2488 corpora,
456 2414 578 2472 difficilia
597 2413 696 2471 omnia.
1243 2455 1246 2462 .

257 2498 290 2551 In
312 2496 432 2551 historiis
455 2492 641 2550 hebdomadas
658 2489 782 2547 Danielis
805 2489 885 2545 aliter
910 2488 1064 2559 explicarit
1104 2490 1210 2547 Noram
1231 2491 1392 2566 baudacae
1415 2503 1523 2552 monsr-

171 2576 249 2632 chiae
267 2574 409 2630 historiam
426 2572 544 2643 scripsit,
563 2569 752 2627 edendarum
769 2569 922 2624 Romanum
939 2568 1122 2641 investigarit.
1156 2571 1189 2625 ln
1211 2571 1284 2626 omui
1301 2567 1523 2646 genere'proles·

171 2655 279 2710 sionem
297 2654 462 2724 disputando
480 2652 610 2721 inhaesit,
628 2649 761 2705 lectiones
780 2647 944 2702 extrahens:

259 2734 305 2790 Sic
322 2735 404 2791 etiam
422 2734 532 2792 chertas
557 2732 671 2802 exiguas
695 2744 712 2783 a
730 2743 760 2784 se
778 2726 896 2796 scriptas
911 2726 1076 2808 usservarit,
1104 2728 1188 2786 libres
1207 2745 1385 2802 quoscunque
1409 2729 1527 2803 oblatos,

173 2819 306 2883 tanquam
322 2814 405 2870 utiles
423 2813 488 2869 olim
506 2814 626 2878 tuturos,
644 2807 781 2865 mordicus
798 2806 920 2863 retinuit.
1427 2838 1441 2877 ᾖ,

258 2894 379 2965 Tempus
396 2892 536 2948 minimum
559 2887 643 2945 dilabi
661 2903 742 2956 aegre
758 2885 834 2955 tulit,
858 2886 991 2942 abstinuit
1013 2886 1154 2945 hominum
1176 2891 1315 2947 consortio
1338 2898 1433 2949 centn
1450 2893 1525 2962 cupi·

173 2971 273 3029 ditstes
291 2988 364 3029 suas.
400 2972 495 3029 Tener
512 2971 541 3026 in
557 2985 588 3025 re
606 2969 765 3039 pecuniaria
782 2965 908 3036 nimium
926 2966 955 3023 in
973 2968 1133 3023 oeconomia
1150 2967 1263 3039 rigidus,
1283 2971 1526 3035 minutissimorum
1591 2962 1597 2971 ’

172 3065 281 3117 censor,
304 3053 403 3121 quihus
420 3051 546 3108 omnihus
563 3044 671 3119 tempus
690 3048 850 3104 extrahitur.
886 3045 1003 3103 Laboris
1026 3047 1132 3102 interea
1148 3049 1381 3118 pertaesissimus,
1408 3050 1477 3107 adeo
1495 3057 1527 3106 nt

172 3129 231 3185 sola
249 3133 399 3202 cupiditate
416 3131 573 3187 reducatur.
608 3128 648 3183 Et
664 3134 755 3182 tanmn
772 3124 888 3196 pulchra
905 3130 970 3180 sunt
987 3141 1058 3194 quae
1075 3126 1192 3197 appetiit
1210 3128 1310 3199 emnia,
1328 3129 1523 3201 veritatemque

173 3216 205 3265 nt
220 3210 370 3281 plurimum
386 3211 439 3268 init
456 3214 629 3265 consecutus.
1013 3212 1017 3219 '
1468 3236 1470 3241 -

260 3290 356 3347 Crusio
373 3305 424 3360 par
441 3289 582 3361 diligentia
599 3284 751 3352 minutula,
768 3281 863 3338 labore
880 3282 963 3353 longe
979 3281 1101 3353 inferior,
1115 3282 1220 3354 judicio
1237 3285 1332 3355 major.
1368 3285 1526 3345 Laborabat

171 3371 218 3429 iile
236 3370 403 3442 colligendo,
421 3369 466 3425 hic
484 3365 649 3438 separando,
667 3363 714 3419 ille
732 3368 864 3426 meum,
881 3360 928 3416 hie
945 3375 1057 3418 cuneus.
1402 3394 1407 3411 2
1537 3372 1542 3391 ¹

259 3466 412 3522 Mercurius
436 3464 464 3520 in
487 3462 548 3518 vu.
572 3461 739 3518 celeritatem
766 3465 795 3513 et
823 3456 926 3515 laboris
955 3457 1060 3528 odium
1087 3458 1152 3528 quia
1178 3458 1202 3514 is
1231 3474 1341 3530 qnoque
1366 3459 1447 3516 relox
1474 3466 1526 3527 est,

174 3545 213 3623 Θ
238 3550 268 3605 in
284 3538 413 3621 sextilib
432 3542 599 3614 diligentiam
617 3548 645 3596 et
661 3539 845 3596 tenacitatem.
881 3538 958 3592 Haec
975 3537 1030 3593 duo
1048 3545 1115 3592 suut
1131 3539 1159 3600 in
1177 3538 1286 3597 homine
1303 3540 1447 3610 cammaris,
1465 3555 1526 3609 per·

170 3635 256 3700 petuo
274 3626 413 3697 psaltere
429 3631 538 3692 tempus
556 3621 697 3683 missum,
719 3625 748 3673 et
764 3624 856 3673 umen
873 3632 983 3686 semper
999 3617 1123 3672 amittere
1144 3625 1250 3687 sponte
1284 3618 1437 3675 Mercurius
1455 3621 1526 3675 enim

168 3709 242 3779 jocis
268 3715 297 3763 et
316 3706 389 3762 lusui
413 3702 534 3761 deditum
558 3699 625 3755 iacit
647 3706 676 3754 et
698 3695 926 3755 caecutientem
947 3697 1049 3767 ingenii
1071 3697 1100 3752 iu
1117 3697 1200 3753 rebus
1218 3696 1373 3754 levioribus.
1409 3700 1479 3754 Nam
1496 3701 1525 3755 in
1578 3746 1584 3749 .

170 3788 290 3863 pueridn
306 3786 361 3841 luit
377 3784 450 3840 lusui
467 3781 669 3849 deditissimss3
687 3785 719 3833 ut
736 3775 869 3844 adolevit,
888 3773 943 3830 elia
959 3776 1077 3831 animum
1095 3775 1279 3846 delectabant,
1305 3777 1367 3832 aliis
1381 3778 1464 3847 igitur
1481 3778 1526 3834 de·

170 3871 247 3926 ditus
264 3867 324 3937 luit,
343 3880 416 3934 ergo,
436 3878 506 3933 quae
524 3860 661 3916 bominem
679 3855 860 3923 delectabant,
875 3853 971 3923 judicii
989 3862 1033 3911 est
1044 3863 1173 3912 statuere
1210 3857 1278 3911 cnm
1289 3863 1380 3913 autem
1392 3857 1526 3913 tenacitas

168 3946 304 4021 pecuniae
327 3943 423 4000 alusn
442 3941 588 4008 absterret,
614 3951 698 4006 saepe
716 3950 808 3991 secum
832 3935 912 3991 ludit
948 3936 987 3991 l'dt
1009 3935 1174 4006 notandum,
1200 3938 1333 3993 tenacitas
1355 3946 1398 3993 est
1416 3954 1472 3994 uon
1490 3938 1525 3994 sd
1630 3938 1632 3949 '

169 4043 248 4100 opes,
267 4008 318 4081 sed
335 4023 370 4079 ad
387 4018 538 4078 tollendum
556 4026 657 4075 metum
674 4014 819 4088 egestatis3
840 4010 962 4084 quamvis
981 4013 1069 4070 omnis
1086 4013 1158 4071 forte
1169 4014 1283 4071 astutia
1300 4030 1334 4070 er
1347 4023 1525 4087 praepostero

173 4113 259 4162 metu.
294 4102 354 4158 imo
372 4116 434 4157 non.
470 4099 524 4156 Sed
543 4099 629 4169 ipsius
647 4111 725 4152 emor
741 4094 844 4150 nummi
860 4093 962 4149 multos
980 4093 1061 4163 capit.
1097 4094 1150 4149 Hic
1166 4109 1246 4150 nsum
1269 4094 1381 4164 respicit
1398 4100 1427 4150 et
1442 4095 1526 4150 bene·

169 4191 279 4241 statem
316 4181 401 4236 Forte
418 4179 498 4235 etiam
524 4179 608 4233 mults
626 4182 754 4232 causatur
778 4171 868 4243 pudor
891 4172 1031 4241 egestatis
1066 4172 1121 4227 Est
1144 4187 1242 4242 nempe
1264 4186 1395 4242 arrogans
1416 4181 1445 4229 et
1462 4190 1525 4230 con·

169 4268 274 4318 temtus
289 4259 453 4330 indiciorum
471 4256 630 4326 rotgerium,
654 4262 697 4310 est
719 4267 817 4322 nempe
834 4251 870 4307 ad
894 4250 962 4307 dura
984 4251 1138 4307 inclinetur.
1175 4249 1271 4305 crusis
1292 4265 1356 4305 rere
1373 4250 1526 4307 Mercurius

170 4345 200 4399 in
218 4341 337 4398 statione
354 4346 397 4395 est
418 4344 447 4394 et
463 4339 491 4392 in
516 4337 688 4407 oppositione
710 4332 827 4391 Saturni
864 4330 954 4386 Credo
971 4329 1152 4398 Mamaeum,
1178 4343 1232 4397 quo
1253 4327 1364 4384 liberior
1385 4328 1422 4385 sit
1442 4328 1525 4385 radiis

167 4422 302 4492 eborum,
324 4420 378 4476 hoc
397 4419 485 4474 minor
504 4424 662 4486 corruptum
680 4411 835 4484 significare
850 4408 997 4479 judicium,
1023 4415 1056 4463 ut
1072 4413 1101 4462 et
1118 4407 1276 4463 mandens.
1311 4408 1344 4462 Ε.
1362 4424 1388 4477 g.
1413 4409 1437 4464 si
1453 4409 1526 4464 liler-

173 4502 280 4559 curium
298 4498 415 4569 sdspieit
432 4498 578 4564 Saturnus,
603 4494 755 4563 infrigidet,
784 4499 817 4545 nt
834 4489 965 4545 hebescat
982 4485 1133 4556 ingenium,
1159 4485 1183 4541 si
1199 4485 1320 4557 Jupiter,
1343 4486 1482 4543 humectat
1498 4495 1527 4544 et

174 4582 297 4651 aliaue
319 4578 378 4635 illic
399 4578 482 4648 igitur
504 4575 596 4632 emnia
612 4574 759 4629 trahuntur
781 4570 817 4626 ad
838 4568 908 4625 lucri
926 4566 1059 4643 studim,
1085 4565 1130 4621 hic
1152 4566 1242 4622 omnia
1266 4565 1301 4621 ad
1318 4565 1459 4622 bonorum.
1496 4566 1526 4631 lli

174 4660 250 4716 biars
269 4658 394 4728 adspicit,
413 4662 446 4711 ut
462 4655 536 4724 mihi,
554 4653 665 4725 nimium
682 4656 775 4706 terret
809 4644 977 4716 Praecipitat
993 4644 1078 4715 igitur
1097 4642 1235 4712 ingenium
1256 4650 1284 4698 et
1303 4643 1338 4699 ad
1354 4644 1422 4699 irem
1444 4647 1525 4718 rapit,
1593 4686 1604 4711 ,

175 4741 210 4795 ad
226 4740 316 4806 lusos,
343 4735 379 4791 ad
396 4733 555 4801 variantes,
577 4729 694 4786 indeed
711 4728 853 4795 historias,
877 4727 912 4780 ad
930 4724 1015 4793 bella,
1039 4723 1074 4778 nd
1093 4721 1242 4805 patranda,
1265 4722 1302 4783 ad
1319 4721 1471 4789 andaciam,
1489 4723 1524 4779 ad

174 4825 439 4885 πολυπραγροουην,
463 4827 534 4882 quae
550 4817 615 4866 nato
633 4808 723 4863 omnia
743 4806 883 4876 adjacent,
911 4805 947 4861 ad
965 4803 1218 4862 contradicendum.
1246 4800 1281 4856 sd
1302 4799 1523 4872 impugnandum,
1577 4876 1582 4891 .

176 4897 211 4958 ad
227 4894 466 4967 reprehendendos
484 4905 578 4947 omnes
595 4888 712 4956 ordines,
730 4886 766 4943 ad
784 4886 892 4943 cerices
910 4896 1010 4941 morea.
1045 4883 1116 4943 iiam
1136 4879 1271 4947 notabile,
1294 4879 1424 4951 quioquid
1441 4880 1523 4938 homo
