3567 5625
253 422 296 481 44
635 419 777 490 Epistelse
794 419 905 493 Kepleri
923 419 1092 490 aliorumque
1108 427 1217 477 mutuae

254 605 367 660 tuntum
388 599 524 662 dandene
544 604 654 674 mutua,
678 598 730 659 sed
753 599 825 660 illud
847 615 901 677 pro
923 598 1078 676 dnundiq
1100 600 1158 661 troc
1178 617 1231 679 pro
1244 602 1433 665 nemausus
1447 600 1599 679 graduum

254 686 336 748 Idem
360 688 484 748 iacerem
507 705 626 748 exorsus
649 708 668 748 a
690 686 920 766 Tranesylvania
940 705 992 765 por
1014 686 1190 766 Ungariam,
1221 690 1312 768 Alpes
1335 690 1462 768 styriae,
1486 688 1600 749 Helve-

257 776 336 848 tiam,
359 775 581 849 Petemondem‚
604 774 731 848 Gallias,
753 776 937 870 Pyrenaeum
959 793 1052 852 usqne
1068 775 1304 855 compostellam.
1349 778 1384 836 In
1407 785 1490 838 muto
1511 778 1600 853 igitur

256 865 352 940 spatio
375 861 459 923 facile
480 870 594 940 pateret
616 864 734 924 veritas
757 853 835 924 Vel
859 864 935 923 irem
957 861 1014 923 duo
1037 863 1133 938 simui,
1155 881 1268 944 semper
1290 867 1432 943 spatici,
1457 867 1486 938 6,
1511 863 1600 924 'ivel

261 953 300 1010 10
324 948 491 1010 milliarium
514 950 673 1023 deantes,
695 951 746 1028 qui
768 951 903 1012 noctibus
927 967 978 1027 per
1000 953 1198 1024 internuncios
1219 956 1403 1025 comtitntos,
1426 953 1601 1012 ementium

193 1089 202 1108 ,
254 1037 413 1098 verticibus
435 1037 553 1114 ignibus
576 1040 738 1111 exolutis
730 1040 865 1112 msicem‚
888 1039 974 1114 signa
996 1039 1106 1099 darent
1143 1038 1210 1100 Hoc
1228 1042 1270 1101 ilrl
1284 1043 1420 1114 maxime,
1443 1041 1494 1099 ubi
1515 1055 1601 1098 mon-

255 1134 313 1197 tes,
343 1125 393 1202 qui
416 1124 489 1183 adiri
511 1135 649 1202 pessunt,
676 1124 855 1206 horizontem
877 1142 937 1184 non
960 1127 1125 1188 terminant.
1168 1126 1202 1187 Iu
1221 1128 1282 1188 hac
1303 1130 1445 1188 societate
1463 1125 1601 1186 ‘duorum

256 1221 286 1274 et
308 1212 364 1272 hnc
385 1213 494 1272 inesset
516 1212 678 1287 commodi,
707 1213 785 1290 qnod
809 1216 837 1271 in
860 1211 956 1272 reditu
979 1216 1077 1274 omnia
1099 1215 1246 1296 emendari
1268 1223 1389 1292 possent
1411 1222 1441 1275 et
1462 1214 1603 1290 ambigua

255 1299 370 1359 discuti.
415 1298 573 1376 Splendida
606 1319 652 1361 me
685 1299 810 1361 tabulari
838 1301 973 1377 putabis3
1005 1310 1036 1362 at
1067 1319 1122 1379 ego
1152 1304 1182 1359 in
1210 1302 1309 1381 Styria
1341 1303 1397 1363 ieci
1426 1302 1600 1378 periculum:
1676 1305 1679 1310 '

256 1386 374 1447 ascendi
398 1390 476 1448 enim
499 1388 572 1447 duos
595 1396 708 1448 montes
731 1396 761 1448 et
783 1395 936 1464 utrumqne
959 1406 995 1448 ex
1017 1387 1109 1450 altere
1132 1388 1257 1466 libravi3
1280 1391 1380 1450 inveni
1402 1392 1602 1449 curvationem

242 1474 336 1552 ‘globi
360 1477 465 1535 terreni
491 1477 529 1535 19
552 1477 737 1547 minutorum,
761 1475 947 1535 intervalium
969 1478 1179 1537 aestimabatur
1196 1479 1213 1535 5
1229 1476 1405 1537 milliarium
1442 1474 1510 1537 Hoc
1531 1493 1602 1537 vero

255 1578 314 1622 uon
336 1579 400 1622 sum
424 1579 542 1622 mensus
565 1562 763 1623 instrumentis
787 1565 918 1637 risoriis,
947 1569 980 1624 ut
1001 1566 1178 1642 potuissem,
1210 1565 1289 1648 qugd
1311 1563 1406 1626 solum
1428 1562 1511 1625 deest
1533 1580 1602 1641 per·

255 1650 373 1711 lectioni
396 1649 532 1726 exempli.

349 1736 537 1797 Probabilem
560 1738 708 1798 existimas
731 1741 906 1798 sententiam
921 1738 1046 1799 Theveti
1068 1756 1105 1799 ex
1120 1755 1165 1812 ee,
1188 1737 1268 1818 quod
1285 1756 1405 1816 magnes
1428 1740 1506 1798 omni
1520 1746 1605 1815 parte

254 1826 302 1884 sui
323 1823 418 1885 soleat
439 1826 569 1888 imbuere
584 1826 700 1885 terrum.
737 1826 836 1902 Atque
857 1825 915 1886 hoc
927 1825 1001 1886 nihil
1016 1825 1126 1886 iudicat
1149 1826 1184 1886 de
1205 1826 1299 1903 figura
1319 1844 1373 1887 seu
1387 1828 1530 1903 magnetis
1549 1843 1604 1886 eeu

255 1910 377 1987 Terrae,
400 1911 452 1973 sed
475 1913 588 1973 tanlrmr
610 1912 774 1974 denatura
796 1915 921 1989 virtutis,
945 1932 1021 1991 quae
1043 1913 1143 1991 polum
1162 1915 1249 1991 pstit;
1272 1913 1351 1991 qued
1365 1914 1478 1975 scilicet
1499 1912 1551 1972 illa
1572 1914 1604 1972 in

260 2005 371 2060 rectam
393 1991 558 2077 porrigatur
580 2000 716 2079 qnodque
739 2003 778 2061 sit
798 2017 865 2060 cum
888 2018 1009 2079 corpore
1024 2003 1170 2079 magnetis
1185 2000 1353 2082 divisibilis,
1374 2003 1418 2063 sic
1433 2009 1466 2060 ut
1488 2002 1516 2059 in
1539 2002 1603 2060 sin-

343 2174 389 2234 De
411 2174 572 2236 stadiorum
594 2192 730 2248 numero,
761 2192 838 2252 quae
860 2178 910 2234 uni
927 2133 1036 2252 'gradui
1060 2175 1179 2236 coelesti
1202 2182 1385 2252 competunt,
1414 2191 1485 2234 sane
1508 2174 1604 2232 incer·

255 2267 319 2321 tum
340 2269 423 2340 puto.
468 2262 543 2323 Nam
565 2280 622 2322 non
646 2262 740 2323 solnm
763 2262 799 2324 de
822 2261 909 2321 stadii
932 2266 1096 2339 quantitate
1118 2263 1293 2322 dissentiunt
1313 2268 1442 2335 veteres,
1466 2278 1518 2320 seu
1541 2260 1603 2319 dis·

256 2351 364 2411 sentire
386 2367 506 2411 necesse
528 2357 582 2425 est,
606 2367 671 2410 cnm
693 2350 776 2429 pedis
799 2367 935 2410 mensura
956 2368 1015 2411 uon
1037 2351 1124 2411 inerit
1146 2368 1214 2424 uua,
1237 2350 1290 2409 sed
1311 2341 1400 2409 etium
1421 2348 1534 2408 lubrica
1556 2364 1603 2407 ree

257 2444 317 2509 est,
347 2435 537 2499 determinare
567 2455 657 2498 unum
685 2438 807 2516 gradum
837 2436 963 2498 eoeleste
992 2441 1020 2497 in
1044 2438 1148 2514 Terra3
1180 2454 1294 2514 semper
1321 2440 1398 2496 enim
1428 2435 1463 2495 ds
1491 2435 1605 2511 aliquot

256 2526 376 2585 minutis
399 2524 557 2602 dubitatur,
581 2543 656 2604 quae
678 2524 788 2604 negligi
810 2542 868 2585 non
891 2524 1039 2601 deberent,
1063 2525 1188 2604 deniqne
1210 2527 1237 2584 si
1251 2526 1376 2586 maxime
1394 2525 1522 2584 scientur
1544 2521 1603 2582 duo

256 2610 323 2673 loca
345 2613 467 2688 Terrae,
491 2615 522 2674 in
545 2615 650 2693 quibus
673 2623 718 2673 est
740 2612 902 2673 differentia
924 2616 1010 2674 unius
1032 2612 1140 2690 gradus
1162 2613 1303 2690 praecise,
1327 2615 1355 2670 in
1378 2612 1603 2688 septentrionem

256 2705 434 2760 tamennon
457 2699 544 2761 lacile
565 2702 658 2762 metiri
681 2718 837 2777 possumus
860 2699 941 2760 illum
963 2701 1070 2761 Terrae
1094 2708 1226 2773 tractum,
1249 2716 1363 2777 semper
1386 2698 1605 2760 enimobstant

257 2794 311 2848 aut
336 2787 470 2863 flumina,
494 2797 545 2849 aut
573 2795 701 2862 montes,
724 2787 833 2864 silvae,
855 2787 993 2866 paludes,
1018 2790 1081 2867 agri
1104 2787 1175 2849 culti
1198 2794 1252 2850 etc.
1298 2786 1398 2848 Refert
1420 2785 1603 2847 Christman·

256 2892 312 2935 nus
335 2879 541 2937 commentario
564 2894 651 2954 super
667 2876 856 2954 Allraganum
879 2872 953 2959 (nisi
974 2877 1048 2939 sorte
1069 2878 1133 2953 ipse
1149 2875 1335 2952 Aliraganus‚
1359 2874 1431 2935 liber
1446 2877 1521 2934 enim
1544 2890 1603 2933 non
1694 2910 1700 2921 ·

258 2971 303 3024 est
335 2961 372 3023 ad
403 2958 523 3045 manus)
547 2965 661 3025 Arabas
692 2981 809 3043 qnoque
832 2963 1050 3041 Baldeohenses
1079 2965 1134 3024 sub
1160 2981 1229 3040 rege
1252 2962 1399 3022 Msimonc
1428 2961 1496 3022 huie
1518 2978 1606 3022 curae

257 3050 439 3126 incubuisse,
462 3060 494 3113 ut
517 3053 703 3114 emendarent
725 3052 801 3113 hunc
823 3051 984 3113 stadiorum
1007 3055 1035 3111 in
1060 3069 1117 3110 uno
1139 3049 1231 3128 gradu
1254 3067 1415 3113 nnmerum.

344 3136 476 3217 Rogatus
497 3140 560 3216 ipse
583 3150 650 3202 ante
672 3139 821 3200 biennium
836 3141 874 3203 ab
890 3139 1022 3201 Electore
1037 3139 1213 3214 Coloniensi,
1236 3139 1278 3197 sic
1299 3135 1444 3215 respondi,
1467 3143 1500 3195 ut
1514 3134 1605 3212 paule

257 3226 352 3304 prius3
375 3224 410 3286 de
433 3227 524 3289 Terre
547 3227 683 3290 videlicet
703 3228 850 3290 metienda
872 3228 936 3287 sine
957 3230 1065 3288 intuitu
1088 3225 1161 3287 coeli
1176 3244 1212 3286 ex
1229 3225 1351 3285 duorum
1365 3225 1496 3285 locorum
1511 3222 1604 3283 libra·

258 3315 338 3374 tione
360 3322 469 3375 mutua.
516 3315 554 3374 Et
575 3316 699 3394 subjecit
722 3317 785 3393 ipse
810 3315 1032 3377 commoditates
1054 3314 1202 3388 locomm,
1231 3315 1256 3372 si
1280 3313 1353 3373 bene
1375 3312 1508 3386 memini,
1537 3310 1607 3371 Mn·

257 3402 395 3462 nechium
418 3409 447 3463 et
468 3402 651 3477 Freisin‘gum
675 3402 852 3480 appellavit,
877 3420 1001 3480 quorum
1024 3401 1154 3462 locorum
1176 3419 1212 3461 ex
1236 3399 1328 3460 altero
1354 3402 1385 3457 in
1408 3398 1528 3459 alterum
1550 3416 1608 3475 pa·

258 3497 321 3551 teet
341 3498 512 3567 prospectus
535 3509 552 3551 e
574 3491 707 3552 fenestris
729 3490 914 3567 palatiorum.
960 3489 1071 3566 Quodsi
1094 3488 1275 3566 interjectum
1299 3484 1483 3547 intervallum
1506 3496 1609 3564 aptum

259 3584 304 3639 est
326 3576 365 3638 ad
386 3577 565 3639 metiendum
587 3581 662 3656 pede
683 3578 819 3639 Romano
841 3581 979 3655 antiquo,
1005 3579 1090 3653 eujus
1111 3592 1246 3638 mensura
1268 3582 1313 3634 est
1335 3574 1412 3634 latus
1435 3575 1503 3634 cubi
1526 3591 1608 3634 com-

262 3672 430 3742 putatomm
445 3666 643 3727 Romanorum
667 3674 696 3726 et
717 3666 858 3742 liquorem
873 3666 1025 3726 loumnnm
1042 3667 1081 3725 96
1103 3663 1242 3725 librarum
1254 3660 1336 3725 Rom.
1359 3660 1515 3739 capientis:
1540 3669 1610 3721 tuno

259 3756 323 3833 ipse
345 3753 475 3831 spondeo
498 3754 714 3815 inclinationem
736 3761 867 3814 mutuam
889 3751 1161 3832 perpendiculorum
1183 3749 1400 3810 Monachiensis
1426 3757 1456 3808 et
1477 3749 1608 3825 Freisin·

261 3843 359 3919 gensis
384 3850 485 3902 exacte
512 3844 698 3919 investigare.
743 3839 811 3901 Hoc
832 3850 920 3917 pecto
943 3838 981 3901 ct'
994 3838 1215 3918 cosmographia
1242 3838 1329 3898 luerit
1350 3835 1451 3913 adjuta
1484 3848 1513 3896 et
1534 3839 1609 3896 ratio

261 3945 464 3990 mensuramm
478 3930 666 4007 perpetuitati
682 3935 860 4000 consecrata,
883 3926 1027 4005 siqnidem
1048 3927 1150 3988 literae
1174 3925 1282 3986 luerint
1294 3932 1463 4002 perpetuae.
1513 3927 1609 3995 (comp.

261 4024 349 4087 111‚p.
368 4019 438 4083 458.)

346 4104 391 4163 Ac
413 4105 469 4163 etsi
498 4120 564 4164 mea
586 4101 660 4162 nihii
683 4104 810 4176 interest,
834 4118 923 4179 qnam
944 4103 974 4161 iu
989 4099 1108 4178 plagam
1125 4107 1227 4177 vergat
1240 4099 1319 4159 linea
1337 4105 1513 4159 connectens
1534 4097 1610 4158 dnos

261 4193 359 4253 locos:
383 4198 481 4253 tamen
505 4193 530 4251 si
551 4199 656 4269 postea
676 4208 728 4268 per
749 4189 827 4251 hunc
849 4187 969 4249 modum
997 4188 1149 4266 explorare
1171 4186 1314 4247 vellemus
1343 4188 1486 4247 rationem
1509 4185 1610 4246 direr-

262 4300 314 4343 sae
337 4280 487 4339 curvitatis
509 4279 649 4352 Telluris,
680 4278 768 4356 idque
791 4280 868 4336 intra
890 4294 977 4337 unam
999 4278 1163 4380 regionem,
1187 4282 1332 4352 oporteret
1354 4292 1424 4334 sane
1447 4273 1520 4333 duas
1544 4290 1609 4334 esse

266 4370 450 4448 operationes
473 4372 502 4426 et
523 4366 601 4427 linea
622 4365 743 4427 semel'
735 4382 765 4423 rn
789 4373 920 4425 austrum
943 4363 1065 4426 semel
1058 4381 1085 4422 rn
1110 4364 1249 4424 orientem
1272 4362 1391 4423 deberet
1412 4363 1529 4438 porrigi.
1623 4413 1629 4427 ,

228 4483 234 4495 ·
350 4454 408 4517 Sed
432 4453 544 4529 desino,
566 4472 716 4531 nunquam
739 4455 817 4513 enim
821 4453 941 4539 scripsi
964 4452 1125 4528 longiorem
1142 4451 1304 4527 epistolam,
1328 4466 1415 4547 quam
1437 4466 1503 4509 cum
1526 4450 1610 4508 initio
1636 4465 1641 4476 ·

262 4544 437 4605 Novembris
468 4560 562 4604 essem
590 4560 728 4615 exorsus,
759 4542 809 4601 rix
821 4516 941 4613 hodie,
973 4543 1022 4598 24.
1045 4539 1219 4598 Novembris
1245 4539 1350 4597 finio.
1369 4536 1431 4595 Nec
1454 4530 1611 4670 quiequam

263 4638 415 4710 praeterea
437 4629 549 4690 effeci
541 4647 570 4688 rn
592 4629 705 4689 studiis.

351 4718 395 4778 Ex
423 4716 545 4779 aedibus
575 4716 645 4779 olim
668 4716 860 4779 cramerianis
887 4730 904 4775 e
933 4713 1052 4789 regione
1078 4711 1259 4773 Jesuitarum
1289 4706 1355 4768 ad
1357 4718 1484 4786 pontem
1533 4710 1610 4773 Nol).

208 4872 211 4877 ,
265 4807 345 4884 Mag.
369 4805 404 4864 T.
1095 4822 1099 4829 ·
1176 4798 1403 4859 officiosissimus
1467 4806 1473 4819 ·

1045 4886 1078 4949 J
1102 4885 1248 4964 Kloepler,
1271 4884 1501 4951 mathematicus.
