3567 5625
501 437 621 495 126
1382 432 1468 488 D'e
1500 430 1825 503 Figuratum
1860 431 2308 510 Harmonicarum

1408 607 1545 662 Cum
1578 608 1747 677 igitur
1780 623 1944 678 porro
1981 608 2090 663 sint
2125 614 2238 663 tres
2263 606 2441 664 solum
2466 607 2651 679 auguli
2673 607 2848 679 plani,
2887 606 3039 663 nulla
3071 607 3215 663 inter

1231 683 1440 753 figuras
1480 686 1747 743 toleratur
1781 687 2170 758 impul-Hatera,
2208 702 2310 756 per
2346 689 2572 744 eandem
2607 690 2692 745 24.

1408 767 1800 836 Tetragonicus
1844 768 2007 838 igitur
2042 782 2165 821 cum
2201 767 2539 835 hexagonico
2592 774 2649 822 et
2693 767 3013 837 octogonico
3057 765 3214 820 mini-

1104 899 1116 923 ,
1227 844 1331 898 mis
1368 846 1547 900 miuus
1581 845 1790 903 faciunt
1823 850 1858 903 4
1892 848 2058 902 rectis
2105 854 2162 901 et
2197 854 2503 915 congruunt
2539 848 2607 902 12
2641 847 2938 917 tetragoni,
2975 846 3012 901 8
3048 848 3210 901 hexa-

971 982 980 1000 Ε
1008 963 1068 996 ···:-·‡
1230 924 1355 990 goni
1393 932 1451 980 et
1485 929 1517 981 6
1543 928 1798 995 octogoni
1823 927 1879 981 in
1904 943 2073 981 unum
2096 926 2572 996 icosihexaedron,
2618 926 2764 996 quod
2790 925 3008 996 appello
3033 935 3214 981 trun-

1108 996 1120 1036 *
1228 1017 1373 1056 cum
1413 1004 1969 1061 cuboctaedron:
2010 1022 2118 1061 uon
2156 1005 2302 1074 quod
2339 1005 2682 1060 truncatione
2715 1005 2865 1060 nasci
2886 1004 3079 1076 possit,
3118 1005 3214 1059 sed

880 1071 892 1080 “
920 1081 944 1092 “’
1221 1081 1349 1148 quia
1388 1083 1564 1138 simile
1600 1093 1686 1139 est
1721 1091 1974 1140 truncato
2014 1082 2389 1138 cuboctaedro.
2463 1085 2716 1154 Pingitur
2753 1101 2900 1141 num.
2937 1083 3076 1140 23¹².

1396 1162 1794 1231 Tetragonicus
1831 1181 1955 1219 cum
1991 1165 2326 1231 hexagonico
2365 1172 2421 1219 et
2457 1165 2786 1234 decagonico
2819 1166 2999 1220 miuus
3038 1165 3073 1220 4
3096 1180 3212 1220 rec·

1216 1236 1285 1289 tis
1325 1237 1591 1310 efficiunt,
1629 1249 1686 1296 et
1721 1249 2030 1310 congruunt
2065 1242 2134 1296 30
2156 1244 2448 1310 tetragoni,
2487 1244 2846 1313 zohexagoni
2880 1253 2938 1300 et
2966 1244 3030 1300 12
3054 1244 3211 1300 deca-

1536 1320 1665 1388 goni
1700 1322 1756 1375 in
1794 1336 1960 1375 unum
1994 1321 2564 1393 hexecontadyedron,
2601 1323 2748 1392 quod
2772 1323 2991 1394 appello
3026 1330 3211 1378 trun-

1529 1416 1670 1454 cum
1706 1400 2415 1471 icosidodecaedron,
2463 1403 2623 1458 simili
2671 1403 2742 1460 de
2775 1419 2944 1460 causa
2989 1408 3053 1458 ut
3085 1419 3210 1473 pro·

1527 1480 1743 1533 ximum.
1818 1479 2069 1548 Pingitur
2102 1495 2250 1534 num.
2289 1480 2425 1534 23¹⁸.

1702 1560 1758 1613 Si
1804 1576 1904 1628 pro
1954 1560 2283 1628 decagouico
2328 1557 2589 1615 succedat
2636 1559 2694 1618 iu
2746 1559 3065 1617 societatem
3111 1559 3207 1615 do-

1528 1637 1917 1707 decagonicus,
1965 1638 2260 1707 implentur
2302 1640 2338 1693 4
2379 1636 2514 1693 recti
2561 1654 2664 1693 nec
2707 1636 2770 1692 fit
2819 1638 3085 1709 solidum,·
3129 1638 3208 1694 sic

1377 1720 1395 1771 ’ς
1527 1718 1690 1770 etiam
1729 1718 1775 1771 si
1812 1733 1910 1784 pro
1947 1717 2286 1786 hexagonico
2325 1715 2584 1772 succedat
2619 1717 2972 1785 octogonicus
3005 1726 3074 1788 ⁵et
3108 1719 3206 1773 ali·

1529 1795 1650 1862 quis
1688 1795 2006 1863 octogonico
2045 1796 2220 1863 major
2256 1796 2328 1851 sit
2364 1796 2586 1865 tertius,
2634 1803 2962 1866 superantur
2996 1799 3030 1853 4
3053 1799 3204 1863 recti,

1527 1890 1629 1929 nec
1675 1875 1884 1943 minus,
1959 1875 2006 1928 si
2055 1876 2199 1930 absit
2242 1873 2612 1940 tetragonicus
2667 1883 2724 1930 et
2776 1877 3050 1932 socientur
3092 1885 3204 1934 tres

1526 1953 1901 2008 distinctarum
1936 1952 2230 2024 figurarum
2262 1950 2679 2023 parilaterarum
2701 1953 2953 2022 majores.
3029 1956 3206 2026 Igitur

1524 2039 1635 2087 stat
1669 2032 1842 2086 omnis
1865 2032 2346 2089 Archimedeorum
2379 2030 2589 2087 familia
2623 2034 2767 2090 intra
2801 2051 3085 2091 numerum
3119 2038 3198 2111 13,

1522 2111 1670 2179 quod
1707 2117 1827 2166 erat
1863 2111 2359 2175 demonstrandum.

652 2389 897 2456 XXIX.
991 2395 1588 2461 Consectarium.
1681 2399 1936 2476 Figurae
1993 2414 2286 2474 congruae
2343 2402 2481 2455 sunt
2535 2397 2595 2453 in
2653 2399 2990 2458 universum
3048 2397 3199 2459 duo-

478 2478 680 2558 decim,
729 2492 862 2545 octo
908 2484 1194 2547 radicales
1239 2506 1345 2549 seu
1389 2490 1629 2565 primae,
1678 2494 1737 2547 et
1781 2494 2033 2562 quatuor
2077 2493 2287 2545 auctae
2331 2500 2438 2544 seu
2481 2482 2708 2544 stellae.

915 2649 919 2651 .
1030 2576 1080 2632 1.
1130 2575 1439 2652 Trigonus.
1909 2576 1943 2632 ’1
1950 2618 1967 2634 .
2013 2572 2468 2649 Dodecagouus.

1021 2664 1079 2720 2.
1126 2663 1515 2741 TetragonuS.
1904 2662 1961 2720 8.
2008 2660 2371 2737 Icosigouus.

1024 2750 1081 2808 3.
1128 2749 1527 2829 Pentagonus.
1903 2751 1960 2809 9.
2009 2747 2196 2808 Stella
2236 2746 2644 2826 pentagonica.

1020 2838 1078 2897 4.
1125 2838 1504 2916 Hexagonus.
1866 2839 1963 2897 10.
2011 2836 2198 2896 Stella
2241 2837 2604 2912 octogonica.

1026 2925 1083 2986 5.
1131 2924 1490 3006 Octogonus.
1872 2929 1966 2987 ll.
2012 2924 2199 2985 Stella
2243 2923 2617 3000 decagonica.

1020 3013 1076 3071 6.
1124 3013 1494 3092 Decagonus.
1678 3067 1683 3078 ,
1861 3015 1959 3072 12.
2006 3011 2194 3072 Stella
2239 3010 2694 3086 dodecagonica.

646 3090 878 3154 Gradus
924 3105 1342 3177 congruentiae
1391 3101 1645 3161 distincti
1692 3109 1848 3160 suut.
1911 3101 1979 3159 In
2025 3103 2212 3176 primo
2257 3108 2393 3159 sunt
2423 3101 2685 3174 trigonus
2731 3103 2790 3157 et
2832 3091 3194 3176 tetragonus,

471 3181 611 3255 quia
655 3194 981 3259 congruunt
1026 3195 1146 3247 tam
1191 3192 1250 3248 in
1294 3191 1504 3264 solido,
1553 3206 1729 3265 quam
1774 3191 1833 3247 in
1879 3187 2077 3265 plan0,
2124 3196 2245 3248 tam
2273 3186 2652 3264 singularum,
2678 3188 3004 3263 specierum
3048 3189 3198 3248 inter

470 3285 551 3341 se,
602 3285 780 3344 quam
818 3271 1158 3346 junctarum
1200 3285 1259 3337 et
1305 3296 1436 3338 cum
1483 3275 1632 3337 aliis.
1699 3284 1713 3299 ‘
2287 3334 2298 3345 .
2493 3321 2498 3330 ·

642 3355 916 3420 Secundo
962 3363 1146 3439 gradu
1197 3369 1523 3426 consistunt
1577 3370 1961 3441 pentagonus
2007 3381 2140 3424 cum
2203 3362 2393 3423 stella·
2436 3378 2564 3424 sua.
2651 3361 2805 3423 Nam
2864 3373 3194 3440 congruunt

469 3450 528 3502 et
573 3445 933 3520 singularum
979 3455 1303 3527 specierum
1349 3457 1497 3515 inter
1525 3470 1589 3512 se
1618 3454 1679 3510 in
1709 3451 1932 3525 solido,
1980 3459 2041 3512 et
2083 3450 2322 3510 tradunt
2364 3458 2598 3509 mutuas
2631 3468 2840 3526 operas
2884 3452 2943 3509 in
2973 3451 3192 3528 plano:

466 3528 570 3589 sed
613 3535 807 3609 potior
862 3544 951 3596 est
1003 3546 1403 3618 pentagonus,
1465 3543 1605 3619 quia
1662 3541 1931 3616 congruit
1985 3541 2163 3600 etiam
2219 3555 2351 3598 cum
2408 3537 2541 3598 aliis
2594 3538 2892 3598 nonnullis
2953 3547 3074 3599 tam
3128 3541 3188 3597 in

447 3616 644 3693 ‘plano
690 3638 866 3696 quam
911 3626 971 3684 in
1015 3628 1226 3689 solido.

636 3707 868 3769 Tertius
911 3720 1001 3772 est
1043 3714 1357 3794 hexagoni,
1407 3718 1549 3793 quia
1592 3715 1815 3793 figurae
1858 3713 2036 3792 hujus
2082 3714 2299 3793 speciei
2330 3719 2658 3791 congruunt
2702 3715 2762 3772 in
2808 3713 3005 3791 plano,
3053 3732 3190 3775 cum

464 3792 598 3852 aliis
644 3811 783 3854 vero
828 3805 948 3858 tem
993 3803 1053 3860 in
1098 3803 1291 3865 solido
1335 3823 1515 3882 quam
1557 3806 1617 3861 in
1664 3805 1863 3882 plano.

637 3879 925 3956 Quartum
968 3889 1214 3965 gradum
1261 3898 1461 3953 tenent
1503 3900 1828 3968 octogonus
1883 3897 1942 3949 et
1989 3888 2324 3966 decagonus
2387 3907 2520 3949 cum
2565 3887 2753 3949 stellis
2801 3891 2941 3959 suis.
3032 3888 3187 3950 Nam

460 3966 746 4029 radicales
790 3972 926 4035 illae
972 3992 1106 4036 cum
1149 3978 1282 4038 aliis
1326 3978 1623 4040 nonnullis
1654 3984 1981 4056 congruunt
2022 3979 2078 4034 in
2125 3977 2335 4051 solido,
2383 3977 2590 4037 stellae
2620 3993 2759 4037 vero
2806 3995 2936 4038 cum
2983 3976 3186 4055 figuris

459 4056 822 4134 singularum
862 4064 1188 4140 specierum
1235 4068 1696 4147 quadamtenus,
1755 4070 1814 4125 in
1872 4065 2049 4141 plano
2095 4083 2234 4125 vero
2296 4081 2498 4125 omnes
2545 4062 2814 4142 'quatuor
2859 4073 3187 4142 congruunt

461 4161 592 4204 cum
637 4144 791 4227 aliis,
838 4153 1025 4228 magis
1071 4160 1265 4214 tamen
1314 4158 1477 4217 varie
1521 4158 1830 4232 magisque
1873 4152 2127 4230 perfecte
2173 4155 2522 4230 octogouica
2567 4160 2747 4212 secta.

633 4232 884 4310 Quintus
927 4239 1147 4318 gradus
1193 4240 1372 4304 habet
1418 4243 1865 4321 dodecagonum
1922 4257 2052 4300 cum
2097 4238 2270 4300 stella
2312 4258 2453 4316 sua3
2515 4243 2657 4318 quia
2699 4243 2758 4300 in
2803 4240 2996 4302 solido
3041 4243 3181 4319 qui-

460 4319 590 4382 dem
634 4325 905 4402 minime,
972 4336 1036 4389 at
1093 4332 1152 4389 iu
1213 4332 1390 4408 plano
1448 4331 1828 4392 multifariam
1886 4336 2214 4405 congruunt
2268 4346 2400 4388 cum
2445 4329 2607 4404 aliis3
2667 4331 2726 4388 in
2769 4329 2961 4389 solido
3007 4332 3186 4406 igitur

457 4407 587 4468 sola
642 4416 1044 4490 magnitudine
1111 4419 1526 4497 impediuntur.
1630 4419 1830 4479 Causa
1895 4416 2139 4496 planitei
2208 4417 2590 4493 praeferenda
2659 4423 2749 4478 est
2816 4418 2965 4479 haec
3018 4410 3185 4478 secta

454 4498 662 4578 gradui
709 4511 936 4578 quarto.
1759 4524 1772 4530 ’

629 4586 881 4652 Ultimus
923 4592 1141 4670 gradus
1185 4602 1276 4656 est
1320 4595 1625 4672 icosigoni‚
1673 4595 1814 4671 quia
1846 4596 1895 4654 is
1924 4592 2157 4651 nonnisi
2203 4589 2262 4649 in
2307 4591 2506 4670 plano,
2554 4608 2663 4652 nec
2705 4594 2820 4653 nisi
2866 4610 2995 4654 eum
3043 4592 3180 4656 aliis

461 4683 522 4738 et
568 4693 699 4737 cum
747 4677 865 4739 illis
909 4682 1054 4758 ipsis
1099 4699 1335 4763 quoque
1379 4682 1715 4763 imperfecte
1763 4681 2047 4760 congruit.

586 4782 589 4793 ·
627 4764 854 4841 Quodsi
897 4769 1085 4829 solam
1131 4771 1564 4834 consideremus
1607 4770 1940 4850 planitiem,
1988 4764 2130 4827 ordo
2175 4767 2489 4845 figurarum
2530 4768 2640 4830 erit
2684 4769 2825 4829 iste:
2882 4772 2935 4830 1.
2969 4767 3178 4828 Hexa-

451 4865 661 4930 gouus.
745 4857 803 4916 2.
840 4854 1228 4937 Tetragonus.
1304 4862 1362 4921 3.
1397 4861 1707 4938 Trigonus.
1770 4861 1832 4921 4.
1860 4856 2314 4934 Dodecagonus.
2377 4856 2435 4916 5.
2465 4855 2655 4918 Stella
2684 4856 2832 4934 eJus.
2900 4861 2956 4918 ’1.
2989 4854 3179 4919 Octo-
