3567 5625
234 429 273 491 la
732 495 737 502 q
816 424 986 484 Prooemium

238 622 348 683 vapore
376 605 443 668 ierit
473 623 558 667 umes
584 604 766 683 odoratuque
796 608 968 685 percipitur,
1004 624 1069 668 cum
1096 608 1234 684 strepitus
1264 606 1328 683 eJus
1354 604 1483 680 auditur,
1513 622 1578 665 oum

234 692 359 754 uidetur.
415 695 481 755 Hae
513 696 625 771 species
654 691 806 758 sensibiles
836 713 855 755 a
882 693 1016 755 sensibus
1046 696 1225 772 recipiuntur
1251 696 1406 754 introrsum
1434 710 1487 770 per
1516 694 1577 752 vim

233 785 512 857 repraesentativum
542 799 595 842 seu
626 781 854 858 phantasticam,
893 789 1108 860 cognoscuntur
1145 798 1197 860 per
1236 799 1353 856 sensum
1385 796 1575 854 communem,

232 868 358 945 deniqne
387 888 439 947 per
465 885 630 947 supremam
652 872 767 929 animae
788 870 957 931 facultatem
979 872 1054 930 inter
1074 887 1107 930 se
1130 876 1346 947 comparantur,
1377 866 1457 945 quod
1476 866 1576 928 itidem

233 964 278 1015 est
304 958 383 1032 poti.
438 956 494 1016 His
513 955 561 1016 sd
588 956 754 1017 harmonias
782 957 930 1018 translatis
959 954 1153 1032 concluditur,
1185 974 1250 1018 esse
1280 974 1330 1017 eas
1359 973 1405 1017 res
1434 954 1473 1015 ab
1505 957 1577 1033 ipsis

234 1042 450 1120 quodammodo
472 1045 559 1106 rebus
581 1045 757 1113 ambactos,
789 1052 933 1122 quatenus
955 1048 1068 1123 species
1090 1062 1184 1105 rerum
1216 1060 1399 1123 persensus
1429 1045 1577 1120 ingressae

232 1129 328 1206 adque
349 1131 477 1193 tribunal
499 1133 614 1193 animae
635 1131 792 1210 perductae
814 1133 885 1193 liant
906 1135 1020 1194 termini
1041 1133 1237 1210 proportionis
1252 1132 1437 1192 harmonicae
1450 1130 1576 1191 sensilia

232 1218 306 1278 Sunt
337 1236 405 1279 vero
434 1218 569 1294 eaedem,
603 1222 711 1296 inquit,
742 1227 908 1295 conuetae,
940 1228 970 1282 et
997 1223 1067 1298 quia
1092 1221 1148 1281 hae
1176 1222 1289 1298 species
1310 1237 1405 1280 rerum
1427 1217 1577 1279 sensilium

108 1313 112 1334 '
232 1314 300 1365 sunt
322 1306 472 1381 qualitatis
494 1307 610 1367 sensilis
638 1304 686 1389 (in
707 1323 795 1382 sono,
827 1306 936 1369 lumine
951 1304 1031 1391 etc.)
1064 1315 1184 1384 etquis
1204 1315 1267 1367 tom
1288 1305 1405 1367 demum
1426 1308 1455 1365 in
1479 1307 1576 1366 animo

231 1392 401 1469 clarescunt,
425 1412 514 1471 quum
537 1412 583 1454 res
605 1396 687 1471 ipsae
711 1401 826 1455 exstant
846 1403 876 1455 et
898 1404 1025 1457 manent.
1054 1396 1216 1456 Discrimen
1239 1397 1315 1455 inter
1335 1393 1390 1454 has
1410 1393 1577 1453 harmonias

232 1487 370 1541 etseras
392 1482 633 1559 ,archetypicas“
662 1484 693 1540 in
716 1498 752 1542 eo
780 1488 833 1555 est,
856 1481 936 1559 quod
958 1486 989 1542 in
1011 1484 1057 1544 his
1080 1485 1194 1543 termini
1215 1487 1285 1542 sunt
1306 1498 1342 1541 err
1363 1480 1577 1541 mathematicis

230 1569 394 1645 generibus,
418 1568 525 1630 circulo
540 1577 570 1630 et
583 1586 662 1644 meu,
685 1575 765 1630 certo
788 1567 875 1630 modo
897 1570 1037 1645 formatis,
1061 1571 1120 1630 illis
1142 1578 1243 1631 conoe
1263 1569 1320 1630 hoc
1341 1569 1480 1645 singulari
1503 1568 1576 1628 sub-

228 1657 308 1733 jecto
329 1673 387 1716 non
411 1673 485 1734 opus
508 1664 566 1732 est,
598 1657 650 1717 sed
679 1659 793 1718 nonnisi
819 1675 850 1718 re
881 1656 983 1735 aliqua
1009 1658 1117 1719 sensili.
1169 1656 1216 1717 Ad
1247 1657 1303 1718 boc
1332 1664 1431 1716 autem
1457 1658 1486 1714 in
1516 1654 1576 1715 illis

230 1735 386 1820 requiritur
399 1761 446 1804 ros
460 1760 560 1821 agens,
582 1744 695 1805 scilicet
714 1761 805 1819 mens,
828 1745 963 1822 subjecta
979 1746 1152 1823 dijudicans.
1181 1745 1286 1822 Itaque
1308 1743 1432 1804 circulus
1455 1743 1577 1820 eJusque

232 1848 329 1904 arens,
363 1831 491 1909 regulari
518 1831 661 1893 divisione
687 1831 771 1905 lacti,
801 1840 869 1892 suut
897 1834 1062 1909 sthectum
1088 1833 1258 1894 harmoniae
1287 1830 1492 1909 inquirendae,
1522 1830 1577 1890 has

232 1920 411 1996 quantitates
444 1927 540 1979 mente
573 1926 624 1979 aut
654 1913 832 1980 extrinsecus
860 1928 993 1998 receptas
1023 1926 1075 1980 aut
1100 1921 1137 1980 ab
1167 1922 1250 1979 initio
1279 1922 1309 1978 in
1339 1936 1376 1979 ea
1402 1925 1519 1979 etcum
1541 1935 1578 1977 ea

232 2014 343 2067 creatas
367 2023 430 2067 esse
452 2024 571 2067 necesse
594 2013 639 2066 est
660 2012 690 2067 et
711 2009 752 2067 ita
774 2007 900 2084 quidem,
931 2017 964 2068 ot
992 2007 1117 2069 circulus
1148 2008 1270 2084 ejusque
1292 2023 1377 2067 mens
1399 2007 1577 2067 extrinsecus

232 2096 261 2152 in
284 2101 411 2154 menum
431 2097 545 2172 possint
566 2112 631 2156 esse
653 2094 736 2170 illati,
759 2093 812 2155 sed
824 2097 899 2155 ratio
913 2098 988 2156 inter
1002 2095 1141 2157 circulum
1160 2096 1282 2173 ejusque
1303 2111 1389 2155 mous
1409 2093 1579 2154 harmonica

232 2183 365 2260 aprime
387 2183 471 2241 initio
493 2184 583 2243 menti
606 2184 643 2242 sit
664 2183 761 2258 insita,
784 2199 839 2244 nec
851 2185 949 2261 imago
971 2186 1011 2244 sit
1032 2186 1094 2243 veri
1115 2184 1161 2242 sui
1175 2183 1393 2260 paradigmatis,
1415 2179 1468 2243 sed
1481 2183 1577 2258 ipsum

232 2269 324 2329 velun
352 2269 533 2347 paradigma
578 2269 633 2330 His
663 2269 925 2348 dictis'Keplerus
958 2273 1105 2331 examinat
1125 2278 1257 2331 veterum
1277 2269 1518 2347 philosophorum
1541 2267 1577 2328 de

232 2357 384 2417 harmonia
398 2360 565 2432 sententies,
589 2360 678 2418 citato
691 2359 818 2418 maxime
832 2358 930 2419 Procli
944 2359 1009 2420 loco
1031 2359 1208 2434 (comment
1223 2361 1253 2418 in
1268 2357 1352 2418 libi.
1369 2357 1460 2417 Elem.
1476 2351 1576 2437 Eud.)

233 2443 269 2504 de
292 2448 420 2506 essentia
439 2462 536 2506 rerum
557 2446 836 2521 mathematicarum,
861 2448 952 2524 ,quia
972 2463 1032 2506 non
1053 2453 1167 2506 tantum
1188 2449 1331 2524 genuinos
1345 2444 1576 2505 harmonicumm

139 2593 144 2602 ,
233 2535 385 2607 terminos,
409 2533 534 2595 &culos
557 2541 587 2594 et
608 2550 693 2594 mens
715 2552 734 2604 a
753 2534 853 2611 figuris
874 2535 1028 2609 rescissus,
1057 2536 1088 2593 in
1115 2538 1212 2594 anima
1239 2535 1327 2610 inque
1354 2540 1451 2592 mente
1473 2532 1577 2592 statuit

232 2620 434 2696 essentialiter,
456 2620 613 2682 sedetiam
635 2622 705 2698 quia
725 2622 783 2682 sibi
804 2620 912 2684 similia
932 2621 1090 2699 proterenti
1112 2620 1202 2682 demit
1223 2621 1364 2681 inuidiam
1385 2620 1486 2697 rejecti
1507 2619 1577 2678 hinc

231 2707 299 2769 inde
320 2707 518 2769 Aristotelis“.

334 2794 401 2856 Hae
423 2796 549 2857 rationes
570 2793 757 2857 harmonicae
780 2795 819 2858 ab
841 2796 945 2858 altiore
967 2798 1082 2858 animae
1110 2797 1156 2872 vi,
1189 2814 1265 2874 quae
1288 2793 1391 2858 eudem
1413 2795 1443 2854 in
1465 2794 1577 2855 artibus

233 2888 263 2943 et
282 2880 375 2943 literis
396 2883 490 2959 valet,
522 2882 731 2960 dijudicantur3
762 2888 976 2962 cognoscuntur
1005 2892 1103 2945 autem
1131 2886 1162 2943 in
1189 2886 1295 2967 exteris
1325 2885 1413 2944 rebus
1443 2883 1577 2944 interiore

231 2971 320 3031 animi
342 2971 387 3047 vi,
418 2987 477 3031 non
498 2971 586 3031 modo
616 2971 742 3047 homini,
775 2973 826 3033 sed
859 2975 948 3034 ctiam
969 2972 1114 3050 pecudum
1135 2974 1250 3050 generi,
1281 2989 1374 3049 aeque
1397 2988 1432 3031 ac
1456 2969 1577 3047 ,mundi

232 3059 367 3118 animae“
391 3059 493 3132 indita,
516 3060 579 3120 sive
601 3060 748 3121 instinctu.
785 3060 843 3120 Hic
864 3062 1066 3120 maurensis
1089 3067 1142 3135 est,
1166 3061 1215 3136 qui
1238 3059 1375 3121 discernit
1396 3074 1485 3119 sonos
1506 3058 1577 3118 har-

231 3147 363 3207 monicus
392 3154 423 3207 et
452 3146 685 3208 harmonicorum
718 3147 844 3209 siderum
873 3146 1021 3209 radiorum
1053 3149 1114 3207 vim
1145 3148 1243 3208 sentit.
1287 3144 1330 3209 Ut
1361 3145 1468 3224 plantis
1495 3147 1576 3205 notio

231 3236 344 3294 numeri
366 3233 405 3294 ab
426 3236 508 3295 initio
531 3238 608 3294 inest
639 3231 791 3316 (numerus
818 3234 954 3296 loliorum
982 3238 1013 3295 in
1042 3235 1176 3309 florinus,
1205 3252 1342 3295 numerus
1370 3250 1525 3310 granorum
1547 3234 1577 3291 in

231 3317 353 3403 pomis),
384 3323 427 3382 ita
454 3323 650 3382 animantibus
677 3329 707 3382 et
734 3323 844 3382 homini
871 3324 962 3384 insita
989 3330 1034 3383 est
1054 3322 1154 3384 circuli
1179 3326 1276 3399 notio,
1309 3324 1457 3397 ,animae,
1489 3322 1578 3381 etiam

232 3409 397 3482 interiores,
428 3411 607 3486 compositae
636 3416 665 3469 et
696 3410 892 3471 conformatae
921 3417 989 3471 sunt
1018 3409 1056 3472 ad
1087 3410 1240 3486 cuculum,
1271 3410 1353 3472 velut
1378 3408 1418 3469 ad
1446 3425 1578 3469 normam

233 3497 399 3574 legemque,
421 3513 545 3575 cumque
560 3499 625 3574 ipso
641 3497 749 3558 circulo
765 3488 1184 3576 sjmque'dsmonsnsbilitste
1205 3497 1301 3558 ideam
1323 3500 1412 3559 etiam
1425 3499 1578 3558 rationum

233 3584 481 3660 harmonicamm,
515 3602 591 3662 quae
620 3584 687 3646 inde
710 3584 888 3663 dependent,
919 3585 1106 3647 induerunt.
1150 3586 1340 3663 Recipiuntur
1365 3584 1422 3645 hae
1449 3587 1578 3645 rationes

233 3673 331 3732 animo
354 3673 385 3729 in
407 3673 495 3732 rebus
515 3672 672 3733 sensilibus
696 3691 874 3750 persensus,
897 3675 927 3733 in
948 3676 1035 3735 rebus
1051 3674 1237 3735 insensilibus
1251 3673 1311 3733 alia
1326 3674 1414 3735 animi
1429 3671 1577 3745 facultate,

235 3758 393 3836 ,facultate
421 3764 535 3819 animae
563 3759 678 3834 uituli“,
712 3778 788 3837 qnae
818 3779 882 3837 cap.
906 3761 976 3822 VII.
1007 3760 1138 3840 pluribus
1165 3761 1335 3821 illustratur.
1385 3761 1594 3821 Praemissum

234 3852 332 3907 antero
346 3849 612 3923 interpretationem
626 3845 771 3924 Keplerus
787 3850 850 3925 ipse
870 3846 941 3911 dicit
965 3850 1146 3924 ,obscuram
1169 3848 1384 3926 quodammodo
1399 3847 1579 3909 materialem

234 3940 265 3993 et
287 3934 343 3992 sub
365 3934 443 3994 nube
466 3936 551 4010 quasi
571 3935 782 4011 ignorantiae“.
826 3934 996 3996 Facultates
1018 3935 1087 3996 illae
1109 3937 1198 3996 animi
1219 3939 1368 3999 interiores
1392 3953 1452 3996 non
1474 3939 1578 4011 sciunt,

234 4038 265 4080 se
286 4022 442 4098 percipere,
466 4029 498 4080 ut
521 4038 587 4082 cum
601 4020 734 4082 ridentes
756 4020 868 4098 aliquid
882 4038 940 4081 non
955 4028 1053 4083 umen
1070 4022 1334 4101 animadvertimus,
1357 4042 1411 4085 nos
1426 4023 1457 4083 id
1469 4022 1578 4084 videre.

233 4105 274 4168 Ut
303 4125 385 4166 amor
410 4106 526 4185 puellae
554 4111 652 4169 existit
679 4111 708 4168 in
737 4112 834 4169 animo
858 4111 991 4186 juvenis,
1022 4112 1178 4172 nescientis
1205 4114 1322 4189 quade
1345 4116 1486 4173 causaet
1508 4109 1579 4186 quid

233 4198 263 4254 in
285 4203 385 4255 amata
415 4195 532 4272 diligat,
563 4214 652 4273 quum
681 4197 916 4276 physiognomon
944 4200 975 4256 in
1002 4200 1169 4259 amantibus
1199 4217 1325 4275 mamm,
1358 4200 1429 4272 oris,
1459 4197 1579 4259 habitus

233 4283 446 4358 similitudines,
471 4300 546 4360 quae
568 4285 765 4345 nescientibus
786 4303 915 4347 amorem
936 4285 1107 4363 incendunt,
1130 4291 1260 4363 noverit,
1289 4290 1331 4347 ita
1352 4289 1381 4345 in
1404 4284 1461 4344 illis
1482 4283 1579 4346 lacul-

235 4372 345 4432 tatibus
370 4378 436 4448 ,est
456 4388 560 4431 sensus
582 4375 801 4449 proportionum
822 4376 885 4434 sine
908 4375 1027 4434 senso“.
1071 4373 1158 4452 (Cep.
1181 4371 1239 4456 11.)
1368 4446 1373 4450 ι

332 4458 386 4519 ‘Ita
418 4465 575 4536 postquam
608 4467 653 4519 est
685 4460 884 4536 disquisitum,
920 4463 967 4522 cui
999 4462 1089 4522 insint
1120 4463 1289 4522 harmoniae
1311 4466 1449 4537 tanquam
1471 4461 1578 4537 agenti,

234 4546 371 4607 formenti
393 4564 445 4609 seu
469 4547 580 4623 opifici,
609 4546 755 4626 Keplerus
777 4565 840 4626 cap.
860 4548 915 4608 ΠΙ.
939 4549 1034 4628 pergit
1055 4548 1094 4610 ad
1115 4549 1294 4627 subjectum,
1322 4550 1352 4607 in
1375 4544 1453 4623 qood
1475 4554 1581 4625 agatm

234 4633 400 4694 harmoniis.
433 4634 517 4695 Haec
531 4642 629 4696 autem
644 4636 778 4712 sth'ecta
799 4642 880 4696 sunt:
904 4639 1010 4712 anima,
1034 4654 1110 4714 quae
1133 4635 1277 4715 descripte
1291 4642 1336 4697 est
1350 4654 1370 4695 a
1384 4636 1450 4695 Deo
1472 4632 1507 4693 in'
1524 4634 1578 4694 has

127 4768 131 4781 .
235 4724 437 4799 proportiones
466 4722 664 4798 harmonicas,
692 4722 842 4800 planetae,
877 4725 983 4799 quibus
997 4724 1152 4802 'regularis
1182 4727 1258 4785 inest
1287 4730 1383 4783 motus
1405 4729 1435 4784 et
1456 4738 1579 4800 quorum

236 4826 372 4871 numerus
394 4812 481 4871 certis
504 4828 539 4870 ex
560 4811 713 4872 harmonia
734 4811 874 4873 desumtis
905 4811 1021 4889 legibus
1053 4811 1189 4872 definitus
1212 4820 1269 4886 est,
1301 4811 1425 4888 denique
1454 4811 1578 4884 animae,

235 4901 374 4960 creaturis
385 4896 539 4959 mundanis
549 4899 723 4976 praefectae.
745 4898 1034 4978 InquiritKeplerus,
1046 4918 1116 4961 num
1128 4899 1578 4972 harmoniaeinsintinunmero,
