3567 5625
265 385 329 445 428
737 384 902 454 Appendicis
920 383 1142 440 Harmonicornm

265 564 354 620 niem
384 564 570 636 mamimus,
601 561 653 621 scd
674 571 901 638 comparantur
915 564 1042 641 {ipsam
1085 565 1150 624 Non
1173 573 1246 642 puto
1267 582 1314 625 me
1337 562 1483 623 iacturum
1506 578 1610 640 operae

266 651 405 726 pretium,
438 652 462 708 si
490 657 519 707 te
542 649 679 709 adhortcr
705 648 922 726 adlegandum
949 652 1056 711 librum
1080 652 1263 730 diligentius,
1296 654 1455 711 nonenim
1486 651 1610 730 parebis,

188 765 202 814 ,·
268 737 364 796 solum
386 736 523 796 lectorem
546 755 665 797 moneo:
689 755 746 797 non
770 738 842 813 legit
864 738 1018 814 liebertus,
1046 758 1104 799 nou
1127 741 1296 819 peniitsvit,
1318 746 1371 797 ant
1392 740 1417 797 si
1440 740 1606 816 pensitavit,

266 822 341 882 ludit
364 841 433 900 ergo
457 831 508 883 aut
531 826 693 884 cavillatur.
738 825 772 883 In
795 827 985 904 praeambulo
1014 827 1110 888 iudico
1140 846 1242 887 causas
1264 827 1480 886 harmoniarum
1507 833 1611 904 peteu-
1671 897 1675 900 ,

267 910 319 971 das
344 929 379 970 ex
402 915 571 987 geometria,
595 931 631 971 ex
655 912 800 972 divisione
824 915 936 989 circuli,
961 931 1037 990 quae
1058 915 1093 975 fu
1114 933 1165 992 per
1186 916 1295 991 figuras
1317 913 1467 990 regulares
1490 912 1612 973 demon-

204 1042 206 1050 .
243 999 417 1072 ⁸strabiles,
449 999 524 1059 liber
545 1003 608 1076 ipse
631 1000 738 1077 figuras
766 1000 893 1061 exhibet.
937 1001 1074 1061 Nondum
1104 1021 1174 1062 saue
1204 1003 1314 1079 figurae
1336 1008 1404 1059 sunt
1426 1000 1503 1060 idem
1533 999 1610 1075 quod

266 1087 438 1158 harmonia,
462 1099 531 1145 sunt
554 1096 650 1148 tamen
675 1089 724 1147 ria
746 1088 784 1147 ad
808 1088 898 1147 illam.
945 1088 1031 1165 Quid,
1055 1091 1079 1147 si
1104 1092 1171 1149 dum
1195 1107 1313 1169 sponsa⁸
1326 1091 1457 1163 comitur,
1486 1087 1613 1147 noudum

266 1182 335 1234 sunt
357 1177 485 1251 nuptiae,
509 1175 582 1233 nihil
605 1193 673 1251 ergo
696 1192 804 1252 sponsa
826 1177 897 1235 iacit
918 1176 955 1235 ad
978 1177 1117 1255 nuptias?
1161 1179 1269 1236 Aulai
1298 1176 1371 1234 nihil
1393 1179 1454 1252 agit
1476 1175 1613 1236 Euclides

265 1263 343 1321 libro
367 1263 419 1320 lV.
437 1261 479 1322 de
503 1265 672 1339 corporibus
695 1262 810 1335 solidis,
840 1264 891 1324 sed
915 1264 1009 1323 solum
1025 1264 1068 1324 'de
1090 1265 1190 1338 liguris
1212 1264 1327 1341 planis,
1358 1263 1429 1321 nihil
1452 1279 1521 1339 ergo
1543 1262 1614 1323 iacit

268 1351 342 1409 liber
366 1350 418 1407 lV.
450 1350 488 1408 ad
518 1349 676 1409 solidorum
708 1354 837 1426 quinque
864 1353 1065 1414 formationem
1093 1351 1168 1413 libro
1197 1351 1286 1411 Xlll.
1319 1351 1510 1426 sequentem?
1554 1350 1612 1410 Sed

269 1437 366 1509 video,
393 1437 463 1513 quid
486 1437 630 1512 volueris,
653 1438 794 1497 Roberte:
818 1442 846 1497 in
870 1444 965 1498 sinum
987 1439 1115 1515 gaudes,
1138 1440 1217 1517 quod
1239 1455 1286 1498 ruo
1308 1441 1513 1512 commoreris,
1536 1438 1613 1498 rides

268 1526 467 1584 defensionem
489 1542 547 1583 non
571 1528 775 1585 necessariam.
821 1526 919 1601 Quare
941 1526 1013 1586 nihil
1035 1526 1142 1586 addam
1164 1527 1299 1604 amplius.

357 1613 444 1671 Libro
467 1630 532 1671 mec
555 1614 683 1673 secundo
713 1614 816 1673 tribuis
838 1615 926 1687 mihi,
962 1614 1040 1691 quod
1069 1615 1197 1685 credam,
1229 1618 1257 1671 in
1281 1616 1411 1689 quinque
1444 1612 1612 1689 corporibus

267 1700 449 1777 regularibus
478 1703 636 1760 consistere
666 1704 725 1759 vim
754 1700 924 1762 harmoniae
962 1702 1135 1764 mundanae.
1186 1702 1313 1760 Rursum
1348 1703 1477 1777 praepeti
1509 1700 1611 1758 volatu

266 1789 352 1848 turbo
375 1791 543 1847 transcurrit
567 1790 669 1864 igneus
692 1789 800 1863 ingenii
826 1793 868 1848 tui
893 1789 1030 1862 volatilis,
1054 1789 1133 1865 quod
1156 1789 1244 1848 lirum
1267 1789 1361 1848 iacere
1381 1788 1467 1863 jubet
1488 1787 1612 1860 Hermes

268 1885 343 1934 tuus.
389 1877 477 1935 Liber
499 1893 580 1935 meus
603 1875 748 1935 secundus
771 1876 867 1936 adhuc
890 1879 918 1934 in
942 1877 1042 1952 liguris
1065 1885 1212 1942 versatur,
1236 1893 1311 1952 quae
1334 1876 1408 1935 libro
1432 1877 1517 1934 tertio
1540 1892 1613 1934 cou-

267 1965 388 2022 stituent
411 1965 647 2039 coaptabuntque
668 1969 888 2040 proportionum
911 1965 1141 2023 harmonicarum
1161 1966 1307 2023 terminos.
1353 1964 1491 2040 Agnosco
1513 1970 1611 2023 tamen

268 2051 363 2109 ideam
387 2050 533 2127 quandam
556 2051 771 2110 harmoniarum
795 2052 1023 2124 mundanarum,
1050 2055 1219 2130 praesertim
1241 2050 1453 2122 radiationum,
1486 2053 1514 2107 in
1539 2066 1612 2108 con-

268 2139 402 2214 gruentia
430 2138 587 2214 figurarum
616 2143 807 2214 geometrica,
842 2140 911 2199 dum
935 2138 1004 2200 illae
1026 2140 1123 2199 adhuc
1153 2141 1181 2197 in
1205 2137 1353 2198 abstracto
1384 2136 1612 2198 considerantur.

269 2226 312 2283 llr
335 2223 392 2284 hac
414 2228 610 2302 congruentia,
635 2244 712 2302 quae
735 2226 856 2287 Graecis
879 2235 923 2286 cst
945 2222 1082 2306 ἁρμοσις,
1105 2229 1198 2304 prima
1210 2228 1319 2304 petitur
1342 2229 1424 2302 origo
1448 2227 1528 2284 vocis
1544 2224 1614 2283 har-

267 2317 373 2372 monia.
420 2312 527 2373 Verum
551 2313 598 2371 hic
621 2331 723 2373 sensus
747 2317 828 2374 vocis
852 2314 948 2376 adhuc
970 2315 1133 2390 generalior
1155 2323 1212 2385 cst,
1237 2331 1325 2389 quam
1347 2316 1495 2392 proprium
1518 2316 1613 2389 operis

267 2403 323 2459 mei
347 2400 526 2476 subjectum,
550 2401 696 2477 siguificat
717 2405 793 2461 enim
816 2402 925 2461 nudam
947 2403 1173 2479 applicationem
1197 2401 1319 2460 laterum
1342 2404 1372 2459 in
1394 2401 1511 2478 figuris,
1539 2417 1614 2475 qua-

267 2505 329 2546 rum
360 2488 461 2564 anguli
491 2488 587 2548 locum
616 2489 742 2548 solidum
772 2490 818 2549 vel
848 2490 968 2568 pianum
992 2489 1120 2566 impleut.
1162 2487 1284 2563 Quanto
1314 2489 1408 2564 magis
1439 2489 1613 2564 improprius

268 2585 313 2635 est
343 2576 525 2651 significatus
555 2579 652 2651 vocis,
687 2594 752 2637 cum
777 2579 842 2653 quis
872 2580 960 2636 etiam
983 2578 1067 2636 orbes
1090 2576 1231 2635 coelestes
1264 2580 1337 2634 inter
1359 2593 1391 2635 se
1421 2582 1612 2651 congruentes

269 2663 307 2723 ad
329 2680 460 2722 normam
484 2664 597 2723 orbium
619 2668 874 2740 geometricorum,
904 2667 954 2741 qui
978 2665 1129 2740 attigeris
1159 2663 1261 2723 solidis
1284 2664 1477 2722 inscribuntur
1505 2669 1535 2721 et
1557 2665 1612 2720 cir-

251 2751 514 2825 cumscribuntur,
548 2753 573 2811 si
602 2752 678 2813 hauc
708 2754 825 2829 iuquam
856 2755 1074 2830 congruentiam
1107 2753 1172 2829 quis
1202 2750 1384 2811 harmoniam
1414 2749 1509 2811 dicere
1532 2750 1611 2808 velit.

268 2840 332 2915 Ego
355 2840 472 2915 quidem
501 2842 701 2915 ambiguitatis
729 2842 866 2901 vitandae
889 2858 980 2900 causa
1001 2858 1150 2915 nunquam
1178 2838 1208 2896 id
1232 2839 1301 2897 dixi.
1346 2839 1411 2898 Non
1441 2841 1518 2898 enlm
1545 2837 1613 2896 har-

270 2929 397 2985 moniam
420 2931 495 2987 iuter
518 2928 675 2991 Saturnum
698 2935 727 2987 et
750 2928 867 2993 dorem.
891 2928 947 2987 hcc
970 2928 1088 3003 quidem
1112 2929 1224 2986 orbium
1247 2934 1390 3004 respectu,
1416 2925 1467 2986 scd
1490 2942 1612 3004 propor-

269 3017 378 3072 tionem
401 3017 514 3073 orbium
539 3016 605 3073 cubi
628 3033 678 3074 seu
702 3015 851 3091 figuralem
876 3016 941 3075 dico
965 3018 1112 3075 iuteresse.
1157 3014 1303 3090 Scapham
1324 3013 1441 3092 appello
1463 3013 1611 3091 scapham.

274 3101 350 3159 Vide
372 3102 471 3175 lector,
495 3103 565 3177 quid
588 3105 709 3175 intersit,
734 3121 769 3162 cn
793 3121 857 3163 meo
879 3104 955 3161 libro
979 3102 1015 3162 de
1038 3104 1182 3162 sententia
1205 3101 1299 3176 deque
1321 3100 1519 3161 locutionibus
1540 3102 1612 3159 meis

266 3188 398 3264 judices,
428 3207 464 3247 au
495 3207 529 3247 ex
558 3192 713 3267 interprete
735 3190 874 3250 Robertc.
919 3191 1112 3266 Nequaquam
1140 3187 1228 3264 ig'iiur
1257 3192 1286 3246 in
1311 3189 1385 3247 cuho
1412 3190 1546 3248 consistit
1568 3190 1612 3245 vis

268 3277 437 3336 harmoniae
461 3276 624 3336 mundanae
647 3280 722 3337 iuter
744 3278 900 3338 Saturnum
925 3287 954 3337 et
975 3277 1101 3351 dorem,
1125 3277 1197 3335 alias
1221 3293 1276 3352 ego
1301 3275 1391 3335 doceo
1412 3278 1612 3353 proportiones

269 3364 452 3423 harmonicas
476 3367 549 3423 inter
571 3374 667 3424 motus
690 3366 791 3424 horum
814 3365 1005 3441 planetarum,
1029 3383 1105 3441 qnae
1127 3367 1181 3423 etsi
1198 3366 1402 3440 cognationem
1416 3363 1524 3422 habere
1548 3380 1612 3420 cum

270 3452 346 3510 cnhc
370 3451 532 3511 debuerunt
553 3451 673 3532 (quippe
698 3455 785 3528 juxta
806 3456 932 3513 invicem
954 3452 1145 3512 habitandum
1177 3452 1231 3509 init
1253 3459 1283 3510 et
1304 3450 1363 3509 illis
1392 3460 1422 3510 et
1444 3451 1525 3519 huic,
1560 3466 1612 3509 nec

270 3538 470 3615 impediendus
493 3539 541 3598 hic
563 3542 601 3598 ah
623 3537 706 3616 iilis),
736 3558 794 3599 non
817 3534 914 3600 tamen
945 3540 1014 3599 illae
1037 3540 1196 3598 iormautur
1225 3555 1244 3596 a
1266 3540 1359 3611 cubo,
1386 3538 1479 3615 figura
1506 3535 1609 3609 solida,

270 3626 320 3685 sed
352 3628 492 3702 aiiguris
514 3627 624 3703 planis3
655 3645 708 3687 nec
730 3628 804 3687 libro
833 3627 960 3686 secundo
990 3627 1073 3686 locus
1102 3635 1146 3685 cst
1169 3625 1357 3700 explicationi
1387 3626 1509 3702 plenarii
1532 3634 1611 3683 ortus

270 3714 499 3787 harmoniarum,
523 3715 575 3774 sed
597 3715 671 3774 libro
694 3717 792 3788 tertio,
823 3733 877 3775 uec
899 3724 966 3774 aute
989 3716 1120 3791 quintum
1144 3715 1249 3772 librum
1272 3713 1450 3787 harmoniae,
1478 3715 1611 3789 quamvis

267 3802 331 3877 jam
358 3803 515 3874 formatae,
545 3810 703 3878 potueruut
729 3803 869 3878 applicari
899 3802 1008 3861 mundo
1038 3819 1090 3861 seu
1113 3801 1295 3877 planetarum
1319 3802 1455 3859 motibus.
1500 3799 1558 3859 Sed
1581 3806 1612 3857 tu

271 3888 375 3946 ialsam
404 3889 440 3948 de
463 3907 550 3948 sensu
572 3907 637 3948 mec
666 3892 885 3985 persuasionem
913 3898 1082 3967 conceptam
1105 3888 1271 3966 (propterea
1299 3887 1377 3964 quod
1400 3887 1533 3966 Mysterii
1555 3887 1613 3944 mei

271 3976 510 4052 Cosmographici
539 3979 689 4035 materiam
719 3980 906 4053 praecipuam
940 3995 1004 4036 esse
1036 3978 1282 4053 interpositionem
1309 3993 1461 4052 corporum
1491 3990 1613 4050 eamque

207 4138 211 4145 ¹
270 4066 300 4121 iu
325 4063 510 4122 Harmonicis
535 4064 609 4123 libro
632 4064 669 4122 V.
697 4068 849 4141 repetitam
872 4062 998 4143 vidisti),
1027 4064 1102 4122 hauc
1125 4067 1242 4139 iuquam
1265 4066 1496 4141 persuasionem,
1525 4060 1614 4121 semel

271 4160 452 4226 conceptam,
473 4168 525 4226 per
546 4158 638 4211 totum
662 4160 742 4209 tuum
766 4152 927 4211 discursum
950 4152 1128 4229 analyticum
1150 4154 1274 4225 retines,
1300 4168 1435 4227 magnam
1458 4151 1522 4229 eJus
1544 4166 1613 4226 par-

271 4250 327 4299 tem
350 4240 580 4311 intermissurus,
602 4242 627 4296 si
650 4238 728 4298 hunc
751 4258 875 4299 errorem
899 4239 1164 4300 animadvertisses.

357 4326 445 4385 Libro
467 4343 533 4385 meo
556 4328 640 4385 tertio
663 4316 802 4385 nihil‘ais
823 4330 963 4401 inveniri,
986 4329 1043 4385 nisi
1065 4328 1206 4385 musicam
1229 4344 1336 4385 meram
1358 4324 1554 4397 artificialem,
1578 4341 1611 4383 ex

144 4459 155 4483 ,
269 4413 395 4490 plurium
430 4420 561 4473 veterum
578 4412 744 4473 'auctorum
771 4414 852 4474 libris
886 4415 1064 4491 decerptam,
1096 4413 1168 4471 nihil
1199 4431 1234 4472 er
1266 4416 1415 4491 proprio..
1444 4411 1475 4471 Si
1503 4413 1613 4469 musica

270 4501 430 4561 artificialis
453 4500 529 4560 idem
560 4502 611 4559 tibi
637 4511 686 4561 est
709 4501 787 4578 quod
810 4503 950 4573 humana,
982 4502 1111 4577 proiecto
1135 4501 1208 4560 hacc
1229 4500 1295 4559 libri
1318 4504 1395 4561 tertii
1417 4502 1538 4559 materia
1560 4506 1611 4571 est,

270 4590 312 4647 sic
334 4596 441 4663 tamen,
465 4597 498 4649 ut
520 4590 597 4648 circa
620 4598 713 4647 ortum
737 4590 966 4649 harmonicarum
990 4590 1209 4667 proportionum
1224 4605 1367 4663 moneam,
1390 4586 1612 4661 subintelligen-

272 4675 340 4734 dum
364 4694 428 4737 esse
450 4676 587 4753 generale
610 4679 769 4754 quippiam,
789 4676 871 4753 quod
895 4678 934 4735 sit
949 4678 1125 4735 abstractum
1150 4676 1316 4750 crucibus,
1339 4682 1478 4751 tanquam
1502 4693 1520 4733 a
1542 4673 1612 4731 sub-

267 4763 348 4837 Jecto
371 4764 494 4841 physico
517 4763 566 4824 rel
588 4769 718 4824 materia.
764 4763 815 4824 Sin
838 4772 937 4823 autem
968 4780 1026 4823 vox
1049 4766 1105 4821 ista
1127 4763 1286 4822 artificialis
1315 4772 1384 4823 ate
1415 4766 1443 4820 iu
1466 4762 1496 4820 id
1527 4777 1609 4819 usur·

270 4859 364 4927 patur,
388 4861 422 4911 ut
444 4850 582 4912 excludas
604 4860 748 4928 naturam,
767 4852 830 4929 jam
852 4851 963 4912 dudum
985 4849 1178 4931 respoudiad
1193 4851 1276 4928 haec,
1300 4852 1486 4912 artificiorum
1508 4848 1609 4908 huma-
