3567 5625
670 443 754 501 Liber
770 444 817 500 IV.
836 445 925 514 caput
941 444 1000 500 vlt
1447 452 1509 511 963
1549 514 1552 521 ,

161 626 278 702 stigavit
300 626 430 685 animam
453 621 491 685 ad
513 623 642 685 laborem
665 622 845 684 indefessum
860 624 1002 701 auxitque
1020 623 1196 685 desiderium
1211 624 1342 701 sciendi;
1364 625 1508 685 breviter:

161 731 214 772 nou
236 714 391 789 inspiravit
413 714 557 784 animum,
580 710 754 771 nonullam
777 710 919 777 dictarum
940 712 988 772 hic
1010 711 1195 786 facultatum,
1219 712 1271 772 sed
1294 714 1410 772 excivit.
1425 706 1465 789 ¹⁶)

241 801 286 859 lix
310 816 368 875 qua
392 800 525 877 exemplo
548 799 633 861 facile
657 802 751 859 cuivis
775 804 865 877 patet,
890 817 977 875 quam
1001 799 1102 877 procul
1125 801 1203 860 absit
1224 802 1262 858 ab
1280 817 1316 860 eo
1339 800 1508 877 astrologia,

161 897 189 947 ut
212 888 250 947 ad
273 890 372 964 capita
393 882 461 960 illa,
490 885 580 963 vulga
610 888 732 964 proponi
761 885 863 946 solitar
894 886 930 945 dc
953 887 1151 962 Parentibus,
1182 888 1219 947 dc
1241 886 1340 959 Scan,
1369 887 1405 947 dc
1428 887 1510 948 aab·

158 980 283 1051 maha,
313 974 349 1033 de
371 974 500 1049 Libera,
528 974 564 1033 dc
585 993 714 1035 numero
743 973 895 1047 varran,
925 974 962 1035 dc
989 974 1162 1051 Religionis,
1193 975 1229 1034 de
1252 973 1441 1050 Magisterio,
1474 975 1510 1035 ds

162 1065 290 1134 Amicis,
313 1063 350 1122 de
373 1062 524 1134 Inimicis,
547 1062 584 1122 dt
605 1062 864 1135 Haereditatibua,
887 1061 924 1121 dc
946 1061 1098 1134 Familia,
1122 1062 1157 1121 de
1178 1061 1381 1143 Reponitur,
1403 1062 1439 1123 de
1462 1064 1510 1120 in·

161 1150 249 1210 linitis
270 1150 337 1210 aliis
360 1166 395 1209 ex
419 1167 477 1209 uua
501 1149 565 1209 solo
589 1149 718 1209 themate
740 1149 925 1225 genethliaco
948 1149 1125 1226 respondere
1147 1160 1249 1210 exacte
1271 1152 1373 1227 possit

240 1238 287 1297 De
309 1241 389 1297 vitae
411 1237 529 1313 quidem
552 1236 743 1313 longitudine,
769 1246 913 1313 quatenus
935 1240 1128 1314 pronunciare
1144 1240 1238 1314 possit
1253 1236 1427 1312 astrologus,
1450 1236 1511 1297 hoc

160 1332 208 1399 est,
231 1342 309 1402 quae
332 1328 438 1383 sitris
461 1325 660 1397 directionum,
684 1323 780 1384 dicam
803 1322 892 1402 paule
916 1333 992 1402 post.
1038 1325 1083 1383 De
1104 1325 1233 1384 Fortuna
1255 1342 1325 1383 vero
1348 1327 1408 1383 uati
1431 1342 1509 1385 nunc

159 1415 276 1473 seorsim
299 1411 410 1488 aliquid
433 1412 587 1472 dicendum
611 1412 707 1486 rideo,
731 1421 961 1473 consentaneum
984 1430 1073 1489 supra
1096 1411 1189 1471 dictis.
1236 1411 1307 1471 'fria
1330 1418 1415 1486 sunt,
1441 1415 1514 1487 qui-¹

159 1502 209 1561 bus
231 1501 284 1559 niti
309 1499 423 1559 ridetur
444 1500 572 1559 huminis
593 1499 718 1574 fartum,
743 1498 840 1577 quoad
864 1500 1024 1559 naturalia:
1049 1501 1172 1573 animus,
1195 1499 1421 1575 physiognomia
1442 1516 1509 1559 cor·

158 1590 235 1665 poris
258 1594 288 1649 et
309 1587 412 1663 genius
434 1587 582 1663 tutelaris;
613 1605 736 1664 qnorum
763 1587 800 1645 de
823 1589 916 1663 primo
945 1604 1031 1647 nemo
1053 1586 1185 1659 dubitat,
1218 1586 1341 1646 alterum
1364 1586 1508 1647 occultius

159 1693 208 1736 nec
231 1678 273 1735 ita
295 1674 385 1751 vulgo
408 1683 509 1735 notum
532 1681 592 1748 est,
616 1674 652 1735 de
674 1676 759 1734 tertio
783 1674 855 1732 nihil
878 1676 934 1734 nisi
958 1676 1141 1750 conjecturas
1163 1675 1266 1734 afferre
1288 1692 1439 1751 pessuma
1462 1674 1508 1734 De

158 1765 247 1841 primo
269 1762 411 1823 hactenus
433 1766 560 1838 egimus,
585 1760 621 1822 ria
644 1764 742 1822 animo
766 1761 895 1833 scilicet,
919 1778 955 1820 ex
979 1778 1038 1839 qao
1060 1778 1155 1821 mores
1178 1761 1355 1839 dependent,
1379 1761 1416 1822 de
1438 1765 1507 1839 qni·

159 1853 209 1910 bns
233 1850 316 1926 vulgi
338 1844 525 1927 prar'erbium
546 1850 645 1908 tritum
668 1856 729 1921 est,
760 1848 840 1924 quod
863 1848 988 1925 quilibet
1009 1852 1047 1908 sit
1070 1849 1203 1910 fananas
1225 1867 1297 1910 suae
1320 1851 1415 1923 faber,
1446 1867 1506 1927 quo

159 1938 232 1999 dicto
262 1956 376 1998 samma
403 1941 493 1997 totins
523 1936 610 2013 hujus
639 1935 843 2013 philosophiae
873 1939 964 2011 partis
987 1939 1161 1997 continetur.
1206 1937 1272 2013 Age
1302 1940 1390 2005 enim,
1417 1953 1507 1996 unum

158 2044 247 2103 genus
269 2029 418 2085 actionum
440 2041 620 2099 mommque,
643 2026 723 2100 prius
747 2025 834 2082 etiam
858 2023 1128 2102 exemploleminae
1144 2031 1263 2098 tactum,
1286 2023 1353 2085 loco
1378 2027 1507 2085 omnium

158 2115 192 2173 eb
214 2112 316 2173 oculos
338 2121 514 2172 statuamus.
562 2113 611 2171 Sic
634 2114 710 2171 enim
733 2119 802 2169 sunt
824 2118 1012 2188 comparatae
1035 2129 1081 2171 res
1105 2113 1264 2184 humanae,
1289 2122 1321 2171 ut
1344 2130 1509 2172 crassorum
1554 2142 1558 2152 ,

156 2210 183 2262 et
202 2199 381 2278 populariter
405 2202 581 2278 sapientium
604 2199 766 2271 hominum,
789 2215 848 2257 nou
871 2201 902 2256 in
920 2199 1010 2275 vulga
1034 2206 1157 2272 tantum,
1181 2200 1338 2260 sedetiam
1361 2202 1392 2259 in
1413 2201 1510 2276 magi·

156 2289 292 2348 abatibus
314 2290 402 2364 inque
425 2304 507 2348 sacra
531 2286 641 2361 ordine,
665 2303 780 2362 semper
803 2304 911 2362 magna
934 2288 1021 2363 copia
1044 2289 1097 2356 sit,
1121 2288 1228 2364 quibus
1252 2289 1382 2361 discreti,
1406 2288 1508 2361 critici,

155 2377 354 2435 reformatores
378 2374 495 2435 molesti
519 2387 587 2434 sunt
607 2391 720 2451 proque
743 2372 995 2451 vitilitigatoribus
1011 2374 1163 2434 habentur.
1211 2373 1249 2435 Ut
1263 2377 1352 2451 igitur
1369 2392 1510 2452 prospera
1567 2368 1569 2375 ’

156 2466 218 2539 quis
242 2470 342 2522 utatur
363 2463 495 2534 famaue,
523 2479 560 2522 ea
583 2461 668 2536 dico,
700 2479 776 2538 quae
806 2469 852 2521 est
879 2480 915 2522 ex
938 2462 1089 2521 hominum
1116 2465 1265 2535 coetibus,
1296 2460 1367 2522 hnic
1399 2465 1453 2522 etsi
1477 2470 1507 2525 et

152 2551 262 2629 judicio
286 2550 322 2610 de
345 2550 505 2609 muralibus
528 2558 607 2608 recto
631 2556 661 2611 et
682 2547 784 2609 labore
807 2547 1009 2625 industriaque
1030 2551 1063 2608 in
1086 2552 1173 2610 rebus
1195 2551 1340 2627 propriis,
1373 2548 1504 2627 avulgo

156 2640 288 2711 secretis,
312 2655 386 2714 opus
409 2639 526 2696 omnino
549 2646 611 2710 est,
636 2645 751 2713 oportet
773 2645 871 2697 tamen
894 2637 993 2697 animo
1016 2637 1201 2714 pinguedinis
1227 2636 1340 2713 aliquid
1363 2654 1428 2697 esse
1451 2637 1507 2697 ad·

156 2729 284 2799 mixtum,
309 2733 424 2801 oportet
445 2742 540 2783 mores
564 2725 590 2784 ei
613 2725 771 2801 populares
793 2723 972 2800 modumque
989 2724 1096 2799 agendi
1118 2724 1210 2784 talem
1232 2742 1306 2798 esse,
1334 2726 1384 2801 qui
1407 2742 1506 2787 crasso

155 2813 264 2892 populu
287 2813 420 2890 placeam
448 2813 537 2874 animi
567 2816 689 2872 nimium
712 2813 836 2872 subtiles
866 2823 895 2872 et
917 2815 1057 2888 inquieti,
1090 2816 1146 2873 nisi
1169 2831 1201 2873 se
1222 2816 1367 2891 recipiant
1392 2814 1422 2870 iu
1446 2814 1504 2872 ali·

154 2920 239 2979 quem
262 2918 409 2961 secessum
431 2899 596 2960 studiorum
618 2900 777 2976 (hoc'ipso
800 2899 931 2979 despecti
954 2909 983 2960 et
1006 2903 1177 2976 contemti),
1207 2918 1304 2961 creare
1327 2902 1384 2960 sibi
1406 2900 1504 2961 solent

154 2991 321 3049 infortunia.
366 2989 471 3066 Itaque
493 2991 518 3048 si
542 2991 609 3065 quis
632 3006 668 3047 ex
692 2987 785 3063 figura
807 2989 881 3048 caeli
905 2989 1093 3065 genethliaca
1121 2988 1305 3064 conjecturas
1327 2988 1418 3048 habet
1439 2989 1504 3047 suf·

154 3077 285 3137 fidentes
315 3076 350 3137 de
373 3076 565 3152 qualitatibus
589 3077 692 3147 animi,
722 3075 920 3151 conjecturam
951 3079 976 3134 is
999 3080 1088 3136 etiam
1119 3075 1155 3136 de
1178 3076 1295 3136 fortuna
1324 3075 1451 3136 hominis
1474 3079 1504 3134 in

154 3182 261 3240 genere
283 3165 371 3223 faciet
392 3180 450 3223 non
473 3167 612 3241 ineptam,
635 3162 688 3223 sed
711 3163 908 3239 conjecturam
931 3163 1024 3223 salam
1049 3172 1257 3242 praetereaque
1280 3153 1367 3238 ¹nihilq
1394 3164 1506 3223 scilicet

151 3251 214 3311 falli
237 3255 325 3312 etiam
341 3251 392 3311 ille
407 3258 513 3329 potest,
536 3253 653 3328 propter
668 3253 863 3310 interventum
884 3249 1010 3329 pluriam
1031 3269 1194 3325 causarum,
1218 3260 1277 3311 tam
1294 3259 1524 3328 supernatura-f

152 3339 240 3410 liam,
270 3357 359 3415 quam
380 3339 565 3399 naturalium.
610 3338 687 3397 Nam
715 3344 749 3398 ut
769 3339 894 3398 alterum
916 3339 1049 3398 fouuuae
1071 3340 1198 3398 bominis
1223 3339 1445 3418 fundamentum
1468 3356 1504 3398 ex

153 3428 352 3505 superioribus
382 3444 546 3499 accersam,
578 3426 776 3501 dignationem
807 3444 847 3486 sc.
878 3426 995 3498 vultus,
1028 3428 1198 3510 imaginatio
1230 3426 1347 3502 quidem
1378 3437 1504 3484 matrum

35 3585 37 3588 ¹
152 3511 310 3592 plurimam
339 3513 428 3589 huius
457 3515 569 3573 confert
600 3514 691 3573 faetui
715 3522 777 3572 toto
800 3516 974 3590 gestationis
997 3521 1142 3590 tempore,
1174 3521 1206 3573 nt
1235 3532 1322 3592 saepe
1346 3513 1505 3574 infelicium

153 3611 306 3680 parentum
329 3599 475 3680 (adeoque
497 3611 527 3662 et
550 3599 674 3660 aliorum
696 3601 845 3659 huminum
869 3600 1089 3673 animalinmve,
1113 3601 1214 3660 crebro
1238 3610 1268 3659 et
1290 3618 1355 3659 cum
1372 3599 1504 3677 emphasi

152 3690 384 3767 praegnantibus
403 3685 637 3767 'obversantium)
668 3696 697 3748 et
726 3688 825 3746 uultus
854 3698 884 3746 et
911 3705 1005 3747 mares
1035 3697 1065 3746 st
1091 3687 1149 3746 illia
1182 3688 1377 3749 fundamentis
1405 3689 1505 3748 innixa

153 3779 270 3837 fortuna
293 3776 454 3837 consimilis
481 3777 671 3834 transferatur
693 3778 723 3833 in
746 3774 867 3834 foetum.
912 3774 971 3834 Sed
1000 3784 1099 3835 tamen
1130 3781 1274 3853 utsupra
1301 3773 1506 3852 paradigmata

36 3911 37 3920 ,
152 3866 294 3926 mentalia
315 3864 413 3924 Procli
436 3863 705 3940 multiplicabantur
727 3864 756 3919 in
779 3862 936 3934 animalia,
961 3863 1078 3943 vitalia,
1101 3862 1236 3936 mobilia,
1265 3862 1440 3941 complicata
1462 3881 1504 3926 sc.

154 3953 227 4014 ideis
250 3956 331 4012 vitae
355 3959 569 4027 motuumque,¹
584 3953 626 4010 sic
650 3952 737 4010 etiam
760 3949 809 4009 hic
831 3950 980 4009 character
1002 3950 1077 4010 coeli
1100 3950 1302 4027 genethliacus
1325 3953 1506 4026 immergitur

154 4042 183 4099 in
206 4043 334 4117 speciem
358 4040 457 4099 vultus
482 4037 597 4099 occulta
619 4040 650 4097 vi
672 4038 822 4098 facultatis
844 4038 1018 4097 formatricis
1041 4040 1267 4115 agnosciturqne
1290 4057 1324 4098 ex
1341 4041 1402 4098 uati
1420 4039 1503 4098 vultu

154 4128 313 4188 occultiore
342 4125 441 4186 adhuc
469 4128 663 4205 spectantium
693 4127 847 4198 instinctu,
880 4125 1043 4203 videasque
1072 4125 1110 4185 ad
1132 4142 1201 4205 eos,
1231 4129 1282 4202 qui
1304 4128 1360 4186 sub
1383 4126 1505 4204 capulus
1545 4172 1549 4182 .

35 4273 37 4282 ,
153 4215 280 4292 plurium
311 4214 496 4291 planetarum
526 4222 595 4274 ante
626 4212 724 4273 Solem
756 4220 916 4272 nascuntur
944 4211 1137 4292 (δορυφοριας
1166 4212 1319 4290 appellant
1352 4210 1505 4290 astrologi)

157 4303 286 4380 copulari
311 4303 415 4374 enam,
447 4301 539 4362 veluti
561 4302 673 4362 fascino
696 4299 838 4376 quodam,
869 4308 969 4360 coatus
1000 4301 1149 4360 bominum
1172 4300 1366 4377 popularium.
1412 4301 1504 4376 Cujus

156 4393 197 4450 rei
219 4389 386 4468 exemplum
408 4389 446 4448 ad
468 4401 584 4449 omnem
606 4390 786 4465 posteritatis
801 4390 971 4447 memoriam
987 4387 1220 4448 commendatum
1243 4388 1341 4448 videre
1357 4394 1402 4448 est
1425 4386 1505 4464 apud

156 4476 236 4537 Hier.
260 4476 427 4538 Gardauum
449 4480 479 4535 in
502 4477 603 4553 genesi
627 4475 763 4535 liutherir
777 4470 817 4549 ¹⁷)
840 4493 1008 4551 quanquam
1031 4492 1138 4535 causae
1153 4483 1250 4534 motus
1272 4474 1383 4552 publici
1404 4475 1504 4552 plnres

156 4571 370 4628 concurrerunt.
416 4563 474 4638 Qui
497 4567 540 4623 sic
562 4570 721 4623 nascuntur
744 4558 929 4645 (quanquam
960 4580 1018 4621 uon
1040 4580 1099 4621 una
1122 4572 1201 4623 certa
1229 4564 1322 4624 forma
1345 4564 1504 4641 praescribi

155 4656 275 4731 potest),
297 4654 457 4730 plurimum
480 4653 500 4710 ii
523 4651 624 4711 valent
646 4653 820 4710 auctoritate
843 4649 922 4727 apud
945 4650 1099 4727 populum,
1125 4650 1281 4728 plurimum
1304 4651 1450 4727 suffragiis
1473 4651 1502 4708 iu

157 4741 287 4814 consilio,
313 4741 470 4819 plurimam
492 4741 589 4816 gratia
612 4737 690 4813 apud
713 4739 858 4814 principes
881 4739 963 4814 reip,
990 4729 1116 4814 quoram
1140 4738 1258 4814 quidem
1279 4745 1309 4800 et
1330 4747 1435 4798 natura
1456 4753 1504 4797 re·

155 4829 294 4906 spondet,
326 4831 428 4904 itaque
460 4844 549 4904 saepe
571 4827 688 4885 fortuna
716 4831 776 4885 stat
797 4843 816 4885 a
837 4827 970 4903 partibus
993 4827 1141 4901 immeriti,
1170 4844 1266 4904 neque
1299 4826 1367 4886 aliis
1389 4825 1503 4887 idoneis
