3567 5625
716 1300 1001 1416 ιιιιιιιι
1195 1473 1198 1480 ¹

466 1521 522 1593 Ad
549 1521 774 1595 Harmonioes
801 1521 919 1596 Mundi
948 1523 1089 1597 librum
1118 1525 1155 1596 V.
1165 1515 1209 1616 811)

761 1686 910 1744 continens

254 1845 258 1853 ’
295 1829 340 1889 Ol.
365 1830 528 1891 Ptolemaei
551 1828 794 1891 Harmonioorum
818 1832 924 1893 Hbrnm
947 1833 1041 1895 llis
1063 1851 1126 1912 cap.
1150 1833 1205 1894 Ill.
1229 1832 1386 1894 adfinem.

162 2015 314 2086 Interprete
331 2016 350 2071 J
357 2031 465 2071 osnno
482 2016 646 2088 Keplero,
666 2035 683 2074 a
700 2035 755 2088 qno
773 2020 855 2075 ctiam
873 2020 926 2076 tria
943 2020 1039 2078 ultime
1057 2022 1147 2091 capita
1164 2020 1235 2089 libri,
1254 2037 1368 2104 qnorum
1386 2022 1514 2078 lemmata

340 2103 400 2159 sols
417 2103 590 2160 Ptolemaeus
608 2104 726 2175 reliquit,
744 2106 820 2162 velut
838 2124 872 2162 ex
891 2116 982 2165 mente
1001 2107 1149 2165 Ptolemaei
1167 2108 1338 2180 supplentur.

162 2242 225 2297 llum
244 2244 317 2299 notis
336 2259 384 2298 sen
402 2245 600 2300 commentariis
618 2245 740 2314 ejusdem
757 2246 930 2317 interspersis
949 2254 997 2303 aut
1019 2256 1083 2317 post
1100 2248 1182 2304 finem
1200 2248 1298 2319 capitis
1317 2247 1450 2318 cujusque
1468 2249 1514 2304 ad·

157 2330 252 2402 jnctis,
270 2328 370 2400 qudrns
389 2339 484 2386 auctor
509 2330 552 2387 vel
576 2331 728 2402 explicatur
746 2334 789 2388 vel
811 2334 961 2404 refutatur,
989 2335 1031 2389 vel
1048 2335 1117 2403 ‘ejus
1134 2335 1244 2390 inventa
1262 2353 1323 2391 cum
1341 2337 1516 2405 praecedenti

535 2434 616 2490 opere
632 2421 808 2477 Harmonioes
826 2422 923 2478 Mundi
941 2430 1141 2492 comparantur.

840 2565 936 2616 Seneca
952 2542 1010 2617 Nat.
1029 2569 1122 2628 quaest.
1140 2565 1186 2618 lib.
1201 2566 1260 2614 uu
1279 2561 1466 2629 capta-31.

330 2699 426 2757 Vestes
442 2705 555 2771 temporo,
573 2716 701 2771 quon..
719 2701 794 2772 quoti
809 2702 1168 2773 metensomatosi
1183 2702 1283 2760 uocat
1300 2709 1348 2758 etc.

441 2869 527 2941 cum
550 2869 589 2941 ’8.
614 2870 654 2940 C.
681 2868 722 2941 ll.
748 2870 936 2961 Privilogio
956 2871 1010 2944 ad
1037 2891 1146 2944 annos
1172 2871 1239 2944 llV.

485 3050 490 3059 '
557 3053 597 3105 N
608 3055 745 3104 sxcndsbat
759 3054 792 3105 ld.
811 3056 841 3108 it.
878 3056 952 3106 Anno
971 3054 1113 3107 unum.

728 3502 870 3575 conor
897 3501 967 3603 ur„

236 3645 303 3701 Sub
321 3647 412 3716 quod
430 3662 537 3702 rernm
555 3661 662 3717 genus
679 3644 861 3701 referenda
878 3644 924 3701 sit
943 3650 1067 3699 ustura
1086 3659 1145 3700 scn
1163 3645 1215 3700 vis
1230 3640 1437 3703 harmonica

294 3748 300 3756 ’
645 3735 792 3804 ejusque
816 3733 1012 3788 scientia.1t

249 3877 336 3954 Quod
365 3881 455 3956 igitur
476 3888 589 3940 tratura
610 3880 794 3941 harmonicae
825 3874 1175 3956 contemporaneorum,
1205 3896 1295 3955 quam
1323 3879 1382 3941 lato
1413 3887 1514 3959 patent

154 3966 224 4041 jura
248 3976 352 4027 cantus
374 3969 506 4027 concinni
528 3970 570 4028 sic
594 3968 673 4048 dicti,
695 3970 756 4027 suis
779 3968 902 4044 propriis
925 3966 1161 4044 proportionibus
1185 3975 1214 4027 et
1227 3958 1336 4043 ondins
1354 3971 1389 4025 iis
1406 3977 1513 4026 unam·

145 4053 301 4131 -qnodque
324 4058 522 4116 contineatur:
552 4058 685 4116 existimo
706 4054 747 4114 ad
775 4054 897 4131 longum
920 4063 949 4113 st
971 4053 1149 4115 sufficienter
1172 4072 1191 4114 a
1211 4073 1259 4114 me
1282 4054 1511 4123 demonstramus

155 4141 267 4216 inisse,
291 4151 324 4200 ut
345 4147 369 4202 si
385 4145 452 4220 quis
474 4160 561 4219 sopor
576 4145 794 4221 suppositorum
814 4141 1051 4221 probabilitatem
1067 4142 1155 4201 etiem
1170 4142 1336 4218 regularum
1355 4139 1415 4216 1¹¹),
1439 4144 1513 4219 otras

153 4229 262 4289 ordine
285 4247 340 4289 suo
363 4230 553 4305 tradidimus,
575 4248 661 4290 usum
684 4230 835 4308 explorare
858 4240 888 4290 st
911 4246 998 4309 opero
1022 4231 1087 4308 ipso
1111 4232 1235 4309 experiri
1257 4229 1414 4304 studuerit,
1434 4230 1512 4307 apud

154 4317 238 4377 hunc
259 4316 343 4377 nulla
363 4336 517 4396 superesse
539 4321 632 4396 possit
654 4318 820 4390 haesitatio,
844 4318 915 4394 quio
939 4334 990 4393 per
1005 4333 1106 4378 omnes
1122 4317 1185 4393 ejus
1208 4320 1322 4393 species
1337 4318 1514 4378 sufficienter

153 4407 267 4465 nonnis
291 4406 528 4465 concussionibus
550 4413 720 4467 attestatum
742 4422 861 4465 sensum
884 4403 1003 4464 auditus
1026 4402 1258 4480 deprehenderit.

245 4506 354 4561 notat
392 4506 459 4560 Οιιιιι
481 4505 622 4574 ambiguae
644 4506 699 4560 siut
723 4518 804 4559 voces
827 4519 934 4572 genos
958 4517 1066 4557 rernm
1090 4501 1175 4557 atris
1194 4517 1242 4557 son
1260 4503 1414 4561 facultas
1432 4506 1512 4561 her·

152 4584 293 4640 monica
318 4590 347 4640 st
372 4591 496 4640 natura
522 4582 862 4653 contemperationis
889 4582 1120 4650 harmonicae,
1147 4597 1203 4650 qna
1221 4597 1288 4639 voce
1315 4599 1365 4654 ego
1389 4585 1514 4654 expressi

153 4678 285 4732 grassum
306 4683 355 4717 wo
370 4663 550 4735 ἢρμυσμιινιιυ,
576 4663 640 4718 hino
667 4663 836 4717 occasionem
864 4676 916 4732 ego
942 4661 1027 4716 snmsi
1054 4660 1258 4717 scribendorum
1283 4664 1405 4732 priorum
1431 4664 1513 4720 trium

153 4740 203 4798 lib.
219 4742 271 4797 iu.
289 4741 420 4810 sapitur.
455 4743 524 4799 Nam
541 4758 603 4798 cum
619 4742 727 4812 quaerit
743 4741 934 4810 Ptolemaeus,
960 4741 993 4795 in
1022 4756 1087 4809 qno
1114 4757 1240 4811 genero
1257 4742 1416 4812 ponenda
1432 4743 1512 4798 har·

150 4822 305 4893 monice,
332 4819 429 4877 raldo
445 4821 602 4878 delinitione
619 4820 725 4890 quast-it
750 4820 932 4885 harmonicas,
959 4820 1026 4889 quia
1048 4834 1135 4889 mnus
1153 4818 1337 4877 definitionem
1352 4819 1513 4890 ingreditur,

153 4899 200 4956 rel
220 4900 256 4956 de
273 4900 422 4971 subjectis,
450 4901 478 4956 in
496 4901 594 4971 quibus
612 4900 768 4956 harmoniae
794 4897 999 4955 accidentaliter
1025 4899 1133 4965 insum,
1160 4900 1200 4954 sic
1215 4904 1247 4955 ut
1264 4913 1355 4968 nequo
1367 4899 1513 4959 ¹liar-rnoula
