3567 5625
692 424 775 482 Liber
791 424 838 480 iv.
858 424 947 495 Gsput
963 426 985 482 1.
1451 436 1515 498 215

162 610 289 670 moelem
311 608 551 688 symphoniarum
574 604 679 666 artilex
701 607 780 665 intus
803 607 833 663 in
855 608 953 666 suimo
975 624 1030 668 sue
1051 606 1184 668 meditsri
1200 608 1417 670 harmoniarum
1440 609 1515 672 dua·

162 715 221 757 rum
243 697 410 775 pluriumve
433 710 556 770 uocum,
587 711 661 772 quus
692 702 788 754 minen
818 695 974 753 introrsum
1004 710 1061 754 non
1086 698 1203 774 recipit3
1229 705 1268 756 ,at
1291 698 1342 758 ills
1362 698 1516 760 harmonia

161 801 218 845 noo
241 796 289 845 est
310 783 362 844 illo
385 791 453 844 ectu
476 782 610 855 sensilis,
634 798 690 841 uos
712 799 782 841 vero
805 778 842 840 de
865 779 981 842 sensilis
1003 786 1132 843 essentia
1154 783 1309 861 loquimur.

246 870 352 946 Qualis
375 889 446 931 uero
469 878 514 931 est
536 869 588 929 illa
610 868 764 946 receptio?
794 885 889 928 nonne
912 872 993 944 soni,
1018 877 1050 928 ut
1072 872 1207 949 exemplo
1230 875 1338 931 notiori
1362 878 1428 932 utar
1449 872 1515 935 loco
1564 948 1567 953 Α

162 961 307 1032 omnium,
338 965 469 1036 perstant
491 958 561 1018 loris
584 962 665 1017 extre
697 973 783 1016 aures
806 957 834 1013 in
858 959 943 1030 ebro,
972 964 1092 1017 stante
1115 975 1203 1019 sonos
1233 967 1329 1019 motus
1352 976 1515 1038 corporum,

162 1046 347 1123 adquorum
371 1047 565 1123 quantitatem
588 1046 652 1103 soni
675 1042 858 1120 sequuntur?
880 1059 977 1103 nonno
1000 1045 1021 1101 ii
1044 1054 1163 1105 manent
1186 1049 1214 1103 ln
1236 1049 1299 1106 suis
1322 1049 1516 1125 corporibus?

162 1132 310 1210 quomodo
341 1151 412 1211 ergo
440 1131 665 1211 ingrediuntur?
709 1128 901 1208 Respoudco,
931 1135 1038 1208 purtim
1069 1133 1199 1210 agendo,
1227 1137 1333 1211 partim
1355 1136 1514 1212 petiend03

162 1221 292 1299 agendo,
323 1222 393 1281 dum
416 1223 528 1299 species
551 1221 704 1293 emittunt,
734 1219 852 1296 pulssta
874 1228 972 1279 motus
995 1222 1058 1299 soi,
1086 1237 1189 1292 sonos,
1223 1222 1322 1282 lueida
1344 1222 1462 1283 luminis
1486 1232 1516 1284 et

161 1309 265 1369 eoloris
287 1310 349 1383 sui,
380 1309 496 1378 radios,
527 1317 556 1367 et
577 1310 655 1367 sicut
676 1305 837 1383 loquimur,
868 1324 934 1365 cum
960 1307 1076 1383 objecta
1099 1307 1222 1369 dicimus
1252 1327 1371 1370 movere
1394 1327 1515 1387 sensus3

130 1398 134 1407 '
160 1414 278 1457 movere
302 1413 372 1458 vero
396 1403 441 1456 est
462 1412 564 1472 agere,
595 1393 734 1472 patiendo
765 1410 834 1453 sero
864 1410 923 1452 non
950 1396 1040 1477 'ipsse
1066 1412 1255 1472 respersu,
1286 1396 1337 1458 sed
1360 1398 1514 1475 speciebus

161 1487 234 1557 suis,
265 1501 343 1562 quae
373 1483 441 1543 durn
464 1486 643 1555 sentiuntur,
675 1489 888 1554 memorantur,
919 1492 1139 1561 comparantur,
1170 1502 1285 1563 semper
1308 1485 1421 1561 aliquid
1451 1488 1514 1564 pati

162 1572 329 1632 debentes
351 1588 408 1631 usu
430 1570 577 1648 loquendi.
623 1570 661 1628 iit
683 1571 801 1629 omnino
827 1567 902 1629 baec
924 1571 988 1646 ipsa
1010 1571 1134 1629 duorum
1163 1576 1352 1633 terminorum
1374 1573 1514 1634 adunatio

163 1662 189 1718 in
212 1663 329 1734 auimo,
357 1677 409 1740 per
431 1674 519 1735 quem
541 1656 664 1718 resultat
686 1657 812 1717 essentis
835 1656 1004 1717 barmoniae
1027 1658 1190 1739 sensibilis,
1218 1662 1312 1736 ipsum
1334 1661 1446 1722 scilicet
1467 1678 1515 1722 re·

160 1747 224 1807 terri
255 1753 287 1806 et
318 1748 478 1825 comparari
509 1753 554 1806 est
579 1745 668 1805 rebus
693 1743 816 1821 junctim
839 1747 943 1803 srrmtis
973 1742 1032 1804 tale
1054 1748 1221 1823 quippiam,
1253 1746 1341 1822 qusle
1364 1750 1515 1828 quippiam

160 1842 201 1894 set
221 1835 312 1895 rebus
335 1834 457 1910 singulis
479 1833 581 1905 videri
605 1829 708 1904 audiri,
733 1847 827 1907 eoque
848 1831 944 1890 minus
960 1834 1057 1891 etiam.
1103 1832 1178 1892 Sunt
1199 1836 1306 1913 quippe
1328 1834 1515 1897 haecomnia

160 1925 314 2001 passiones
338 1921 500 1999 qusedam,
522 1919 575 1980 scd
596 1920 759 1996 aequivoce
782 1917 892 1989 diuae,
915 1936 1022 1995 msgno
1045 1920 1267 1997 significationis
1289 1923 1411 1986 ambitu.

246 2008 307 2070 Sed
330 2011 542 2070 constituamus
564 2006 671 2083 grsdm
694 2009 872 2085 passionum.
917 2006 1046 2066 Primum
1076 2011 1186 2085 patitur
1209 2011 1292 2070 verbi
1315 2027 1405 2071 causa
1426 2028 1516 2091 aque,

160 2114 224 2157 cnm
255 2096 374 2173 egelida
403 2099 530 2156 existens
559 2095 678 2171 ignibus
706 2094 832 2153 admotis
864 2095 996 2171 tepescit
1043 2094 1124 2155 Alter
1145 2097 1329 2172 significatus
1358 2101 1420 2176 pati
1442 2098 1514 2158 dicit

160 2184 321 2257 humorem,
345 2200 411 2243 cum
433 2182 544 2260 aliquid
575 2183 638 2259 egit
659 2184 735 2259 ipse,
760 2181 823 2240 scil.
845 2181 1042 2243 humectando
1069 2182 1164 2255 suda,
1196 2200 1264 2243 nam
1286 2202 1355 2263 pars
1377 2185 1442 2262 ejus
1464 2184 1514 2246 ia·

159 2276 236 2349 pitur
258 2274 288 2330 in
313 2281 427 2331 mestus
449 2274 588 2331 exsiccati
612 2271 699 2346 eique
720 2270 873 2340 miscetur,
905 2268 985 2345 quod
1014 2279 1058 2329 est
1079 2272 1156 2346 pati,
1186 2274 1230 2331 sic
1252 2278 1282 2331 et
1304 2273 1415 2350 patitur
1436 2290 1515 2349 equa

160 2378 224 2419 eum
247 2368 399 2436 gustetur,
430 2366 541 2436 partem
565 2359 642 2417 enirn
666 2355 790 2432 deglutit
812 2357 981 2417 siticulosus
1005 2356 1177 2434 digeritque.
1224 2358 1282 2427 Sed
1312 2361 1399 2420 tertio
1425 2363 1514 2421 etism

159 2448 323 2524 significatu
348 2449 457 2524 potitur
479 2461 557 2521 aque
579 2447 608 2502 iu
632 2451 759 2519 gustatu,
782 2460 847 2502 curu
870 2463 888 2503 a
911 2444 1012 2520 lingua
1033 2446 1137 2505 saltem
1162 2449 1346 2521 contingitur,
1370 2464 1429 2507 non
1446 2456 1514 2508 tao·

128 2574 132 2577 ⁷
158 2542 220 2594 tum
243 2538 315 2611 qnia
337 2535 456 2611 liuguae
479 2533 576 2592 calore
599 2531 704 2602 celent,
728 2548 794 2589 com
815 2533 881 2609 ipsa
901 2548 956 2590 suo
979 2531 1085 2608 frigore
1107 2532 1238 2609 linguam
1260 2534 1435 2611 irigeiaciat,
1458 2552 1513 2596 nec

159 2630 273 2683 tantum
296 2621 372 2695 ideo,
397 2622 467 2697 quia
481 2619 582 2680 baeret
603 2615 716 2695 aliquid
738 2634 833 2694 oquae
855 2621 884 2676 in
907 2618 1016 2695 lingua,
1040 2619 1092 2679 sed
1107 2620 1278 2698 simpliciter
1299 2624 1371 2699 qnia
1385 2624 1514 2700 tangitur

158 2711 317 2788 alinguu,
347 2708 426 2786 quod
449 2715 493 2767 est
521 2708 606 2784 qnasi
628 2707 777 2765 lenissime
807 2706 883 2764 leniri
913 2716 964 2765 aut
994 2704 1103 2783 pulsari
1133 2716 1185 2767 aut
1206 2709 1332 2786 impelli,
1361 2709 1439 2771 unde
1468 2718 1514 2771 est

159 2806 256 2859 motos
279 2796 382 2859 localis
404 2798 531 2874 portium
560 2797 588 2853 in
611 2802 692 2868 toto;
715 2796 827 2853 moveri
848 2809 919 2853 vero
942 2800 986 2853 est
1007 2797 1080 2871 pati.
1126 2792 1255 2870 Quartus
1277 2804 1340 2858 esto
1363 2797 1514 2876 significa-
1620 2804 1624 2809 '

159 2894 224 2958 tus,
256 2903 319 2964 quo
340 2888 401 2964 psti
426 2884 532 2944 dicitur
553 2898 645 2959 aqna,
676 2898 740 2940 cum
769 2883 875 2941 emisso
899 2898 1008 2959 vapore
1034 2882 1100 2941 ierit
1126 2901 1211 2944 neres
1241 2884 1423 2963 odoratuque
1446 2903 1513 2964 per·

161 2977 276 3051 cipitur,
299 2974 408 3051 percipi
432 2978 530 3031 sutem
552 2977 597 3030 est
618 2972 696 3047 petit
727 2979 756 3028 et
778 2968 827 3028 bic
848 2969 968 3046 quidem
990 2972 1100 3046 patitur
1125 2988 1184 3029 uon
1207 2974 1284 3049 ipsa,
1315 2972 1367 3031 sed
1390 2974 1513 3034 effluxus

158 3062 222 3138 ejus
245 3077 418 3139 corporeus,
448 3076 507 3134 qus
529 3059 667 3134 passione
690 3059 779 3115 etiam
800 3057 963 3116 absumitur
993 3056 1058 3133 ejus
1079 3058 1200 3134 aliquid.
1247 3059 1373 3136 Quintus
1395 3060 1512 3138 medus,

159 3166 217 3225 quo
241 3151 305 3226 peti
328 3147 502 3223 intelligitur
524 3162 610 3221 aqua,
633 3161 700 3203 curn
722 3147 860 3222 strepitus
883 3145 948 3221 ejus
968 3143 1101 3204 cuditur:
1125 3148 1249 3223 primum
1265 3150 1341 3208 euim
1358 3151 1422 3226 ipsa
1436 3166 1514 3226 aqua

160 3239 187 3294 io
212 3245 297 3296 motu
322 3243 379 3308 est,
411 3233 516 3294 deiude
543 3234 656 3310 species
680 3235 873 3292 immateriuta
899 3249 1011 3308 aquae,
1045 3240 1078 3292 nt
1104 3241 1254 3308 moretur,
1284 3235 1454 3295 diffunditur
1476 3237 1513 3296 ab

159 3327 224 3402 ipsa
254 3327 286 3381 in
317 3339 431 3382 omnem
459 3321 602 3381 ambitum
628 3322 823 3397 recipiturque
853 3322 883 3378 in
906 3327 1020 3380 meatus
1049 3322 1181 3397 surium3
1209 3321 1284 3383 boec
1312 3326 1442 3401 receptio
1470 3332 1515 3384 est

161 3411 260 3489 pa'ssio
285 3427 342 3469 uon
365 3412 458 3487 ipsius
480 3425 594 3486 aquae,
625 3408 676 3466 sed
699 3409 806 3484 speciei
829 3406 907 3483 ejus,
930 3423 982 3467 seu
1006 3405 1140 3467 defluxus
1163 3409 1227 3484 ejus
1250 3412 1453 3484 immateriati,
1481 3403 1515 3471 'et

28 3515 36 3540 ¹
159 3501 187 3557 in
217 3500 277 3558 inse
306 3499 472 3576 receptione
501 3495 670 3572 deperditur
699 3495 810 3571 aliquid
838 3503 967 3572 tempore
1005 3502 1035 3555 et
1061 3495 1278 3575 multiplicitate
1304 3499 1514 3575 receptionum.

158 3586 233 3646 liam
256 3586 390 3646 obtusior
412 3590 457 3644 est
478 3599 583 3656 sonus,
614 3585 664 3659 qui
686 3600 811 3658 magnae
832 3581 1027 3641 multitudinis
1056 3584 1175 3643 auribus
1205 3592 1257 3644 aut
1279 3585 1413 3645 vestibus
1434 3588 1514 3646 acci·

159 3674 210 3745 dit,
233 3680 288 3732 sut
310 3673 360 3749 qui
384 3674 459 3732 intes
480 3673 565 3730 nives
587 3669 756 3731 decidentes
780 3671 929 3729 emittitur.
975 3668 1077 3742 Sexto,
1102 3672 1189 3729 etism
1213 3689 1277 3731 cum
1290 3672 1406 3732 videtur
1428 3675 1515 3750 uque,

158 3762 268 3821 deutur
291 3759 417 3836 aliquid:
442 3760 548 3818 emittit
569 3775 598 3816 n.
622 3776 640 3816 a
663 3757 815 3836 superficie
840 3755 884 3815 vel
909 3758 1004 3830 quusi,
1026 3759 1161 3816 nimirum
1184 3757 1368 3820 acoloribus
1390 3763 1460 3835 suis,
1484 3764 1514 3819 ln

160 3858 303 3928 pusntum
326 3848 469 3919 colorata,
494 3846 591 3905 radios
614 3844 652 3905 ad
675 3839 806 3917 oculum,
830 3846 880 3920 qui
903 3842 976 3903 radii
998 3851 1172 3922 tanguntur,
1196 3850 1441 3924 repercutiuntur,
1465 3865 1513 3910 re·

159 3939 347 4014 qringnrrtnr,
372 3941 515 4010 cegontm
536 3932 573 3992 ad
596 3942 745 4009 punctum,
769 3933 952 4010 excipiuntur
974 3933 1151 3993 eretiiormi
1175 3936 1273 3995 tunica
1296 3938 1405 4007 coacti,
1438 3952 1514 4011 quse

158 4026 269 4085 lemnia
282 4030 350 4083 sunt
365 4023 517 4101 passiones
539 4037 597 4080 nou
613 4022 705 4099 ipsius
729 4037 832 4097 aquae,
856 4018 908 4079 sed
930 4021 1039 4096 speciei
1057 4021 1269 4081 immateriatac
1290 4039 1342 4082 sen
1358 4022 1513 4112 radioqum.

163 4112 199 4172 Et
220 4112 252 4171 bi
275 4110 350 4171 radii
368 4111 432 4186 J'sm
453 4112 482 4167 in
506 4109 562 4168 bac
583 4111 750 4187 receptione
772 4107 844 4166 nibil
867 4104 1006 4186 perdunt,
1034 4125 1130 4184 neque
1152 4106 1225 4168 locis
1247 4126 1342 4186 neque
1365 4118 1513 4190 tompore;

161 4207 273 4260 remoto
296 4200 374 4258 enirn
401 4197 479 4273 quod
504 4199 613 4273 tangit,
645 4203 769 4274 pergunt
798 4194 922 4255 ulterius
951 4197 1069 4270 penitus
1100 4195 1221 4269 illibati,
1251 4197 1330 4274 quod
1363 4215 1422 4258 non
1445 4199 1515 4259 iacit

162 4305 258 4347 sonus.
305 4285 447 4368 Septimo,
471 4291 626 4362 postquam
649 4285 705 4344 bae
728 4285 841 4361 species
867 4284 1022 4359 ipsumque
1045 4282 1120 4343 adeo
1149 4299 1253 4361 corpus
1276 4302 1372 4360 squas
1394 4286 1424 4343 in
1448 4302 1514 4344 cor·

27 4379 45 4446 ,¹
161 4392 249 4453 porea
272 4385 410 4431 sensuum
433 4375 627 4431 instrumenta
648 4375 728 4450 prius
751 4370 862 4447 aliquid
886 4377 1022 4446 egerunt,
1047 4370 1096 4428 illa
1117 4387 1157 4429 sc
1181 4372 1237 4431 sibi
1260 4373 1445 4431 conformiter
1466 4371 1513 4431 ai·

162 4463 291 4524 iecerunt
319 4460 434 4535 sibique
458 4459 673 4532 assimilsrunt,
705 4466 737 4518 ut
767 4464 797 4518 et
818 4457 936 4533 linguae
967 4465 996 4516 et
1019 4459 1093 4516 cutis
1122 4459 1340 4517 membranulae
1371 4459 1462 4534 frigus
1485 4468 1514 4519 et

163 4563 304 4628 superem,
327 4549 440 4607 narium
462 4547 581 4623 spiritus
604 4545 723 4607 odorem
747 4546 935 4623 perceperint,
958 4545 1077 4620 spiritus
1093 4543 1229 4604 auditorii
1245 4545 1310 4621 eJus
1332 4548 1430 4605 sonito
1445 4562 1514 4623 per·

108 4628 114 4639 ’
164 4644 306 4714 strepunt,
336 4637 438 4694 risorli
470 4635 533 4710 ejus
560 4634 625 4693 luce
650 4632 828 4705 colluceant,
858 4633 961 4706 itaque
982 4637 1069 4709 typus
1099 4639 1128 4690 et
1156 4634 1266 4709 species
1290 4633 1354 4709 ejus
1383 4635 1515 4694 sensoria

164 4725 247 4784 llrerit
268 4723 402 4795 formata,
426 4739 514 4799 quum
537 4722 615 4780 oculi
638 4727 716 4781 certe
740 4722 973 4796 circumpectum,
997 4721 1085 4779 etium
1109 4720 1208 4781 ablata
1223 4719 1284 4788 ills,
1308 4737 1397 4799 saepe
1419 4722 1512 4781 invito

165 4811 298 4871 bomine:
318 4810 382 4886 jam
403 4809 460 4869 boe
482 4811 596 4887 species
619 4808 740 4869 sensiles
762 4807 801 4868 ab
824 4824 963 4868 sensuum
985 4808 1140 4867 vestibulis
1162 4826 1212 4869 seu
1236 4807 1354 4868 orificiis
1368 4807 1514 4886 reciplunss·

166 4907 219 4958 tur
239 4901 397 4959 mnenon
422 4899 556 4976 pervim
583 4898 861 4975 repraesentativum
893 4912 946 4956 scu
968 4895 1197 4977 pomtuucuu,
1229 4905 1444 4978 cognoscuntur
1463 4913 1516 4984 per
