3567 5625
767 443 908 517 Apologia
1449 455 1512 519 aaa

161 627 357 703 argumentis,
390 624 486 684 solnm
509 624 556 684 vel
579 625 733 684 affirmanti
764 623 812 683 vel
835 627 954 699 neganti
974 642 1028 701 pro
1051 627 1155 686 lubitu.
1203 628 1433 692 Auctoritatibus
1457 648 1512 708 ego

161 713 405 791 philosophorum
432 721 499 772 utor
527 715 643 788 quoues
671 728 789 788 possum
820 722 851 768 et
871 714 986 787 quoties
1009 712 1045 773 de
1068 716 1103 771 iis
1133 713 1205 772 mihi
1227 725 1356 792 conatam
1390 718 1459 793 quid
1482 722 1513 778 in

162 803 307 876 religione
328 803 421 859 secuti
443 800 606 874 sint,¹nihil
629 799 667 858 ad
691 799 766 857 harro
787 798 1017 876 philosophiam,
1042 802 1179 875 quamdiu
1203 801 1342 877 dogmata
1365 805 1513 881 religionis

163 907 222 947 non
248 890 419 948 immiscent
465 887 511 946 Tu
535 889 790 963 inaequalissimus
811 903 889 946 nunc
912 903 1065 949 succenses
1083 891 1239 965 excipienti
1261 899 1363 952 cornera
1384 896 1513 969 auetori-

161 987 255 1049 tates‚
279 977 329 1033 ubi
353 977 482 1034 canones
496 984 629 1050 cogunt,
657 992 734 1032 nunc
758 991 857 1033 omnes
880 983 1014 1033 auctores
1036 975 1133 1049 rejicis
1156 993 1221 1036 eum
1245 979 1405 1037 stomacho.
1451 981 1512 1039 Ex·

161 1065 287 1123 scribam
311 1073 362 1121 tua
383 1063 432 1122 hie
455 1063 560 1121 verba:
596 1061 674 1138 Lepi.
698 1068 726 1119 ct
753 1061 845 1136 relegi
874 1064 1011 1124 omnium
1043 1061 1230 1124 ethnicorum
1256 1068 1370 1140 scripto
1400 1066 1456 1128 huc
1478 1071 1511 1127 in

159 1170 202 1222 rc,
226 1169 282 1209 nec
304 1149 479 1207 indecorant
500 1150 621 1209 doctior.
668 1146 745 1223 Quid
768 1148 837 1206 mihi
862 1147 987 1215 diceres,
1016 1152 1041 1208 si
1064 1150 1139 1209 hanc
1161 1160 1241 1208 trram
1271 1155 1429 1212 orationem
1453 1158 1511 1215 tuis

161 1241 254 1315 ipsius
277 1238 374 1296 verbis
395 1236 576 1298 retrrnderem
600 1254 636 1294 ex
657 1237 766 1312 pagina
789 1247 840 1294 tua
866 1239 921 1294 15:
952 1236 1037 1296 Deus
1066 1238 1141 1295 bons
1163 1245 1314 1312 qnantum
1336 1248 1378 1300 eri
1399 1244 1434 1300 in
1454 1243 1510 1302 ho·

160 1329 242 1384 mine
273 1329 328 1383 islo
357 1326 472 1424 ingenii
501 1341 648 1397 nomnen,
679 1325 733 1399 qni
762 1327 795 1380 in
818 1331 976 1384 tenatorum
998 1328 1136 1384 chorum
1162 1325 1323 1386 ,marinae
1344 1329 1512 1389 medullam

156 1421 228 1488 port
256 1420 299 1471 tot
319 1413 420 1471 reads
444 1413 513 1482 inan
535 1412 638 1485 elapsa
668 1412 792 1485 irrepsit
818 1417 909 1486 utque
928 1415 1115 1486 penetrauit,
1150 1420 1185 1470 ut
1207 1413 1329 1473 tandm
1359 1417 1511 1478 mnndum

160 1501 200 1559 nb
229 1499 385 1559 erroribus
413 1505 478 1555 tam
505 1497 560 1556 diu
590 1497 751 1557 lutenhbns
784 1515 920 1575 purpure
949 1503 1060 1574 qucoll
1047 1500 1168 1558 rtur
1190 1518 1285 1575 quum
1316 1519 1420 1577 arcam
1448 1506 1512 1590 suit

161 1589 272 1647 mundi
295 1588 417 1661 neapol
437 1586 617 1659 speculatio,
646 1584 728 1660 qnod
748 1593 819 1644 onte
841 1587 896 1645 hoc
917 1592 1034 1660 tempor
1064 1589 1099 1646 iar
1121 1594 1254 1646 vaurum
1277 1606 1392 1649 amores
1413 1593 1511 1667 inspi-
1576 1575 1584 1588 ’

118 1685 121 1692 “
162 1694 226 1734 cere
247 1692 312 1733 non
331 1672 489 1748 punenii?
532 1671 616 1731 Haec
637 1687 726 1746 supra
748 1690 766 1731 a
790 1684 818 1730 te
841 1675 997 1748 propinata
1025 1682 1054 1732 et
1077 1692 1094 1732 a
1117 1691 1163 1732 me
1186 1674 1326 1735 devorata
1354 1693 1432 1736 nunc
1455 1696 1510 1764 ego

162 1763 213 1822 tibi
243 1777 360 1837 rogero,
394 1777 452 1818 non
484 1769 516 1817 ut
537 1760 593 1818 tibi
621 1759 700 1820 dicta
731 1760 832 1834 velim,
867 1759 920 1818 sed
949 1768 980 1818 ut
1003 1759 1107 1820 eadem
1130 1760 1200 1820 mihi
1229 1779 1286 1820 non
1317 1781 1383 1824 ineo
1406 1769 1509 1825 merito

46 1849 52 1852 ’
162 1851 240 1909 dicta
262 1864 464 1922 recognoscas

249 1938 276 1994 Α
301 1934 412 1993 diluvio
436 1934 557 1994 Noe'tico
582 1933 606 1991 si
630 1932 696 1992 lieet
719 1935 916 2007 argumentari
938 1940 1039 1994 eontra
1057 1933 1281 2012 philosophiam,
1305 1953 1409 1996 canem
1432 1951 1509 1998 aun·

161 2041 250 2099 quam
274 2024 429 2098 quisquam
452 2021 692 2098 philosophorum
723 2025 843 2097 poterit,
875 2021 945 2095 quiin
969 2037 1023 2095 ego
1055 2021 1184 2097 plurimis
1216 2025 1311 2099 ipsurn
1331 2024 1511 2102 perplexim.

162 2112 243 2170 tibus
266 2110 395 2169 induam.
441 2109 545 2173 Mones
574 2108 710 2166 suffocari
733 2108 839 2166 Terrae
867 2111 996 2170 animaru
1022 2126 1040 2167 a
1062 2107 1192 2179 diluvio,
1224 2110 1303 2184 quod
1326 2111 1511 2172 altitudinem

162 2200 293 2257 omnium
317 2199 458 2255 montium
480 2198 638 2271 superarit
682 2195 735 2253 Est
759 2194 831 2254 haec
853 2195 943 2270 plaga
964 2213 1021 2254 non
1046 2197 1139 2267 irrita,
1170 2194 1221 2256 sed
1245 2213 1280 2268 en
1304 2198 1357 2255 tibi
1382 2201 1511 2262 vicissim

161 2286 300 2344 alteram:
331 2287 357 2340 si
387 2284 530 2341 diluvium
562 2299 662 2356 omnes
692 2294 804 2340 morines
835 2285 1000 2359 superavit,
1034 2299 1172 2357 quorsum
1195 2299 1264 2358 ergo
1286 2292 1421 2360 receptae
1443 2296 1511 2346 sunt

161 2377 235 2432 istae
259 2388 369 2446 aquae,
400 2383 429 2429 et
453 2388 504 2429 cur
525 2371 622 2429 aetnei
646 2371 727 2444 ignes
749 2387 806 2427 non
831 2369 989 2428 exstincti?
1033 2369 1215 2444 Seponamus
1247 2372 1302 2429 iata
1325 2373 1510 2447 miraculosa,

81 2453 86 2462 ’
163 2477 287 2536 quorum
320 2458 426 2516 similia
458 2474 543 2533 porro
574 2474 724 2532 antiquam
757 2458 854 2515 lrrtura
887 2456 995 2514 divinis
1032 2457 1278 2520 obtestationibus
1310 2458 1512 2568 confirmatum

161 2548 423 2709 h‘lmglmpluviae
446 2629 511 2688 ideo
534 2646 595 2690 nou
615 2646 631 2690 a
654 2630 885 2704 Terracinae
911 2629 1055 2690 thesauris
1074 2630 1138 2702 Dei,
1161 2647 1219 2688 nou
1243 2640 1289 2690 est
1311 2632 1406 2707 igitur,
1431 2631 1512 2708 quod

162 2724 191 2779 iu
214 2720 307 2779 Terra
329 2728 382 2786 est,
406 2719 479 2775 inter
503 2717 656 2778 thesauros
678 2718 744 2776 Dei.
793 2718 828 2776 Et
850 2726 881 2776 tu
904 2719 967 2793 ipse
990 2720 1032 2775 sic
1053 2734 1105 2792 per
1127 2717 1278 2777 thesauros
1294 2718 1366 2788 istos
1389 2720 1509 2794 titubas,
1608 2711 1614 2721 '

163 2825 241 2867 nunc
273 2805 386 2867 coelum
418 2808 639 2883 interpretatus,
671 2823 747 2865 nuuc
769 2808 874 2864 aerem.
921 2804 984 2867 lum
1010 2807 1120 2881 inquis,
1143 2812 1197 2874 nei
1218 2805 1507 2885 crotalistria),

164 2904 210 2955 est
231 2896 278 2955 sic
306 2894 371 2969 ejus
395 2896 473 2965 vita,
507 2905 538 2952 ut
560 2892 668 2952 halitus
691 2912 725 2951 err
749 2910 813 2962 ore,
846 2895 897 2968 qui
920 2892 1024 2967 frigido
1048 2892 1130 2952 coelo
1160 2893 1192 2951 lii
1214 2896 1389 2969 conspicuus
1412 2898 1510 2971 specie

161 2984 249 3056 lumi,
282 2989 327 3040 est
354 2983 415 3039 rita
446 2980 586 3050 hominis,
620 2997 685 3038 nam
717 2990 746 3038 et
768 2984 818 3039 air
848 2980 898 3039 ille
921 2988 1019 3041 noster
1048 2979 1179 3055 quotidie
1208 2990 1365 3043 renovatur
1387 2982 1511 3041 exhala-

162 3073 242 3129 tione
267 3069 384 3129 Terrae.
428 3068 482 3126 aar
502 3067 613 3129 Terrae
635 3071 743 3126 anima
765 3067 869 3127 raeda
891 3085 960 3126 cum
984 3070 1112 3145 spirita:
1137 3085 1231 3144 neque
1253 3068 1330 3128 lucei
1350 3072 1400 3127 aar
1414 3087 1510 3145 neque

163 3160 264 3216 anima
287 3164 347 3229 est,
381 3157 467 3213 nimis
490 3154 527 3213 ad
550 3155 606 3213 hoe
630 3171 744 3215 crassus
766 3163 827 3226 est,
861 3171 958 3228 neque
985 3159 1084 3217 meere
1112 3155 1189 3232 fucit
1210 3162 1338 3230 amum,
1370 3156 1399 3213 id
1422 3175 1510 3233 supra

164 3248 247 3303 satia.
293 3242 378 3317 Quae
402 3259 471 3301 vero
490 3243 552 3316 jam
576 3250 743 3316 sequuntur,
767 3259 825 3300 non
849 3240 990 3315 intelligo,
1014 3244 1083 3316 quia
1099 3242 1247 3317 chymicus
1270 3259 1327 3299 non
1351 3260 1432 3301 sum:
1457 3250 1511 3304 nii

162 3337 335 3391 consecra
357 3337 398 3388 rat
418 3333 497 3404 ignis
518 3332 552 3387 in
575 3347 658 3404 aqua
680 3336 732 3387 etc.
778 3327 861 3402 Quae
884 3330 907 3385 si
933 3330 1030 3386 omnia
1053 3336 1131 3387 certo
1154 3346 1241 3387 sensu
1264 3340 1331 3386 srrnt
1354 3348 1431 3403 vera,
1455 3348 1510 3389 ne·

162 3422 241 3490 scio,
266 3416 414 3493 quomodo
438 3416 504 3476 inde
527 3425 680 3491 sequatur,
703 3416 810 3474 Terrae
833 3433 891 3473 non
915 3414 1018 3475 adesse
1041 3415 1208 3485 facultatem
1230 3417 1400 3487 animalem,
1433 3435 1509 3492 quae

162 3506 202 3565 ad
236 3507 446 3582 praescriptum
477 3514 647 3581 aspectuum
675 3505 751 3562 eieat
781 3512 978 3578 tempestates.
1028 3501 1189 3561 laternum
1215 3505 1360 3578 cujusque
1381 3506 1426 3561 rei
1453 3522 1511 3578 pes·

161 3612 191 3652 ae
214 3596 337 3668 operari
359 3590 519 3662 contendis,
542 3594 606 3649 sine
627 3591 700 3648 coeli
721 3590 891 3651 harmonia.
938 3589 982 3647 De
997 3587 1141 3646 ordinaria
1162 3592 1253 3665 ipsius
1271 3594 1386 3648 animae
1401 3589 1510 3653 Terrae

163 3681 334 3757 operatione
357 3697 403 3738 me
426 3678 502 3736 idem
533 3677 582 3736 illo
607 3680 670 3753 ipso
694 3675 759 3735 loco
782 3686 924 3745 statuere,
958 3676 1140 3747 dissimulare
1170 3693 1226 3734 non
1251 3676 1387 3734 debuisti.
1432 3678 1507 3737 Nam

164 3778 309 3827 astrorum
333 3766 499 3843 aspectibus
524 3766 703 3840 transscripsi
726 3764 822 3821 solum
845 3766 973 3837 insignes
997 3766 1128 3839 impetus.
1174 3762 1294 3839 Semper
1323 3772 1434 3822 tantum
1458 3783 1510 3823 cx·

163 3855 252 3914 sudat
275 3854 378 3923 Terra,
402 3858 435 3911 ut
455 3853 573 3911 flumina
596 3869 653 3907 aion
677 3850 826 3919 deficiant,
858 3868 908 3928 per
931 3859 1066 3926 aspectas
1090 3867 1158 3909 vero
1182 3850 1367 3910 exstimulata
1396 3859 1509 3911 tantum

164 3940 307 4013 exsudat,
343 3949 375 3998 ut
407 3943 493 3999 etlam
522 3942 639 4016 insuper
667 3935 759 4013 pluat.
804 3937 900 3996 Tarde
928 3937 1056 3996 dixeram
1089 3938 1264 3996 exstimulant
1288 3939 1417 3998 Terram.
1463 3938 1509 3997 Tu

166 4030 287 4105 objicis,
310 4044 367 4086 non
391 4044 477 4105 posse
500 4028 588 4101 igitur
611 4024 690 4084 illam
714 4028 755 4083 24
779 4025 858 4083 horis
881 4028 1020 4084 converti.
1068 4025 1164 4099 Atque
1193 4023 1366 4103 hoc'ipsum
1388 4043 1510 4101 respon-

162 4117 235 4187 deo,
267 4131 325 4190 quo
357 4114 394 4173 de
427 4114 515 4172 modo
546 4112 622 4171 dixi:
657 4120 753 4171 motus
786 4111 906 4172 diurnus
936 4129 1009 4187 opus
1038 4121 1082 4170 est
1110 4112 1285 4171 ordinarium
1313 4121 1342 4172 et
1374 4131 1509 4191 perenna,

165 4204 387 4263 effervescentia
420 4201 471 4260 illa
501 4199 760 4260 extraordinarium
784 4208 877 4258 estet
902 4203 930 4256 in
953 4201 1099 4257 montania
1122 4200 1240 4271 saltem,
1272 4210 1305 4259 ut
1334 4205 1359 4258 si
1383 4201 1510 4261 camelus

167 4295 248 4350 riam
279 4308 362 4347 auam
393 4297 496 4365 pergat
524 4305 581 4346 non
606 4290 775 4346 intermissis
806 4288 956 4364 passibus,
987 4289 1100 4345 interim
1132 4304 1199 4345 vero
1230 4304 1306 4346 nuuc
1336 4289 1411 4347 banc
1433 4305 1510 4348 ntruc

163 4378 246 4437 illam
276 4387 387 4454 partem
416 4380 490 4435 cutis
521 4385 654 4445 corruget
684 4375 722 4433 ad
753 4374 917 4433 enecandos
946 4374 1061 4433 culices.
1107 4374 1180 4432 Cum
1211 4375 1303 4432 multa
1333 4377 1415 4449 signa
1438 4393 1509 4450 pro·

162 4468 268 4526 lenem
292 4466 371 4523 ritae
393 4465 422 4521 in
446 4464 544 4534 Terra,
569 4473 658 4536 tuque
681 4466 742 4536 ipsa
766 4466 865 4520 vivere
887 4462 969 4519 illam
985 4460 1127 4519 concedas
1150 4470 1266 4537 propter
1284 4466 1389 4531 aeirem,
1412 4470 1509 4521 tamen

162 4559 198 4612 ut
220 4551 332 4613 allicias
355 4558 430 4626 quae
453 4559 546 4626 potes,
570 4550 668 4607 inania
689 4552 774 4623 signa
796 4556 895 4619 cetera
915 4547 995 4618 dicis,
1019 4565 1073 4607 nec
1095 4549 1218 4623 probas3
1243 4567 1331 4606 unum
1354 4567 1411 4607 non
1434 4548 1510 4609 fide·

162 4641 230 4699 liter
252 4640 353 4711 resera,
377 4655 434 4697 nou
457 4638 524 4698 ideo
547 4637 585 4695 do
608 4636 714 4695 Terrae
737 4635 879 4713 auditum,
904 4637 972 4710 quia
995 4633 1113 4711 lapillus
1136 4638 1164 4692 in
1189 4636 1252 4712 ejus
1275 4636 1403 4695 hiatibus
1426 4641 1509 4694 soni·

168 4739 228 4788 tum
251 4727 320 4795 edit,
343 4725 395 4783 sed
418 4726 495 4797 ideo,
520 4727 590 4800 qnia
611 4721 703 4799 lapilli
719 4725 852 4799 conjectu
868 4732 1055 4798 tempestates
1071 4724 1208 4781 oriuntur.
1255 4722 1315 4781 Nec
1334 4718 1507 4798 nesciebam,

163 4818 228 4876 sine
251 4819 317 4872 a'e're
341 4830 397 4871 non
420 4830 506 4889 posse
530 4812 602 4871 esse
617 4814 759 4882 sonitum,
790 4820 822 4868 at
843 4814 923 4869 siin
944 4810 1059 4869 occulto
1083 4812 1193 4869 virtuts
1215 4809 1284 4884 quid
1308 4827 1381 4895 opus
1405 4810 1508 4871 estad

166 4903 223 4962 baa
245 4907 433 4978 tempestates
456 4899 591 4972 ciendae,
613 4902 638 4957 si
661 4900 759 4957 anima
780 4900 925 4975 suppetit,
948 4914 1036 4974 quam
1058 4898 1218 4958 manifestis
1242 4897 1423 4957 documentis
1445 4906 1508 4959 sla-
