3567 5625
587 434 671 490 Lmen
686 433 737 491 111
754 435 893 505 Digrcsaio
909 434 1027 506 politica.
1417 436 1480 498 208

140 607 230 670 duem
265 612 341 671 inter
368 629 521 690 personam
549 620 579 674 et
607 613 706 673 illatae
734 613 828 673 cidem
856 615 980 690 injuriae
1002 613 1176 688 vindictum,
1206 628 1272 671 rara
1300 618 1398 672 tamen
1427 619 1480 687 eet,

138 697 289 773 plurimum
320 700 449 759 vicissim
478 703 507 760 in
537 703 640 779 poenis
668 699 816 761 homicidii
847 701 1034 777 aequalitatis
1061 700 1275 774 arithmeticae,
1310 703 1499 777 praesertim*

138 788 206 844 inter
230 784 412 845 Christianos
441 805 475 846 es
499 788 563 864 lege
587 787 704 862 divina,
735 805 794 865 qua
823 789 911 847 horne
934 788 1043 846 homini
1068 789 1275 864 aequiparatur
1303 796 1333 846 et
1359 790 1503 864 sanguis,

137 874 274 950 unguine
297 874 472 951 rependitur.
516 874 599 935 Haec
622 877 710 951 igitur
731 878 880 951 uniusque
903 878 1018 951 generis
1039 878 1184 935 rationum
1200 874 1331 934 contusio
1353 877 1479 951 pertinet

137 959 168 1018 ad
191 960 310 1021 Bodino
342 961 448 1020 dictam
476 961 687 1038 harmonicam,
719 964 848 1041 inprimis
878 962 964 1038 illud,
994 962 1072 1040 qued
1102 965 1130 1021 in
1163 964 1228 1039 lege
1251 961 1351 1021 diuina
1380 963 1480 1022 sicarii

137 1064 232 1107 omnes
255 1055 347 1108 merte
369 1052 528 1124 puniuntur
550 1050 731 1110 arithmetica
754 1050 947 1127 aequalitate,
978 1057 1010 1109 st
1031 1064 1124 1127 genus
1153 1052 1253 1109 muns
1280 1051 1310 1108 in
1332 1057 1479 1127 potestate

134 1134 237 1210 judicis
260 1142 313 1209 est,
336 1139 513 1212 geometrico
536 1150 686 1215 responsu,
709 1138 802 1212 iactis,
826 1139 1106 1198 circumstantiarum
1127 1140 1267 1198 nannete
1279 1136 1479 1211 dissimilibus,

139 1222 339 1300 irrogandam,
362 1232 396 1282 ut
418 1223 550 1283 Bodinus
572 1224 673 1299 refert,
696 1233 767 1303 puto
789 1243 827 1284 ex
848 1224 1000 1284 Rabbinls.

214 1308 320 1386 Neque
343 1319 402 1370 tarn
425 1308 556 1388 persenis
577 1312 702 1389 singuiis
724 1313 812 1375 laesis
834 1312 908 1373 hace
929 1329 1088 1388 poenarum
1117 1309 1311 1388 inaequalitas
1333 1310 1478 1390 uibsimr,

137 1414 219 1472 quarn
244 1397 332 1456 saluti
356 1400 445 1458 tetius
468 1401 556 1477 reip,
588 1418 663 1476 quaa
687 1417 787 1459 ornnes
810 1399 910 1460 hostes
941 1403 1051 1478 patriae
1074 1401 1192 1476 impune
1214 1396 1306 1458 occidi
1327 1399 1477 1475 permittit,

138 1486 240 1543 cisium
269 1485 357 1544 simul
380 1490 508 1546 omnium
530 1486 655 1548 sulutem
686 1490 714 1543 iu
737 1488 876 1566 principis
908 1489 1139 1564 optimatumque
1161 1485 1362 1546 incolumitate
1389 1488 1479 1563 inque
1602 1550 1611 1573 ,

137 1571 343 1648 tranquillitate
365 1574 484 1650 publica
507 1584 680 1634 conservata
702 1581 808 1636 tuctur.
853 1573 978 1651 Saepius
992 1582 1091 1635 astent
1107 1574 1226 1647 dicmm,
1248 1573 1358 1633 benum
1378 1572 1479 1651 publi·

140 1675 199 1719 curu
226 1658 336 1720 habere
365 1678 535 1739 responsum
558 1661 704 1740 quendam
734 1660 771 1723 ad
801 1664 977 1722 sucsnatens
1001 1670 1159 1723 consentes
1180 1660 1351 1720 harmonici.
1395 1659 1479 1736 Quae

139 1762 190 1805 una
214 1764 330 1806 summa
353 1746 410 1822 les,
433 1750 530 1826 legum
554 1751 684 1809 omnium
706 1758 812 1823 mater,
835 1750 859 1809 si
883 1750 1067 1824 observetur,
1090 1756 1123 1808 ut
1146 1747 1330 1808 idemeston
1353 1755 1382 1808 et
1403 1747 1479 1825 legl-

136 1834 231 1892 timum
254 1851 319 1895 csse
338 1834 486 1911 jubeatur,
510 1840 538 1894 in
561 1854 620 1913 quc
642 1836 723 1895 salus
745 1838 867 1897 vertitur
887 1836 1085 1914 reipublicae:
1105 1837 1169 1912 jam
1182 1838 1282 1895 statim
1304 1842 1419 1895 consui
1441 1834 1478 1894 de

135 1920 319 1981 similitudine
341 1939 406 1981 eum
422 1924 596 1984 harmonicis
610 1925 781 2000 rationibus,
805 1941 840 1983 sx
854 1943 919 1985 mea
942 1928 1034 2001 ipsius
1054 1926 1143 1984 etism
1158 1925 1302 1984 sententia
1318 1923 1478 1999 descriptis,

136 2009 218 2067 etiam
249 2008 369 2067 sinicii
399 2008 447 2070 lex
477 2010 528 2071 illa
555 2011 650 2071 simile
677 2019 829 2088 praeterea
860 2014 1008 2073 contiueat
1037 2028 1133 2089 traque
1159 2014 1355 2089 geometricae
1384 2027 1480 2087 nsque

136 2096 330 2156 arithmeticae
352 2101 580 2174 proportionum.
626 2099 701 2159 Nam
723 2116 819 2175 neque
842 2099 872 2157 lsi
896 2103 1006 2159 numeri
1034 2102 1081 2174 15,
1105 2100 1156 2173 20,
1180 2101 1231 2174 nt,
1254 2100 1311 2173 30,
1336 2099 1385 2174 qul
1409 2097 1479 2156 laer-

136 2185 258 2242 uoniam
279 2187 430 2244 continent
452 2184 659 2260 dulcissimam,
682 2189 899 2264 proportionem
923 2188 1080 2247 observant
1101 2186 1150 2245 vel
1165 2203 1253 2245 unam
1277 2185 1324 2245 vel
1347 2183 1478 2259 alteram,
1545 2220 1548 2228 ·

137 2288 268 2330 eremus
291 2272 368 2331 enim
391 2280 458 2332 sunt
482 2273 517 2348 d,
547 2277 581 2347 4,
607 2275 639 2347 6,
662 2291 758 2350 neque
781 2273 920 2350 aequales
943 2291 1038 2351 neque
1061 2274 1171 2332 similes
1193 2274 1396 2350 proportiones
1418 2280 1479 2332 ter·

50 2404 52 2409 .
136 2360 275 2418 minorum
297 2361 551 2436 proportionibus,
574 2360 625 2421 scd
648 2379 741 2438 neque
764 2361 867 2422 ecdem
890 2380 956 2421 eum
979 2361 1036 2421 illis
1060 2360 1162 2421 ordine
1184 2368 1353 2421 crescentes.

215 2445 301 2504 XlV.
326 2446 414 2505 eliud
437 2447 610 2526 exemplum,
633 2452 827 2525 geometricae
851 2448 1022 2527 disciplinae
1045 2447 1224 2519 familiarius,
1248 2447 1331 2507 affert
1348 2446 1479 2505 Bodinus
1581 2486 1585 2495 =

135 2533 160 2590 in
180 2533 281 2609 legum
306 2533 341 2609 de
364 2534 481 2595 mulctis
503 2538 755 2613 interpretatione3
778 2547 811 2596 ut
834 2555 910 2613 quae
933 2538 1095 2612 antiquitus
1118 2542 1246 2595 statutae
1268 2542 1337 2592 mut
1350 2532 1477 2592 mulctae
1555 2600 1556 2607 ,
1611 2550 1617 2561 '

136 2621 336 2701 pecuniariae,
365 2639 418 2699 pro
440 2625 552 2684 radone
576 2626 736 2703 praesentis
757 2624 894 2701 publicae
917 2624 1083 2703 opulentiae
1110 2623 1158 2682 vel
1181 2623 1299 2699 inopiae
1320 2622 1479 2681 mulmen-

136 2716 182 2765 tur.
228 2707 288 2767 Hie
311 2709 501 2770 intolerabilis
523 2710 687 2788 aequalitas
711 2713 893 2771 arithmetica
916 2714 1044 2771 omnium
1060 2719 1240 2788 temporum,
1263 2727 1359 2786 neque
1378 2715 1477 2767 tamen

137 2794 288 2856 observatu
312 2796 407 2857 facilis
429 2800 577 2876 proportio
600 2801 776 2876 geometrica
799 2801 828 2858 in
851 2800 995 2860 omnibns.
1039 2798 1144 2877 itaque
1172 2817 1225 2876 pro
1246 2813 1302 2858 sna
1323 2794 1478 2874 prudentia

132 2882 218 2956 judex
252 2901 363 2960 proque
386 2903 479 2944 rerum
503 2888 725 2946 circumstantiis
748 2887 876 2947 nrndinm
898 2889 1056 2948 sectabitur
1078 2888 1276 2946 harmonicum
1304 2885 1478 2959 curabitque

137 2987 169 3028 na
194 2969 244 3029 vel
272 2971 354 3047 leges
382 2972 511 3034 violasse
540 2973 689 3048 videatur,
727 2974 774 3034 vel
801 2974 900 3052 legum
930 2977 1168 3052 interpretatione
1198 2972 1347 3033 malitiosa
1377 2973 1478 3048 incpes

137 3060 340 3134 opprimantur,
364 3058 558 3138 locupletibus
581 3078 616 3120 sc
637 3063 850 3137 potentioribus
866 3060 1006 3140 peccandi
1028 3060 1145 3121 licentia
1160 3061 1251 3121 ᾶιιιιι.
1297 3058 1478 3136 Quinetiam

136 3144 263 3219 ejusdem
286 3144 454 3207 harmoniae
479 3147 576 3208 studio
597 3148 741 3208 interdum
764 3152 971 3226 pecuniariam,
995 3166 1071 3226 quac
1094 3155 1333 3221 contemneretur,
1361 3148 1390 3203 in
1413 3162 1479 3205 cer·

135 3249 250 3308 peream
273 3235 459 3311 permutabit.

216 3319 289 3379 XV.
314 3319 436 3397 Legem,
460 3339 536 3398 quae
558 3323 636 3381 iures
658 3322 815 3400 suspendio
838 3326 931 3400 putuit,
956 3322 1087 3383 Bodlnus
1109 3329 1230 3383 munus
1252 3321 1375 3398 probat,
1399 3319 1478 3397 qnod

135 3408 231 3466 nititur
252 3409 374 3482 ratione,
399 3426 434 3468 ns
458 3409 534 3469 loros
558 3417 728 3485 augeantur,
752 3418 784 3468 ut
805 3417 937 3487 peccata.
960 3427 1036 3487 quae
1057 3411 1220 3487 frequentia
1242 3410 1340 3468 futura
1354 3408 1477 3482 inerunt,

135 3496 252 3565 padus
275 3496 441 3571 puniantur,
467 3495 544 3572 qnod
567 3498 771 3572 geometricam
801 3500 879 3575 sapit
902 3501 1125 3574 proportionem.
1170 3495 1299 3555 Eandem
1322 3494 1478 3572 reprehen-

136 3577 176 3638 dit
197 3582 235 3640 nb
259 3582 467 3658 aequalitatem
491 3584 717 3643 arithmeticam:
741 3585 974 3660 frequentissima
996 3586 1104 3662 quippe
1127 3587 1204 3643 aetio
1226 3584 1294 3646 lorti
1317 3599 1368 3659 per
1380 3584 1477 3641 omnis

136 3667 241 3744 oppida
263 3686 413 3747 pagosque
432 3669 547 3745 jndices
570 3671 738 3747 plerumque
761 3669 894 3749 plebejos
916 3672 1016 3750 debet,
1039 3675 1088 3749 qui
1111 3670 1180 3730 dum
1199 3668 1361 3747 aequaliter
1375 3685 1477 3729 omnes

134 3754 170 3812 ad
192 3757 337 3833 supplicia
358 3759 487 3833 rapiunt,
512 3775 569 3817 non
593 3758 774 3835 intelligunt,
801 3777 833 3819 se
854 3761 1066 3836 iniquissimam
1089 3758 1224 3818 inducere
1246 3774 1407 3835 poenarum
1430 3759 1477 3814 in·

135 3843 350 3918 aequalitatem,
374 3843 442 3903 dum
464 3847 592 3921 peccatis
616 3847 896 3907 circumstantiarum
920 3848 1060 3906 venerate
1088 3846 1332 3922 inaequalissimis
1355 3845 1477 3904 eandem

134 3945 255 4003 poensm
278 3934 416 4008 irrogant
461 3931 612 4009 Plerisque
634 3937 691 4015 reis
722 3931 804 3995 deest
822 3934 927 4011 judicii
958 3933 1122 4008 firmitudo,
1154 3934 1292 4010 quesibi
1323 3935 1419 4009 magis
1438 3932 1478 3992 ab

135 4015 298 4092 infortunio,
321 4037 409 4095 quam
433 4037 450 4077 a
473 4020 673 4094 magnitudine
695 4020 812 4081 sceleris
836 4038 941 4083 cavere
964 4021 1114 4094 deberent,
1138 4037 1212 4098 qnos
1227 4023 1353 4094 occasio,
1376 4020 1476 4093 lamen
1574 4019 1578 4028 ’

134 4101 287 4165 liberorum
309 4106 447 4180 studium,
472 4106 576 4167 iiducia
597 4107 717 4181 latendi,
740 4108 853 4170 alienae
876 4109 1044 4187 opulentiae
1067 4111 1174 4188 opinio,
1198 4108 1276 4169 iuras
1297 4110 1381 4184 laeit3
1412 4123 1477 4167 curn

136 4192 227 4267 ipsum
247 4212 301 4271 per
321 4211 353 4253 se
377 4195 487 4253 facium
510 4194 546 4254 ad
571 4195 629 4256 alia
651 4205 850 4273 caniparatnm
873 4198 998 4257 naturali
1019 4196 1130 4274 iudicio
1154 4193 1364 4273 vilipendatur,
1397 4194 1478 4271 quod

136 4283 220 4339 etiam
241 4281 288 4342 lex
312 4281 422 4352 dirius,
445 4299 521 4357 quae
543 4282 698 4360 quadrupli
722 4291 833 4343 tantum
856 4286 1040 4346 restitutione
1062 4285 1167 4343 lurtum
1189 4286 1282 4360 penit,
1308 4282 1478 4342 confflmare

136 4367 255 4427 videtur.
300 4368 332 4429 Si
355 4375 451 4428 tamen
475 4386 601 4446 aequum
624 4379 654 4431 et
675 4379 807 4432 sanetum
830 4381 882 4446 est,
907 4372 988 4431 illam
1002 4371 1151 4431 hominurn
1166 4377 1287 4447 partem,
1311 4387 1386 4447 quae
1402 4368 1477 4428 dolis

138 4462 168 4512 et
189 4457 311 4516 enebris
340 4464 410 4515 nata
439 4459 565 4516 murium
592 4465 725 4519 naturam
753 4459 856 4532 rsiert,
888 4461 1014 4536 parietes
1044 4457 1183 4536 perfodit,
1214 4475 1273 4517 non
1298 4457 1477 4517 fortunarum

136 4547 260 4615 tantum,
290 4542 455 4603 sedetiam
485 4547 565 4605 vitae
587 4549 771 4606 securitatem
800 4546 949 4623 publicam
971 4547 1082 4617 turbat,
1113 4547 1184 4620 reip.
1215 4546 1312 4622 potius
1333 4560 1424 4603 causa
1445 4550 1479 4602 ιιι

137 4637 243 4689 ceteras
264 4631 341 4690 tersa
365 4623 485 4708 rapaces
508 4634 611 4706 minui,
642 4641 718 4694 certo
740 4641 890 4711 respectus
913 4637 1002 4711 reip,
1024 4641 1058 4691 ιιι
1079 4629 1299 4708 saepedictum,
1321 4629 1478 4707 respondet

134 4718 284 4778 concentui
307 4717 492 4791 harmonico,
520 4735 575 4779 nec
596 4722 658 4780 eine
681 4723 900 4781 accuratissima
922 4720 1130 4798 temperatione
1151 4718 1321 4778 hemionios
1343 4719 1477 4792 quaestio

29 4819 31 4824 ‘
135 4801 208 4862 haec
228 4808 353 4866 exerceri
377 4805 472 4879 debet,
495 4823 541 4879 ue,
564 4806 632 4866 dum
656 4811 724 4886 reip.
748 4808 920 4880 consulitur,
943 4807 1059 4880 multis,
1083 4807 1133 4883 qui
1155 4819 1237 4883 spem
1259 4807 1329 4866 beni
1352 4806 1426 4865 ciris
1447 4807 1476 4864 iu

135 4897 279 4966 imm
300 4893 439 4971 passae
460 4901 598 4970 possunt,
622 4893 686 4956 vita
706 4903 816 4956 temere
837 4897 876 4956 cb
897 4895 956 4956 lroc
976 4911 1070 4973 genus
1091 4895 1219 4954 erisluis
1243 4895 1390 4973 eripiaturr.
