3567 5625
282 363 394 489 462.
538 443 540 450 ’
629 399 632 404 ”
752 412 917 486 Appenninis
935 411 1159 470 Harmouieorum

281 603 379 674 tiene,
410 601 488 657 nitor
509 583 591 656 tilam
621 597 649 652 iu
672 594 778 654 melius
800 593 965 655 emendare.
1011 593 1103 671 Atqui
1134 595 1326 656 contradictio
1356 598 1437 659 nulla
1460 607 1521 671 eet,
1555 613 1631 675 qnae

285 689 428 748 lectorem
452 683 608 762 impediat,
638 700 704 742 cum
727 691 859 755 constet,
883 699 942 758 quo
964 693 1096 759 respectu
1121 683 1273 759 quodlibet
1293 702 1394 744 eorum
1416 687 1632 747 aliirmaverim.

369 776 437 832 Alio
461 783 546 851 capto
570 773 682 846 impetu
713 773 742 830 iu
766 763 929 847 spatiosum
959 771 1055 847 operis
1078 774 1134 832 mei
1158 788 1259 847 agrum
1288 779 1430 847 excurris,
1461 777 1630 835 vastitatem

281 870 430 938 uteunque
459 870 489 920 et
515 859 623 918 damna
650 857 784 917 illaturus
814 858 967 918 hostiliter.
1013 856 1165 930 Mundus,
1198 863 1260 929 ais,
1284 865 1371 920 tertie
1393 862 1441 920 dic
1469 865 1632 940 conspicite

279 951 358 1026 fuit,
382 950 533 1008 ειηηιιιιιι
555 946 721 1019 ordinetis,
751 946 881 1005 secundo
903 946 992 1019 cosli,
1023 962 1094 1004 curn
1114 947 1253 1005 mndata
1277 957 1371 1006 essent
1390 950 1500 1009 sidere
1549 951 1631 1026 Erqo

284 1038 374 1096 Plato
396 1044 424 1095 et
447 1036 637 1111 Pptltoporat
660 1032 846 1107 applicando
866 1034 984 1108 fipurm
1006 1033 1158 1092 elementis
1184 1051 1247 1093 nort
1271 1039 1446 1110 copitarwti
1472 1041 1508 1095 de
1529 1039 1632 1096 mella-

281 1143 353 1183 rum
375 1112 534 1182 distantiis.
580 1119 694 1179 Sufficit
716 1123 897 1179 recensuisse
920 1132 1132 1197 argumentum,
1156 1138 1225 1180 nam
1241 1122 1296 1181 ltoc
1316 1125 1379 1198 jam
1399 1124 1466 1201 plus
1480 1136 1527 1184 est
1542 1143 1630 1201 quam

282 1213 422 1290 relutare,
454 1225 621 1286 quenquam
645 1207 682 1266 de
704 1207 891 1267 conclusione
914 1225 972 1266 non
996 1225 1112 1285 pugno,
1144 1209 1223 1284 quod
1251 1217 1396 1269 testantur
1425 1230 1513 1271 voces
1537 1230 1629 1284 meae,

280 1300 367 1377 forts,
389 1300 477 1376 forts,
502 1305 533 1355 ιιι
555 1298 621 1355 cavi
644 1294 683 1354 ad
706 1295 840 1371 analysin
868 1297 916 1354 15.
962 1295 1102 1371 Sequitur
1125 1296 1204 1355 haud
1227 1298 1317 1372 paulo
1340 1299 1497 1358 violentius
1521 1301 1629 1359 telum:

285 1385 458 1462 lneonpreee
487 1383 638 1459 Ksplertss
666 1382 703 1440 de
730 1383 978 1457 philosopherum
1007 1384 1238 1454 intentionibus,
1262 1403 1369 1460 quere
1399 1387 1489 1446 uelde
1519 1388 1631 1447 modia

278 1475 485 1552 fuademotte
507 1471 687 1531 Menenios
713 1472 778 1541 ejas
806 1469 1002 1542 mundanae,
1037 1486 1103 1528 cum
1133 1487 1189 1549 ego
1219 1472 1461 1549 philosophemm
1488 1478 1631 1535 memine-

283 1565 337 1620 rim
360 1561 472 1633 oltiter,
496 1576 549 1618 nec
572 1557 664 1616 ullum
687 1560 723 1615 iis
746 1555 843 1616 locum
867 1557 985 1616 fecerim
1008 1559 1036 1613 in
1061 1558 1257 1618 laudamentis
1280 1563 1362 1619 meis.

370 1648 416 1706 De
439 1657 509 1705 tuae
530 1646 713 1704 barmouiees
736 1647 866 1721 epitoma
888 1644 961 1701 niiril
985 1655 1072 1704 autes
1096 1644 1169 1718 dixi,
1196 1646 1269 1704 uilril
1292 1649 1381 1723 igitur
1403 1665 1442 1730 ne,
1462 1665 1541 1706 nnnc
1563 1651 1631 1724 qui·

283 1736 349 1794 dam
372 1735 410 1794 ad
433 1752 480 1794 me
502 1735 645 1811 pertinere
668 1740 749 1809 puto,
773 1731 921 1807 quomodo
938 1741 970 1790 tu
986 1732 1115 1807 applices
1130 1732 1238 1809 figuras
1257 1732 1423 1810 regulares3
1446 1735 1518 1792 illud
1534 1737 1630 1795 solnm

283 1824 456 1894 cavendum,
480 1839 517 1880 ne
541 1830 571 1879 tu
594 1822 666 1879 meis
689 1820 812 1878 abutme
836 1820 940 1878 verbis.
979 1819 1088 1897 Accipe
1104 1838 1230 1880 sensum.
1269 1821 1370 1881 Gubus
1391 1825 1503 1882 ratione
1520 1823 1631 1899 figurae

284 1913 473 1989 primigenius
497 1917 542 1967 est
568 1909 762 1968 strationem
793 1908 884 1965 totius
906 1907 1013 1979 habet,
1043 1916 1271 1968 consentaneum
1301 1912 1390 1985 igitur
1420 1919 1496 1982 eret,
1529 1919 1562 1968 ut
1589 1912 1630 1969 illi

283 2001 371 2058 etiam
400 1997 484 2057 locus
514 1997 639 2056 extimus
671 2005 701 2054 et
731 1993 930 2070 amplissimus
953 1996 1068 2068 (eorum
1097 1996 1223 2066 scilicet,
1258 2013 1332 2071 quoe
1356 1998 1467 2073 ligures
1496 2001 1630 2070 nancisci

283 2081 423 2167 possunt)
446 2086 651 2159 assignaretur.
698 2080 776 2157 Quid
799 2081 863 2154 boc,
887 2085 1000 2157 inquis,
1029 2082 1066 2140 ad
1089 2082 1268 2143 Satumum't
1314 2083 1439 2144 Omnino
1463 2085 1631 2162 plurimum.

284 2174 358 2233 Nam
381 2175 511 2249 quinque
534 2171 645 2247 ligurae
666 2186 719 2230 sex
740 2167 883 2232 dederunt
905 2172 1052 2243 circuitus,
1076 2171 1169 2229 cubus
1190 2173 1280 2247 igitur
1301 2172 1382 2232 dedit
1405 2175 1544 2244 extimes,
1573 2173 1631 2233 Sa·

284 2273 400 2320 turnum
431 2271 460 2320 et
488 2258 606 2319 Jovem.
652 2259 746 2333 Atqui
775 2253 896 2336 (regeris
927 2254 972 2330 tu)
1003 2256 1162 2317 Saturnus
1188 2267 1230 2318 est
1259 2263 1391 2318 minime
1419 2278 1496 2335 pers
1531 2265 1631 2320 totirtn

274 2349 363 2424 *Quid
387 2347 473 2406 tum?
518 2344 686 2405 Dummodo
708 2344 748 2402 sit
769 2344 834 2419 ejus
855 2346 937 2419 regio
961 2344 1142 2419 amplissime
1165 2349 1255 2405 totius
1278 2348 1377 2406 mundi
1404 2348 1538 2423 mobilis,
1563 2366 1632 2408 nam

283 2445 474 2508 censuerat,
504 2450 555 2493 eur
584 2450 641 2492 non
666 2434 776 2504 omnis,
808 2447 866 2489 non
889 2439 985 2491 totum
1009 2432 1095 2504 illud,
1128 2434 1180 2493 sed
1207 2435 1272 2492 sols
1293 2453 1361 2512 pars
1390 2434 1490 2493 muudi
1513 2436 1633 2496 mobilis

283 2542 319 2583 ex
342 2524 521 2600 praemripto
544 2522 701 2596 figurarum
723 2519 976 2596 multiplicaretur.

370 2612 413 2669 En
428 2610 619 2684 Trismegisto
635 2618 667 2667 tu
682 2607 736 2667 tihi
751 2607 858 2665 videris
874 2608 1024 2684 probasse,
1041 2606 1121 2680 qued
1131 2609 1255 2685 spiritus
1265 2612 1370 2684 iqnerss
1385 2611 1490 2683 titum,
1505 2610 1632 2668 llus-rno-

282 2700 369 2757 atam
392 2706 420 2756 et
441 2706 617 2757 wncsntunt
640 2696 689 2754 det
710 2695 861 2752 meatu
882 2702 974 2770 etque
995 2694 1193 2769 elementatis,
1223 2703 1250 2753 ei
1271 2714 1469 2772 nequ-equum
1489 2697 1633 2772 planetes

282 2803 337 2844 nse
356 2803 462 2845 eorum
485 2791 592 2844 meins.
640 2783 730 2858 Atqui
753 2798 812 2841 uon
835 2782 904 2855 dixi,
929 2781 977 2841 vel
999 2781 1133 2859 planetas
1164 2781 1212 2842 vel
1234 2795 1329 2842 motus
1352 2785 1539 2861 planetarum
1563 2784 1632 2843 dare

285 2872 331 2932 vel
359 2871 510 2933 elementis
533 2870 580 2930 vel
603 2869 787 2931 elementatis
810 2878 983 2929 concentum
1006 2877 1036 2929 et
1058 2869 1257 2944 harmoniam,
1281 2871 1332 2930 sed
1355 2872 1411 2931 hec
1434 2872 1512 2950 dieo,
1536 2873 1633 2931 Deum

284 2961 455 3021 conciliasse
478 2976 531 3019 seu
554 2957 671 3018 dedisse
693 2960 765 3034 ipsis
787 2959 917 3017 motibus
939 2957 1125 3036 planetarum
1156 2961 1360 3035 proportiones
1386 2960 1521 3034 easdem,
1554 2977 1632 3036 quae

282 3050 403 3106 suntin
426 3048 616 3107 concentibus
640 3046 785 3105 ltuutauis.
1192 3113 1195 3121 1

371 3133 427 3193 lid
458 3136 680 3194 testimonia
709 3140 744 3192 ct
769 3131 1035 3190 auctoritates
1064 3141 1193 3191 contre
1224 3131 1423 3207 Keplernm
1449 3133 1632 3209 jactatas.

284 3222 428 3282 Distincte
450 3224 476 3281 si
500 3238 557 3280 non
580 3224 735 3298 scripsisti,
767 3219 873 3279 saltem
897 3216 995 3277 edituo
1017 3234 1083 3277 mea
1105 3223 1249 3297 percipias
1280 3220 1378 3280 velim.
1423 3221 1471 3280 ad
1496 3231 1632 3281 umatum

196 3332 199 3337 ·
284 3310 434 3370 morum
456 3309 657 3369 harmonicum
684 3308 772 3368 basin
802 3324 859 3383 ego
880 3309 1050 3365 securitatis
1070 3324 1163 3367 causa
1192 3307 1304 3366 uellam
1336 3312 1364 3365 in
1392 3310 1538 3387 ipsissimo
1562 3310 1632 3368 reali

207 3470 210 3479 ‚
285 3398 393 3457 Terrae
414 3409 496 3456 motu
521 3399 617 3475 erigor
641 3399 746 3455 trustra
768 3394 838 3453 milri
862 3393 920 3453 hoc
942 3396 1031 3453 etism
1055 3410 1143 3471 snpra
1159 3396 1273 3473 euelysi
1290 3395 1360 3453 XII.
1380 3396 1540 3474 imputasti,
1565 3416 1633 3456 nam

284 3496 316 3543 ut
344 3488 385 3544 ibi
413 3486 531 3563 scripsi,
562 3485 633 3543 milti
656 3484 764 3542 sullicit
795 3482 843 3542 rel
866 3498 1012 3560 apparens
1043 3480 1093 3541 ille
1125 3481 1254 3543 ert‘Sole
1284 3492 1380 3541 motus
1403 3482 1546 3556 Telluris,
1583 3488 1633 3561 qui

283 3571 457 3649 relinquitur
479 3576 569 3631 etiam
592 3571 777 3647 aTycltene,
801 3586 867 3628 eum
882 3568 974 3628 Tetra
996 3571 1111 3629 interim
1135 3570 1178 3628 illi
1200 3588 1231 3630 re
1255 3587 1326 3630 vera
1348 3571 1487 3646 quiescat.
1535 3571 1632 3631 Multo

284 3662 378 3718 minus
401 3660 597 3718 radiationum
621 3674 677 3734 ego
699 3660 903 3735 proportiones
926 3657 994 3715 lruie
1018 3658 1080 3715 basi
1103 3666 1202 3717 motus
1226 3657 1334 3717 Terrae
1355 3668 1540 3736 superstm03
1565 3678 1633 3719 nam

283 3764 421 3823 expresse
445 3746 537 3806 doceo
560 3746 635 3805 liltro
657 3746 711 3820 IV,
741 3753 876 3805 naturam
905 3744 1093 3803 sublunarem
1117 3749 1160 3805 sic
1182 3764 1200 3805 a
1222 3745 1306 3804 coelo
1334 3750 1521 3820 commoveri,
1548 3756 1582 3807 ut
1605 3746 1633 3805 id

284 3843 406 3910 apparet
428 3836 457 3891 iu
479 3833 593 3909 Terris,
617 3849 676 3892 nou
698 3840 732 3891 nt
754 3842 799 3893 cet
821 3850 851 3892 re
875 3848 947 3892 vera
970 3834 998 3889 iu
1021 3850 1053 3891 se
1076 3835 1140 3909 ipso
1163 3840 1373 3908 comparatum.

371 3921 506 3998 Denique
530 3921 610 3999 quod
632 3921 740 3980 Terrae
764 3921 891 3980 animam
914 3919 1149 3996 qualemcunque
1171 3922 1286 3993 tribuo,
1310 3938 1367 3979 nou
1391 3920 1460 3980 ideo
1481 3921 1578 3995 lacio,
1603 3932 1635 3981 ut

283 4011 382 4069 anima
404 4010 478 4069 ltaec
499 4010 552 4069 liat
574 4011 714 4070 terminus
739 4007 787 4067 rel
810 4007 977 4082 sanectum
998 4008 1195 4084 proportionis
1218 4008 1297 4067 illins
1319 4009 1517 4079 harmonicae,
1542 4028 1634 4085 quam

283 4105 382 4156 statae
405 4100 434 4155 in
458 4097 561 4171 radiis,
595 4096 647 4157 sed
671 4105 704 4154 ut
724 4097 800 4155 istae
821 4095 970 4181 radiorum
994 4099 1196 4174 proportiones
1218 4099 1333 4174 possint
1356 4114 1420 4155 esee
1443 4096 1581 4157 cilicaees
1603 4101 1635 4155 in
1705 4096 1709 4121 ¹

283 4187 430 4246 meteoris
476 4183 553 4243 Huic
575 4186 652 4260 parti
673 4182 878 4262 philosophiae
902 4190 934 4241 ιιι
956 4187 1056 4242 neseio
1080 4182 1151 4259 quid
1171 4183 1337 4259 obloqueris
1359 4187 1473 4243 serione
1497 4203 1534 4242 an
1553 4184 1635 4244 aliud

283 4291 373 4349 agens
396 4274 496 4349 tuique
526 4272 654 4332 oblitus:
685 4274 720 4330 in
746 4274 905 4349 scripturis
932 4273 1025 4330 sacris
1046 4272 1135 4329 nullo
1163 4274 1298 4330 inveniri
1322 4279 1522 4351 sequererne,
1554 4273 1637 4348 qnod

217 4376 244 4389 ²·
282 4369 415 4421 messore
436 4360 475 4418 ed
497 4362 664 4435 aspectione
686 4363 861 4418 excitentur.
908 4358 942 4417 Id
965 4359 1100 4432 equidem
1123 4361 1220 4417 sciunt
1241 4376 1329 4434 quam
1352 4361 1470 4437 optime,
1495 4362 1638 4435 quisunt

283 4448 511 4526 aphilesoplria
538 4465 627 4524 quam
650 4449 776 4507 maxime
799 4448 896 4506 vacui.
940 4446 1019 4519 Quid
1047 4463 1119 4506 vero
1142 4456 1173 4504 tu
1196 4447 1285 4505 iudei
1328 4446 1405 4505 Num
1438 4447 1505 4506 ideo
1529 4466 1635 4525 aspec-

284 4545 332 4595 tus
363 4535 434 4594 nihil
468 4536 579 4595 iaciunt
611 4534 650 4594 ad
683 4534 786 4594 cienda
819 4531 975 4594 meteorai
1019 4532 1080 4593 Nec
1108 4534 1212 4594 stellae
1242 4535 1310 4610 plus
1337 4534 1450 4595 habent
1474 4535 1635 4607 facultatis,

285 4640 373 4699 qaam
395 4640 460 4683 eam
482 4624 585 4700 ipsam,
609 4621 808 4698 distinguendi
830 4632 964 4698 tempora
986 4622 1087 4697 signis,
1110 4623 1147 4681 ad
1171 4638 1261 4699 quem
1282 4625 1310 4680 in
1332 4623 1475 4699 scriptura
1499 4622 1636 4682 dicentur

284 4712 379 4773 lautae
408 4713 448 4770 ab
475 4710 612 4784 origine?
659 4711 869 4785 Argumentare
899 4711 998 4784 itaque
1030 4708 1168 4783 ulterius,
1201 4712 1230 4767 in
1261 4713 1403 4787 scriptura
1430 4710 1542 4769 nullam
1572 4711 1635 4770 lieri

285 4801 461 4858 mersionem
484 4797 660 4858 discriminis
681 4802 755 4857 inter
778 4798 879 4858 stellas
902 4807 1031 4856 ementes
1055 4806 1084 4856 et
1107 4799 1190 4871 lixas,
1214 4797 1310 4856 milles
1326 4800 1415 4873 igitur
1436 4814 1501 4857 esse
1517 4816 1635 4858 errones

285 4903 338 4946 seu
360 4886 502 4966 planetas.
549 4884 685 4946 Otiuem
708 4885 779 4945 mihi
810 4888 962 4962 contingat
985 4883 1083 4945 videre
1110 4885 1341 4946 taediosissimae
1370 4885 1523 4946 lectionisl
1569 4887 1634 4945 Non
