3567 5625
400 1711 625 1808 *Julius
656 1715 854 1811 KEPLERI
886 1717 1213 1811 ΜΑΤΗΕΜᾹΤΙΟΙ

157 1892 297 1972 PRO
335 1892 472 1973 SUO
506 1896 740 1975 OPERE
778 1897 1242 1978 HARMONICES
1273 1899 1502 1992 MUNDI
1622 1901 1627 1917 '

673 2075 980 2248 llllllllll

506 2333 657 2395 niveum
679 2337 958 2397 demonstrationem
981 2338 1160 2418 analyticam

390 2486 462 2556 cr.
490 2488 547 2557 v.
575 2489 639 2558 rr.
663 2489 870 2561 monerer
902 2490 964 2562 ue
989 2490 1268 2588 urceorum,
1381 2593 1386 2602 ‚

688 2602 790 2658 ldedici
807 2603 977 2659 Oxonienale.
1020 2629 1025 2638 ·

285 2742 321 2801 ln
349 2760 408 2819 qna
439 2743 489 2802 iile
516 2746 643 2806 sedicit
674 2747 849 2827 respondere
880 2748 918 2808 ad
944 2749 1145 2828 Appendicem
1175 2750 1244 2811 dicti
1267 2752 1371 2829 operis.
1414 2762 1419 2766 ·

379 2918 535 2969 rrancoiurtr
553 2920 682 2971 Snmtibua
699 2922 828 2971 Godenldi
846 2923 1000 2985 Tampachil.
1039 2927 1112 2975 Anno
1131 2922 1286 2976 ninom.

157 3430 209 3487 Ad
229 3430 464 3488 mafieannum
487 3428 885 3505 excellentissimumque
907 3421 1042 3501 Virum,
1066 3434 1105 3491 D.
1128 3433 1318 3491 Bobertum
1340 3430 1383 3487 de
1403 3430 1506 3489 Fluc-

246 3519 358 3587 tibus,
385 3519 575 3576 Medicinae
597 3523 631 3577 et
652 3519 897 3590 Philosophiae
919 3520 1103 3576 Doctorem
1131 3519 1410 3586 celeberrimum,

320 3606 464 3664 ioannis
485 3607 632 3679 Kepleri,
655 3607 903 3676 Mathematici,
931 3606 1086 3676 Epistola
1108 3606 1331 3676 apologetica.

241 3760 315 3820 Sero
338 3767 405 3834 tna,
431 3760 483 3819 Vir
505 3761 768 3832 Excellentissime,
802 3760 962 3821 declaratio
985 3760 1133 3838 analytica
1154 3778 1235 3820 meaa
1259 3758 1297 3819 ad
1319 3776 1424 3817 manua
1448 3759 1501 3819 de·

158 3850 235 3906 veuit
258 3846 437 3924 offenditque
458 3850 584 3924 negotiis
606 3847 855 3909 inextricabilibus
877 3847 1059 3924 implicitum,
1083 3858 1116 3907 ut
1134 3850 1158 3906 ei
1182 3848 1270 3924 plane
1285 3849 1500 3923 praeteriissem

157 3937 310 4005 intactam,
341 3952 442 4007 nemo,
471 3939 521 4012 qui
543 3954 671 3996 mearum
695 3953 789 3997 rerum
813 3938 948 3994 consciae
970 3945 1030 4009 eet,
1061 3937 1276 3995 contumaciam
1300 3934 1407 3992 silentii
1430 3934 1501 3991 milri

158 4024 185 4078 iu
214 4023 371 4099 superbiae
402 4032 501 4082 notam
532 4016 675 4101 imputare
703 4027 805 4100 poerit.
851 4022 931 4083 Vicit
961 4031 1058 4082 tamen
1081 4031 1186 4083 natura
1215 4038 1336 4097 meaque
1359 4020 1512 4080 hactenus

157 4110 307 4184 obtentur,
333 4112 419 4182 vicit,
451 4113 586 4187 inquam,
617 4111 747 4171 taedium
769 4110 914 4170 scribendi
935 4109 1128 4193 legendique,
1158 4127 1212 4170 nec
1234 4111 1421 4167 inhonestum
1443 4107 1500 4167 lroc

156 4205 299 4256 certamen
322 4201 506 4269 existimari,
538 4216 592 4258 nec
613 4198 752 4258 lectorem
774 4196 895 4257 avidum
926 4188 1121 4257 frustrandum
1145 4199 1262 4271 censui,
1266 4194 1421 4271 denique
1444 4195 1500 4253 hoc

154 4282 260 4357 lucelli,
284 4284 363 4360 quod
387 4286 563 4363 typographi
585 4295 702 4388 captare
725 4284 862 4345 ridentur
884 4285 1030 4343 irritandie
1060 4288 1089 4343 in
1112 4300 1144 4343 ee
1167 4292 1269 4343 mutuo
1292 4281 1500 4362 incendendis·

157 4388 210 4446 que
233 4373 416 4445 auctoribus,
448 4381 590 4449 quantum
618 4376 647 4431 in
670 4390 717 4432 me
739 4382 797 4444 eet,
828 4374 946 4431 nonnisi
972 4390 1024 4448 per
1046 4370 1209 4432 honestatis
1238 4377 1381 4447 speciem,
1415 4371 1500 4429 bonis

157 4460 288 4518 omnibns
312 4460 518 4548 approbatam,
547 4460 604 4519 illie
628 4459 839 4539 expediendum
861 4461 961 4518 rumai.
1006 4459 1068 4519 Nec
1089 4459 1223 4536 pluribus
1246 4459 1411 4535 praefatur,
1446 4457 1500 4516 de·

158 4545 376 4607 cierationem
368 4565 476 4623 ipsam,
506 4547 649 4623 prolixam
680 4559 768 4607 antea
790 4548 878 4621 satis,
913 4554 945 4606 ut
971 4545 1000 4602 in
1024 4563 1082 4622 qua
1103 4545 1176 4604 milri
1206 4563 1259 4623 pro
1282 4547 1500 4620 comparatione

154 4649 219 4692 mea
241 4633 410 4736 centuplum
432 4634 575 4707 refundis,
599 4644 741 4710 qnantum
763 4644 866 4710 potero
890 4634 1008 4693 conciso
1031 4635 1172 4693 orationis
1196 4650 1303 4709 genere
1324 4647 1498 4709 percurram,

154 4736 288 4796 quaeque
312 4724 341 4780 in
365 4739 401 4781 ea
422 4721 492 4780 milri
515 4722 694 4781 videbuntur
717 4721 848 4795 officere,
872 4719 991 4780 diluam.

239 4807 273 4866 In
306 4808 393 4869 titulo
425 4808 615 4888 praelationis
647 4810 750 4881 miror,
788 4826 863 4883 quae
897 4816 926 4868 te
960 4809 1118 4867 necessitas
1152 4806 1190 4865 ad
1224 4803 1495 4883 „respondendum“

151 4892 297 4973 adegerit,
326 4899 374 4958 oui
396 4899 475 4976 prior
495 4913 552 4976 ego
573 4895 646 4958 nihil
675 4895 898 4974 spoponderim,
925 4895 999 4957 nihil
1020 4896 1201 4974 rogaverim,
1229 4893 1304 4955 nihil
1329 4892 1497 4970 obiecerim.
