3567 5625
658 451 742 509 biber
758 452 807 509 111.
828 453 916 524 Caput
933 447 980 507 lxi
1433 447 1494 513 bii

25 645 28 702 ζ
147 639 231 681 cansa
250 623 330 682 nnita
347 633 397 694 sat,
414 625 554 696 siqnitque
571 626 791 686 mdodnanoses
808 628 836 684 in
854 627 998 699 disciplina
1015 626 1171 682 harmonica
1179 623 1325 695 injudosas
1342 621 1370 680 in
1388 636 1496 679 sensnm
1597 680 1603 688 ,

145 703 263 760 auditus.
302 706 339 761 At
354 703 453 775 imnis,
471 711 527 760 tam
546 705 579 762 12
596 704 632 761 ad
648 707 662 760 1
682 722 764 776 qnam
783 706 815 762 12
833 706 897 764 adh
915 722 970 764 uon
983 712 1088 764 tautum
1099 706 1171 761 inter
1182 703 1337 770 conannas,
1356 701 1404 758 sed
1417 701 1497 773 plana

145 782 217 838 iuter
234 799 371 841 consonas
389 783 579 854 proportiones
598 791 677 852 snut,
700 785 801 856 qnippe
819 801 879 841 cum
898 795 927 842 et
943 785 1014 842 istus
1033 784 1201 855 dodecaponi
1223 791 1251 839 et
1272 781 1402 838 subtensa
1420 781 1497 851 quia·

145 877 198 932 que
216 861 303 932 signis
321 864 376 918 sint
393 861 632 931 demonstrabiles3
657 870 686 918 et
702 864 824 920 abutitm
840 865 945 920 maone
962 864 1147 934 Ptolemaeus,
1172 863 1195 918 si
1214 866 1308 930 negat,
1327 862 1399 930 qnod
1418 875 1497 916 sures

39 963 45 972 ·
144 940 291 1008 ammana,
309 957 348 997 sc.
366 938 566 1010 semiditonum,
584 943 630 1012 qni
648 942 850 1012 proportionem
868 945 885 999 6
904 944 939 999 ad
957 943 1120 1012 i¹eoutinet,
1142 949 1171 999 et
1188 940 1321 1010 diapason
1340 956 1401 996 cum
1419 939 1496 995 semi

25 1077 26 1082 ,
146 1018 252 1086 1110ιο,
276 1019 323 1089 qui
343 1018 376 1076 12
393 1018 428 1074 ud
446 1020 475 1082 h,
493 1021 683 1075 consonantias
700 1036 769 1076 esse.
1165 1073 1171 1086 ,

25 1099 26 1184 ζ
235 1098 309 1154 Nota
328 1097 398 1151 vul.
435 1095 566 1166 Superest
584 1097 679 1154 ultima
696 1100 778 1168 buJ'us
796 1100 892 1169 capitis
911 1099 1091 1170 comparatio,
1111 1098 1184 1167 qnod
1203 1114 1264 1153 cum
1282 1098 1359 1165 signa
1381 1096 1436 1152 sint
1456 1096 1496 1158 12,
1615 1141 1618 1148 .

25 1201 26 1212 ¹
144 1177 214 1233 sicum
232 1183 291 1232 tres
309 1186 374 1232 sunt
392 1175 497 1244 speeies
516 1175 694 1246 diatessaron,
714 1178 753 1234 sie
772 1180 853 1235 etiam
871 1185 929 1233 tres
947 1179 1003 1235 sint
1019 1179 1158 1248 signorum
1176 1175 1365 1246 quadranguli,
1382 1181 1410 1230 et
1427 1174 1497 1229 sicut

143 1261 265 1323 quatuor
280 1252 421 1323 diapeme
448 1254 486 1308 sic
505 1255 585 1309 eoam
604 1265 722 1326 quatuor
738 1273 800 1313 esse
817 1257 955 1327 agnorum
973 1255 1122 1327 triangula,
1147 1254 1193 1310 ubi
1212 1254 1279 1309 nihil
1297 1254 1398 1322 habeo,
1422 1251 1495 1323 quod

146 1330 304 1387 Ptolemaeo
324 1347 358 1387 er
376 1331 433 1386 suis
451 1333 591 1403 principiis
609 1349 758 1404 opponam
776 1335 891 1406 pulcher
909 1353 975 1394 sanc
993 1350 1142 1408 responsus
1155 1343 1207 1396 est,
1225 1336 1248 1389 si
1265 1349 1325 1389 snm
1339 1332 1433 1387 rhetor
1449 1338 1497 1385 aut

144 1416 227 1481 Μ*
244 1408 345 1481 *iiiiii
361 1410 512 1480 intueatur,
534 1414 586 1469 etsi
603 1416 830 1485 comparationem
848 1419 907 1488 ipse
929 1418 958 1473 in
975 1416 1041 1472 meis
1063 1411 1317 1471 ratiocinationibus
1340 1426 1394 1466 non
1419 1408 1497 1464 adhi-

143 1491 249 1560 berem,
270 1491 335 1560 quia
351 1490 417 1546 mihi
436 1491 551 1549 circulm
568 1509 623 1550 nou
641 1503 746 1552 mamm
762 1496 791 1550 in
809 1494 937 1566 dodeca,
961 1494 1010 1552 sed
1027 1493 1109 1549 ctiam
1127 1493 1154 1549 in
1173 1489 1368 1558 decatemoria,
1387 1495 1416 1544 et
1433 1488 1491 1557 qui·
1597 1495 1600 1510 ⁴

144 1570 205 1626 dem
224 1585 242 1625 a
260 1569 384 1641 quolibet
399 1570 476 1628 initio
495 1573 620 1630 dividuus
638 1583 694 1634 est.
712 1590 800 1646 eoque
818 1575 932 1632 fortuita
949 1573 1056 1630 videtur
1072 1571 1119 1628 illa
1137 1571 1314 1643 conspiratio,
1332 1568 1496 1625 necessitate

144 1649 265 1719 (1118118111
280 1649 394 1705 ullorum
412 1653 632 1721 praecedentium
649 1669 829 1726 eonseqmns,
855 1670 906 1712 nec
931 1652 1003 1711 ultra
1019 1654 1122 1724 primas
1138 1650 1331 1709 consonantias
1354 1662 1416 1705 sese
1434 1660 1496 1717 pro·

143 1729 244 1798 tereus,
262 1728 297 1784 sd
314 1727 388 1799 ipsas
407 1730 488 1786 etiam
507 1741 611 1802 septeni
631 1734 735 1803 species
753 1733 896 1806 diapason3
919 1749 982 1791 nam
1008 1748 1058 1790 sex
1076 1731 1163 1789 solnm
1186 1730 1374 1803 oppositiones
1396 1727 1425 1783 in
1444 1726 1496 1782 cir·

142 1808 206 1863 tulo
221 1808 278 1863 ¹¹⁰0
295 1813 375 1878 pauiu
400 1809 469 1865 sumi
487 1819 622 1881 poterunt.
658 1813 830 1870 Ptolemaeus
853 1813 961 1885 quidem
981 1818 1094 1868 excusat
1116 1810 1182 1880 hoc,
1208 1809 1281 1879 quod
1306 1807 1410 1879 primae
1432 1819 1495 1862 eon·

144 1887 289 1943 sonantius
307 1885 382 1942 solae
401 1887 455 1944 sint
472 1889 679 1961 incompositae,
706 1893 835 1964 diapason
860 1891 1012 1963 composita
1035 1906 1070 1948 ex
1087 1890 1149 1947 iliis.
1186 1891 1270 1959 Atqui
1294 1890 1347 1944 hoc
1370 1885 1436 1943 nihil
1459 1883 1494 1940 ad

144 1965 305 2031 rhombum,
330 1977 373 2022 est
393 1968 463 2024 euim
481 1971 630 2027 murmanis
647 1972 800 2042 excusatio,
823 1987 878 2044 qua
894 1972 941 2043 qui
959 1971 1023 2027 velit
1039 1970 1094 2034 nti,
1118 1972 1210 2042 isper
1227 1981 1320 2026 omues
1339 1962 1494 2022 condiera-

142 2044 232 2101 tiuues
252 2053 281 2101 et
299 2048 514 2116 comparationes
532 2049 662 2120 diapason
680 2065 824 2108 enumero
842 2059 936 2122 posset
953 2050 1084 2116 eximere,
1107 2055 1314 2106 matranorum
1330 2040 1494 2108 Ptolemaei3

142 2123 219 2179 nulla
237 2124 310 2180 euim
327 2125 461 2181 manerio
478 2135 522 2182 cst
539 2128 620 2183 medii
638 2128 682 2184 hie
700 2128 810 2201 allegati
828 2147 889 2188 cnm
907 2130 1090 2197 conclusione,
1116 2137 1145 2186 et
1161 2127 1256 2201 posset
1273 2125 1371 2196 aliquis
1388 2126 1494 2179 contra·

145 2202 214 2257 mum
232 2201 346 2257 inferre:
370 2205 393 2259 si
417 2212 460 2262 est
477 2209 657 2278 compositum
681 2210 811 2282 diapason
836 2225 870 2264 ex
889 2209 1016 2279 diapente
1040 2217 1069 2264 et
1087 2207 1272 2274 diatessaron,
1295 2202 1391 2259 debuit
1414 2198 1495 2256 etiam

143 2295 287 2337 nnmerum
304 2280 407 2338 habere
423 2287 603 2356 compositum
622 2303 656 2343 ex
674 2288 793 2346 numeris
811 2288 1005 2345 elementorum
1023 2291 1040 2345 3
1058 2297 1087 2345 et
1101 2289 1127 2357 1,
1146 2295 1178 2342 nt
1196 2285 1296 2342 babeat
1312 2281 1423 2353 quidem
1439 2278 1495 2335 dia

145 2373 233 2427 WB
252 2359 393 2430 diedesi,
412 2377 553 2421 numerum
571 2367 749 2438 compositum
767 2382 801 2424 er
818 2368 835 2424 3
853 2367 1022 2424 (ἰὶιιιιιιιοιι
1046 2376 1074 2424 et
1092 2370 1110 2425 1
1128 2367 1267 2438 diapente,
1292 2378 1342 2420 our
1358 2376 1423 2432 erqo
1440 2374 1496 2416 uon

143 2437 226 2494 etiam
246 2437 425 2508 oppositionis
443 2453 508 2499 sunt
525 2446 541 2502 7
559 2447 722 2512 sumtioues,
734 2454 857 2518 'propter
873 2449 890 2501 4
908 2447 971 2502 trini
995 2456 1023 2502 et
1040 2448 1057 2504 3
1076 2445 1199 2517 quadrati
1221 2439 1389 2500 sumtiones?
1423 2437 1494 2494 Mihi

143 2515 255 2584 ‘illm
269 2522 320 2606 ,1181
343 2515 371 2570 in
395 2528 502 2596 promtu
527 2524 683 2595 responsio,
710 2525 759 2581 sed
781 2539 851 2596 quae
873 2541 928 2580 nou
946 2531 988 2580 est
1010 2534 1196 2583 consentanea
1216 2523 1281 2579 huic
1300 2516 1495 2591 comparationi

141 2592 334 2664 mmm,
353 2609 390 2651 ⁸⁰·
410 2601 545 2668 quianon
564 2602 604 2659 sic
621 2605 762 2673 oppositus
781 2619 814 2659 cx
832 2605 902 2660 trino
921 2611 949 2659 et
966 2604 1098 2674 quadrato
1117 2604 1295 2675 componitur,
1315 2605 1346 2655 ιιι
1363 2597 1494 2666 diapason

141 2685 176 2726 ⁸¹
194 2672 325 2742 &lente
342 2681 371 2728 et
388 2674 565 2751 diatessaron,
585 2679 633 2737 sed
651 2683 823 2752 componitur
840 2686 981 2754 oppositus
1000 2700 1034 2740 ex
1053 2684 1125 2740 tripu
1143 2691 1172 2740 et
1189 2681 1292 2750 sextili,
1313 2678 1356 2733 rel
1375 2693 1409 2732 er
1427 2678 1493 2732 duo·

141 2749 193 2807 bus
219 2750 374 2893 quadrat?
399 2762 427 2809 et
449 2773 514 2815 sero
538 2759 688 2824 sexauaula
705 2761 842 2832 signorum
865 2762 919 2820 duo
938 2772 1013 2835 suut,
1040 2764 1093 2823 duo
1117 2779 1181 2821 sero
1204 2771 1231 2819 et
1256 2765 1371 2832 quatuor
1388 2755 1493 2815 iaciunt

140 2845 203 2902 ια,
222 2846 264 2888 suc
282 2844 311 2890 et
345 2839 370 2895 is
388 2839 448 2894 tria.

229 2914 310 2984 Quod
327 2926 418 2975 autem
437 2919 564 2990 diapente
582 2935 636 2975 non
655 2922 690 2976 sit
709 2922 859 2991 compositu
875 2922 1065 2991 consonantia,
1084 2928 1151 2992 puta
1168 2936 1202 2976 ex
1220 2918 1406 2976 consonantiis
1423 2916 1493 2979 diis,

139 2992 212 3059 sire,
237 2993 312 3064 quod
329 2997 401 3053 idem
418 3004 474 3065 est,
499 2997 572 3067 quod
598 3016 652 3055 nou
672 3001 759 3071 possit
777 2999 859 3056 dividi
880 3002 906 3057 in
926 3001 1118 3057 consonantias
1136 3015 1166 3057 se
1184 3000 1315 3067 minores,
1339 2998 1368 3055 id
1392 2998 1492 3055 falsum

26 3138 27 3143 ,
140 3087 315 3144 consequeus
334 3084 376 3131 est
393 3076 428 3132 ad
445 3076 545 3135 bhum
563 3079 736 3134 antecedens:
756 3078 879 3134 ditonum
892 3089 920 3137 et
932 3079 1131 3149 semiditonum,
1148 3088 1241 3150 partes
1258 3077 1344 3149 ipsius
1357 3075 1495 3146 diapente,

137 3172 194 3211 nou
214 3168 277 3209 esse
293 3157 498 3225 consonantiam
523 3156 588 3226 qnia
606 3173 643 3212 so.
664 3157 838 3213 Ptolemaeus
855 3173 919 3213 suas
937 3157 1131 3214 mnsouantiaa
1153 3156 1215 3212 aliis
1236 3155 1375 3226 principiis
1398 3160 1426 3209 et
1444 3169 1493 3210 nu·

138 3248 278 3289 morum
299 3232 409 3291 mmdiis
434 3250 576 3305 perperam
599 3234 708 3303 delinit,
734 3234 785 3290 ιίιιι
810 3235 928 3291 inserens
952 3237 1064 3293 auribus
1086 3246 1134 3295 aut
1158 3244 1232 3291 certe
1250 3234 1331 3290 modo
1348 3230 1492 3304 loquendi3

138 3309 251 3367 omuino
269 3311 413 3370 enimdeo
431 3315 566 3369 demente
583 3314 669 3384 ipsine
687 3313 827 3385 diapente,
847 3314 955 3371 ditonm
967 3324 997 3370 et
1006 3315 1193 3379 semiditonus,
1211 3326 1275 3371 suut
1289 3312 1491 3371 consonantiae.

230 3388 356 3459 Denique
374 3389 534 3459 deventurus
552 3398 595 3448 est
613 3392 641 3446 in
659 3393 711 3447 bac
730 3391 918 3463 philosophiae
931 3402 1019 3465 parts,
1038 3395 1242 3450 consonantiam
1254 3394 1385 3462 diapason
1403 3391 1493 3447 dicere

141 3468 338 3538 compositam,
356 3485 407 3540 pro
425 3485 469 3539 eo,
494 3469 567 3538 quod
586 3471 638 3528 dici
657 3469 763 3535 debuit,
787 3469 861 3527 iliam
879 3488 940 3528 esse
958 3472 1195 3529 inconsonantiae
1212 3472 1329 3528 minores
1347 3470 1491 3527 disidm.

137 3546 211 3606 iiam
238 3547 262 3602 si
286 3556 362 3605 ortus
386 3548 566 3606 conditionem
585 3550 726 3620 respicias,
754 3550 820 3605 nihil
839 3552 890 3606 hae
908 3551 1084 3608 consonantia
1101 3552 1256 3609 identisona
1272 3551 1422 3622 simplicius
1439 3557 1493 3619 est,

135 3640 188 3682 uec
207 3627 297 3696 magis
314 3644 350 3681 ex
367 3625 536 3685 diatessaron
558 3637 586 3683 et
603 3629 730 3698 diapente
752 3630 903 3701 composita
919 3632 971 3689 dici
989 3639 1094 3702 potest,
1118 3649 1199 3702 qnam
1223 3647 1323 3703 corpus
1342 3647 1376 3686 ex
1393 3627 1491 3699 capite,

136 3715 165 3762 et
182 3715 298 3775 unaco,
325 3707 389 3776 qaia
406 3722 444 3762 sc.
470 3707 498 3762 in
516 3708 570 3763 iata
592 3707 739 3764 dducam.
776 3708 831 3766 Sed
854 3725 904 3767 nee
928 3711 1098 3769 diatessaron
1124 3719 1152 3767 et
1168 3710 1296 3784 diapente
1318 3711 1355 3767 ob
1375 3709 1403 3766 id
1428 3716 1492 3764 sunt

135 3786 344 3854 wmonantiae,
362 3785 426 3856 quia
442 3783 613 3842 mmaitunnc
626 3787 725 3856 juncta
737 3787 877 3859 diapason
896 3789 944 3846 sed
956 3790 1021 3860 quia
1032 3788 1173 3860 quodlibet
1185 3804 1219 3845 er
1231 3805 1282 3846 sua
1292 3788 1393 3845 idonea
1404 3786 1492 3857 ligura

135 3866 255 3924 seorsim
274 3864 372 3931 oritur,
391 3871 422 3920 nt
440 3863 573 3934 explicavi
590 3863 661 3921 lihro
679 3880 739 3921 meo
757 3865 805 3923 111
825 3882 883 3937 cap.
904 3868 1009 3925 stolio
1028 3868 1068 3923 st.
1088 3868 1174 3939 (tta.)

229 3960 383 4034 Explicatis
400 3961 483 4031 igitur
501 3962 544 4019 bis
562 3963 669 4021 dnobus
688 3964 835 4022 Ptolemaei
853 3966 988 4038 capitibus
1011 3972 1040 4022 et
1057 3972 1168 4022 ostensa
1190 3965 1331 4036 multiplici
1354 3977 1490 4036 compara·

134 4044 246 4101 tionum
268 4042 364 4100 huam
380 4039 564 4111 absurditate,
590 4052 697 4113 tempus
715 4052 770 4112 cst,
788 4052 821 4101 nt
840 4044 906 4113 quid
922 4044 950 4099 in
968 4044 1000 4099 iis
1018 4059 1126 4109 rerum,
1149 4050 1262 4101 naturae
1280 4050 1490 4101 consentaneum

134 4133 164 4180 et
181 4120 298 4180 causale
315 4120 360 4191 sit,
377 4121 491 4177 seorsim
510 4122 538 4177 in
556 4130 704 4193 conspectu
717 4121 848 4181 collocem
861 4140 1046 4194 summamque
1058 4123 1103 4179 hie
1113 4124 1232 4195 aliquam
1244 4141 1392 4195 proponam
1405 4126 1490 4180 totius

133 4203 189 4260 mei
208 4200 274 4256 ubst
292 4200 389 4270 quarti.
426 4200 479 4256 Est
496 4208 587 4256 antem
605 4201 670 4257 istu:
695 4202 769 4271 quod
786 4201 891 4258 animus
911 4202 1059 4265 formaliter
1077 4202 1128 4257 sihi
1145 4198 1230 4259 habet
1249 4203 1410 4274 impressum
1428 4203 1489 4259 cba-

136 4288 278 4339 meterem
296 4276 388 4334 &cuii
404 4278 615 4350 figurummque,
634 4296 703 4349 quae
717 4279 846 4336 circulum
860 4280 984 4337 dividunt
999 4282 1216 4352 demonstrative,
1235 4290 1263 4337 et
1277 4284 1489 4353 proportionum,
1558 4326 1562 4333 .

133 4378 206 4433 quas
225 4359 371 4416 constitnit
394 4357 509 4413 circuitus
527 4367 603 4414 totus
621 4374 682 4415 uum
700 4359 829 4429 arcubus,
852 4376 921 4431 qnos
939 4361 1060 4431 singulm
1085 4362 1229 4432 flanarutn
1253 4362 1340 4418 lineae
1366 4360 1490 4416 determi-

133 4449 211 4497 nant.
250 4439 319 4494 (ium
336 4439 418 4507 igitur
434 4437 538 4509 tignrae
556 4438 618 4494 iliae
636 4455 690 4495 uon
708 4447 813 4496 tantum
831 4441 905 4497 enda
922 4440 976 4497 unt
992 4440 1148 4508 coenante,
1168 4450 1199 4496 ut
1218 4441 1428 4497 demonstratum
1447 4447 1489 4495 est
1507 4461 1513 4475 ·

132 4521 208 4578 libro
226 4522 250 4576 1.
271 4518 320 4574 scd
337 4520 417 4574 etiam
437 4520 631 4589 proprietatem
648 4520 768 4577 habeant
785 4521 910 4577 eximiam
928 4521 1120 4590 congruentiae
1142 4528 1252 4577 mutuae
1270 4518 1440 4589 multiplicis,
1458 4527 1489 4574 ut

132 4612 281 4658 ostensum
300 4596 370 4654 libro
388 4599 424 4667 11,
444 4616 477 4654 ex
497 4615 529 4655 eo
547 4597 650 4655 bahem
667 4599 847 4666 hosanimaa
868 4610 900 4657 ut
917 4617 971 4654 non
988 4607 1093 4655 tantum
1110 4602 1262 4667 observent,
1283 4598 1487 4669 deprehendant

132 4679 341 4748 maimeutqus
357 4676 548 4746 proportiones
567 4677 676 4733 medem
694 4695 784 4735 rarum
801 4679 951 4743 senassinm,
969 4680 1122 4749 quantitate
1138 4677 1356 4750 participantium
1376 4676 1487 4745 (spacie-

131 4759 187 4812 hns
207 4772 304 4814 earum
321 4770 371 4823 per
388 4771 485 4811 seuam
502 4754 650 4813 introrsum
667 4757 702 4812 ad
720 4759 826 4815 ssimae
844 4760 937 4816 limina
955 4759 1081 4817 exhibitis
1098 4758 1189 4827 ibique
1206 4757 1278 4813 inter
1297 4771 1327 4812 ss
1345 4756 1381 4810 ab
1399 4754 1488 4810 anima

131 4833 326 4905 comparatis),
354 4833 402 4891 aad
426 4833 507 4891 edam
532 4851 561 4888 se
587 4835 661 4904 ipsas
685 4836 904 4895 conformantia
929 4840 986 4895 suis
1010 4836 1212 4909 operationibus
1239 4835 1274 4893 ud
1291 4832 1487 4904 praescriptum
1537 4842 1540 4851 '

130 4915 234 4973 talin
252 4912 471 4984 proportionum,
497 4923 527 4970 ut
545 4929 599 4986 quo
616 4913 756 4986 pulchrior
777 4925 821 4973 est
842 4915 1034 4992 maqmelibet
1051 4931 1143 4974 smum
1168 4922 1197 4972 et
1213 4922 1268 4987 quo
1285 4913 1486 4985 conpraeutior,
1581 4984 1588 4993 ·
