3567 5625
563 406 1009 511 ‘.mmmffl
1218 505 1221 523 ⁸
1474 444 1537 502 au

187 619 285 676 intimo
309 613 430 677 Saturni
458 616 567 677 circulo
597 617 769 695 applicatis,
800 625 901 679 centra
923 618 1076 695 planorum
1099 618 1160 677 iere
1191 622 1312 693 tangere
1334 616 1463 677 medium
1485 618 1545 677 cir-

192 705 288 765 culum
304 704 403 777 Jovis,
426 713 456 764 et
477 705 613 765 renasdu
626 707 742 783 angulis
765 709 868 766 intimo
884 705 971 766 Jovis
995 705 1102 767 circuio
1125 705 1339 779 insistentibus,
1363 712 1462 766 centra
1477 705 1544 782 pla·

188 809 289 852 norum
312 791 449 852 tetrae'dri
479 800 598 869 tangere
627 793 686 853 iere
709 794 813 854 Martis
842 794 982 854 circulum
1005 796 1161 868 extimum3
1191 794 1233 851 sic
1256 792 1385 852 octaedri
1415 792 1542 869 anguiis,

190 898 224 940 ex
245 880 370 940 Veneris
393 897 568 964 quocunque
598 882 706 940 circulo
730 883 918 959 surgentibus
940 879 1020 963 (suut
1048 884 1156 942 etenim
1180 896 1280 939 omnes
1303 889 1362 940 tres
1391 881 1421 938 in
1444 898 1541 957 angn-

186 970 343 1028 stissimum
373 968 561 1027 intervallum
590 966 721 1047 redacti),
754 977 853 1030 centra
883 971 1037 1047 planorum
1076 968 1306 1029 octaedricorum
1333 977 1485 1045 penetrare
1513 974 1543 1027 et

190 1055 358 1134 profundius
383 1054 559 1116 descendere
582 1056 657 1115 inira
680 1053 816 1118 Mercurii
847 1058 989 1117 circulum
1019 1058 1174 1129 extimum,
1203 1073 1298 1131 neque
1321 1063 1418 1116 temen
1442 1057 1542 1116 venire

187 1161 278 1219 usque
312 1142 350 1201 ad
383 1143 512 1202 medium
540 1142 677 1203 Mercurii
708 1145 865 1221 circulum,
901 1146 1027 1223 denique
1059 1137 1335 1204 dodecasducorum
1366 1141 1484 1221 quidem
1513 1151 1543 1203 et

187 1230 430 1291 icosabdricorum
459 1232 572 1290 orbium
596 1233 842 1308 proportionibus,
873 1234 949 1292 inter
963 1252 996 1295 se
1019 1233 1204 1308 aequalibus,
1225 1233 1360 1295 omnium
1392 1233 1542 1308 proximas

186 1336 248 1378 esse
270 1321 472 1395 proportiones
503 1316 558 1378 seu'
578 1319 733 1378 intervalia
762 1322 838 1381 inter
858 1319 964 1380 Martis
995 1329 1025 1379 et
1046 1320 1174 1380 Telluris
1203 1321 1338 1396 interque
1362 1317 1487 1378 Telluris
1511 1326 1542 1378 ot

188 1406 310 1466 Veneris
332 1406 464 1475 circulos,
489 1424 598 1482 easque
623 1410 703 1483 ipsas
724 1409 800 1467 inter
822 1426 854 1467 se
876 1408 1012 1468 similiter
1034 1408 1184 1484 aequales,
1208 1409 1234 1464 si
1256 1408 1295 1466 ab
1319 1408 1421 1466 intimo
1436 1405 1542 1466 Martis

188 1494 223 1554 ad
246 1492 534 1567 medium'Telinria
558 1513 577 1553 a
599 1494 696 1553 medio
720 1512 790 1555 vero
813 1495 941 1555 Telluris
966 1496 1002 1556 ad
1025 1495 1154 1555 modium
1173 1494 1297 1554 Veneris
1321 1501 1541 1571 computemus3

189 1581 314 1648 Telluris
345 1583 422 1641 enim
449 1581 578 1640 medium
607 1582 793 1642 intervallum
822 1591 867 1643 est
896 1583 1023 1644 medium
1047 1581 1264 1660 proportionale
1291 1581 1368 1642 inter
1389 1583 1540 1640 minimum

191 1669 292 1728 Martis
315 1676 345 1728 et
368 1668 496 1728 medium
517 1668 657 1744 Veneris3
690 1679 819 1730 attamen
849 1670 903 1730 has
926 1671 1000 1731 duas
1030 1672 1232 1747 proportiones
1261 1671 1337 1729 inter
1358 1667 1542 1747 planetarum

195 1756 316 1817 circulos
340 1756 437 1815 adbuc
459 1773 524 1816 ease
547 1757 692 1832 majores,
722 1776 811 1833 quam
833 1767 902 1817 aunt
932 1761 1065 1818 binorum
1097 1757 1213 1818 iliorum
1243 1760 1272 1816 in
1294 1755 1395 1833 liguris
1417 1757 1566 1831 orbium.

195 1847 236 1905 sic
262 1854 301 1903 ut
322 1843 477 1919 plenorum
500 1843 675 1904 dodeeaiidri
706 1853 806 1905 centra
837 1863 895 1906 non
926 1853 1048 1921 tangant
1077 1845 1219 1926 circulum
1241 1848 1381 1925 extimum
1404 1843 1540 1918 Telluris,

190 1949 282 2009 neque
310 1931 554 1992 icosaiidricorum
586 1932 739 2008 planorum
768 1941 868 1992 centra
898 1933 1036 1994 circulum
1067 1934 1208 1996 extimum
1236 1932 1375 2006 Veneris3
1407 1931 1459 1990 sed
1486 1948 1541 1992 neo

191 2019 297 2096 expleri
321 2020 399 2080 bunc
421 2018 533 2079 blatum
556 2037 608 2095 per
630 2020 880 2080 semidiametrum
904 2022 982 2080 orbis
1006 2021 1122 2093 Lunae,
1146 2037 1235 2097 supra
1258 2018 1389 2079 additam
1412 2018 1540 2078 Telluris

191 2106 344 2166 intervallo
367 2109 508 2181 maximo,
533 2109 608 2166 inira
630 2126 700 2169 vero
724 2107 871 2168 ademtam
894 2107 1025 2184 ejusdem
1049 2110 1180 2168 minimo.
1215 2107 1275 2167 Sed
1289 2108 1378 2166 aliern
1393 2107 1542 2181 quandam

192 2194 375 2276 deprehendo
408 2197 624 2272 proportionem
653 2195 820 2270 figuralem,
856 2198 881 2256 si
910 2214 1014 2273 nempe
1044 2205 1163 2255 auctum
1195 2193 1399 2254 dodecae'dron
1422 2199 1472 2263 (ug.
1486 2197 1540 2268 44),

192 2285 236 2342 aui
257 2299 365 2342 nomen
388 2282 491 2342 ocbino
515 2283 569 2341 ieci
591 2278 820 2364 (conformatum
833 2282 957 2344 ‘scilicet
980 2303 1016 2343 ex
1039 2282 1194 2344 duodecim
1215 2282 1308 2341 stellis
1331 2283 1541 2358 quinquangu-

192 2370 301 2429 laribus
324 2387 419 2448 eoque
434 2371 598 2447 proximum
614 2373 745 2446 quinque
762 2373 931 2449 corporibus
947 2371 1153 2448 regularibus),
1176 2369 1395 2448 boc,‘inquam,
1418 2370 1444 2427 si
1464 2367 1541 2428 duo·
1590 2377 1593 2386 '

193 2459 287 2517 decim
308 2473 463 2517 mucrones
486 2474 557 2517 snos
580 2457 704 2517 collocet
727 2462 756 2515 iu
780 2458 887 2519 circulo
911 2458 1016 2518 Martis
1038 2461 1157 2537 intimo,
1187 2466 1257 2517 tunc
1279 2457 1373 2517 latera
1394 2461 1542 2533 pentago-

155 2591 159 2598 ,
192 2563 311 2617 norum,
336 2547 387 2621 qui
409 2543 516 2621 singuli
540 2545 720 2621 singulorum
744 2547 890 2606 radiorum
913 2565 966 2606 seu
989 2562 1159 2610 mucronum
1182 2551 1250 2604 sunt
1271 2544 1372 2617 bases,
1397 2545 1541 2620 attingere

193 2632 319 2693 medium
342 2633 480 2692 circulum
503 2631 635 2702 Veneris.
682 2634 829 2694 Breviter:
862 2636 955 2694 cubus
985 2642 1015 2695 et
1037 2633 1193 2692 ocuadron
1216 2632 1357 2709 conjuges
1387 2638 1542 2708 penetrant

192 2738 259 2780 euos
281 2720 460 2798 planetarios
483 2721 567 2780 orbes
590 2721 731 2793 nonnihil,
755 2719 958 2782 doueeaodrou
981 2729 1012 2783 et
1031 2721 1202 2788 icosaddron
1219 2720 1359 2796 conjuges
1378 2735 1438 2778 non
1454 2718 1541 2795 plane

193 2817 386 2885 assequuntur
408 2825 486 2881 suos,
509 2808 674 2868 tetraidron
697 2813 826 2887 praecise
849 2813 945 2887 tangit
966 2816 1134 2885 utrumque3
1159 2807 1220 2867 illic
1242 2809 1351 2888 minus,
1375 2808 1441 2869 istie
1463 2806 1540 2884 plns,

194 2897 241 2956 bic
263 2897 388 2972 aequale
411 2904 455 2956 eat
477 2899 506 2953 in
528 2897 713 2973 planetarum
736 2898 907 2957 intervallis.
1564 2966 1583 2977 ,Ἴ

277 2985 322 3043 Ex
344 3001 404 3059 qua
424 3002 456 3045 re
478 2991 573 3065 patet,
600 2986 803 3061 proportiones
829 2986 993 3062 ipsissimas
1022 2983 1244 3043 intervallorum
1271 2980 1501 3059 planetariorum
1523 3000 1543 3043 a

192 3071 263 3133 Sole
291 3089 327 3131 ex
354 3070 427 3131 solis
456 3070 556 3147 figuris
586 3072 770 3147 regularibus
793 3073 942 3131 desumtas
973 3088 1031 3130 non
1060 3086 1140 3146 csse3
1171 3088 1230 3130 non
1254 3070 1371 3129 aberrat
1393 3072 1471 3131 enirn
1501 3071 1540 3130 ab

193 3158 351 3237 archetypo
375 3175 429 3217 sno
444 3158 572 3231 Creator,
596 3161 773 3234 geometriae
795 3160 860 3218 ious
874 3160 1047 3237 ipsissimus,
1072 3166 1109 3232 et,
1135 3165 1168 3217 ut
1182 3159 1268 3218 Plato
1291 3159 1417 3234 scripsit,
1441 3165 1540 3218 acter-

193 3264 269 3306 nem
285 3262 425 3306 coercens
445 3238 651 3321 pennensem
694 3246 733 3306 Et
754 3249 852 3324 potuit
873 3265 944 3307 sane
966 3246 1023 3305 boc
1038 3248 1133 3324 ipsum
1154 3246 1254 3322 colligi
1277 3244 1375 3305 velex
1391 3245 1541 3322 eo„quod
1559 3322 1561 3329 Ι

192 3335 329 3411 planetae
352 3350 453 3392 omnes
475 3330 631 3393 intervalia
652 3351 703 3410 per
726 3340 819 3394 certas
842 3342 1003 3412 temporum
1025 3333 1162 3409 periodos
1181 3341 1303 3405 mutant,
1326 3335 1369 3391 sic
1391 3340 1424 3391 ut
1446 3351 1540 3411 uuus-

192 3422 318 3497 quisque
341 3419 399 3480 duo
421 3419 529 3480 babeat
552 3422 677 3497 insignia
698 3420 855 3481 intervalla
875 3439 894 3480 a
916 3421 996 3493 Sole,
1019 3422 1177 3480 maximum
1200 3427 1230 3479 et
1251 3421 1410 3493 minimum,
1437 3420 1541 3481 datur-

193 3526 252 3585 que
277 3511 353 3567 inter
379 3508 464 3567 binos
492 3506 638 3585 planetae¹
655 3511 834 3585 comparatio
866 3507 1086 3568 intervallorum
1116 3507 1234 3567 aSole
1262 3506 1460 3584 quadruplex,
1490 3508 1540 3569 vel

190 3598 385 3655 maximorum
415 3594 463 3654 vei
492 3597 677 3654 minimorum
711 3595 760 3654 vel
790 3599 997 3655 contrariorum
1033 3597 1293 3655 remotissimorum
1322 3596 1397 3653 inter
1426 3612 1458 3655 se
1488 3593 1538 3654 vel

191 3686 404 3761 proximorum
427 3685 469 3741 ita
491 3681 564 3741 bunt
585 3683 719 3742 binorum
742 3692 772 3742 et
794 3685 928 3742 binorum
950 3686 1111 3742 vicinorum
1137 3674 1320 3759 planetarum
1343 3685 1540 3758 comparatio·

189 3790 244 3831 nes
264 3788 385 3830 numero
409 3772 526 3846 viginti,
550 3787 615 3829 eum
639 3787 654 3829 e
678 3774 821 3830 contrario
844 3771 955 3847 figurae
977 3769 1090 3830 solidae
1116 3770 1211 3829 solum
1234 3770 1363 3844 quinque
1385 3772 1452 3828 sint
1498 3769 1539 3829 At

190 3875 262 3919 vero
285 3865 513 3918 consentaneum
535 3866 596 3931 est,
627 3856 808 3931 Creatorem,
837 3861 863 3917 si
890 3876 989 3918 curam
1019 3857 1123 3917 babuit
1150 3858 1347 3934 proportionis
1371 3858 1486 3916 orbium
1508 3858 1538 3915 in

191 3963 309 4024 genere,
332 3963 429 4005 curam
453 3947 541 4005 etiam
563 3944 702 4005 babuisse
725 3948 929 4023 proportionis,
953 3955 1089 4023 quaeest
1111 3948 1185 4004 inter
1199 3932 1380 4020 singulorum
1395 3947 1424 4001 iu
1440 3945 1539 4021 specio

190 4033 349 4093 intervalla
370 4034 524 4111 variantia,
548 4049 671 4110 eamque
695 4050 793 4093 curam
815 4036 952 4110 utrinque
974 4032 1096 4093 eandem
1110 4050 1175 4093 esse
1198 4031 1378 4109 alteramque
1394 4049 1430 4091 ex
1445 4032 1540 4092 altera

191 4124 285 4194 necti,
309 4138 367 4196 quo
391 4123 533 4197 perpenso
557 4120 753 4181 obtinebimus
776 4139 847 4181 sane
870 4130 900 4181 et
920 4121 993 4193 boc,
1019 4120 1100 4197 quod
1122 4120 1160 4180 ad
1183 4118 1402 4181 constituendas
1425 4121 1539 4179 orbium

190 4218 222 4271 et
251 4208 410 4267 diametros
438 4216 468 4267 et
497 4210 733 4277 ecceniricitates
749 4210 873 4285 junctim
903 4209 1035 4287 pluribus
1066 4211 1105 4268 sit
1127 4224 1201 4286 opus
1230 4209 1394 4286 principiis,
1424 4212 1539 4286 practer

190 4299 322 4375 quinque
343 4295 490 4371 regularia
511 4310 640 4372 corpora

280 4382 405 4458 Quinto,
433 4393 466 4442 ut
488 4383 526 4443 ad
552 4390 648 4443 motus
670 4384 837 4455 veniamus,
867 4385 942 4443 inter
964 4400 1038 4460 quos
1066 4385 1240 4443 constitutae
1270 4389 1338 4442 sunt
1359 4382 1538 4455 barmoniae,

190 4488 307 4532 rursum
331 4470 445 4530 incruco
473 4471 592 4544 lectori,
616 4470 845 4529 demonstratum
876 4484 940 4531 esse
967 4489 985 4530 a
1006 4489 1052 4531 me
1079 4473 1108 4530 in
1131 4470 1354 4530 Commentariis
1383 4469 1418 4529 de
1442 4468 1538 4527 Marte

191 4577 229 4619 ex
265 4560 433 4619 certissimis
462 4559 568 4618 Brabei
602 4559 872 4628 observationibus,
906 4558 985 4634 quod
1014 4575 1097 4618 arcus
1131 4556 1224 4617 diurni
1259 4557 1399 4634 aequales
1425 4559 1454 4613 iu
1485 4572 1537 4635 ee·

189 4648 320 4708 centrieo
344 4662 403 4704 uno
425 4653 455 4707 et
477 4646 580 4706 eodem
601 4662 659 4704 non
684 4646 800 4722 aequali
822 4653 1007 4722 permeentur
1029 4644 1190 4716 celeritate,
1222 4643 1273 4703 sod
1305 4643 1384 4720 quod
1408 4644 1465 4702 bae
1490 4641 1537 4701 di·

188 4751 297 4795 versae
317 4751 422 4794 morae
435 4734 621 4809 inpartibus
636 4733 814 4808 aequalibus
832 4736 986 4793 mecanica·
1005 4726 1157 4794 emoverat
1169 4735 1396 4810 proporboncm
1409 4748 1537 4791 suorum

190 4823 428 4883 madorem
449 4840 470 4880 c
492 4821 575 4895 Sola,
599 4821 678 4879 ionte
699 4827 812 4895 motus3
843 4830 873 4881 et
895 4823 1039 4895 vicissim,
1067 4820 1146 4896 quod
1169 4822 1328 4898 suppositis
1356 4819 1536 4895 temporibus

191 4909 378 4986 aequalibus,
398 4914 474 4987 puta
495 4926 554 4969 uno
576 4908 624 4969 die
645 4907 773 4969 naturali
794 4911 946 4986 utrinque,
976 4908 1184 4995 respondentes
1209 4910 1246 4968 iis
1267 4907 1374 4973 distrui
1393 4908 1460 4973 vrri
1481 4924 1537 4967 cr·-a
