3567 5625
235 441 297 503 iao
764 438 807 495 De
824 436 1052 509 Propertiombus

235 619 263 690 1,
286 617 316 690 2,
337 617 432 675 minor
454 632 524 677 raro
546 618 621 676 inter
644 619 673 691 3,
697 619 727 691 4,
751 618 852 678 ablata
873 638 894 677 a
913 619 1018 695 majori
1040 619 1070 691 2,
1095 616 1124 689 3,
1147 613 1333 691 relinquebat
1354 614 1591 689 sesquioctavam

231 706 305 763 inter
329 703 358 778 8,
382 704 411 762 9.
455 701 493 763 Et
514 711 627 763 tantum
649 704 902 782 deprehenderunt
923 724 987 766 esse
1008 702 1194 763 intervallum
1217 705 1292 775 toni,
1315 697 1538 761 usitatissimum
1559 700 1590 756 iu

233 792 313 851 omni
335 800 431 850 cantu.
475 789 568 868 Atqui
597 808 735 853 numerus
758 795 777 852 8
801 804 846 854 est
867 793 960 853 cubus
982 791 1019 852 de
1042 794 1072 866 2,
1095 799 1125 852 et
1145 807 1283 851 numerus
1307 790 1326 849 2
1348 796 1394 848 ost
1415 787 1590 866 quadratum

232 877 269 937 de
292 879 322 940 3.
366 877 437 937 Jam
458 879 547 955 igitur
568 878 598 938 hi
621 888 704 940 erant
724 882 754 939 in
784 890 900 960 promtu
920 881 1033 941 numeri
1057 883 1085 948 1,
1109 881 1139 953 2,
1163 881 1191 954 3,
1216 881 1246 952 4,
1269 877 1299 950 3,
1323 878 1351 936 9.
1396 875 1470 936 Cum
1493 882 1590 934 summ

231 963 335 1025 eadem
355 967 451 1024 unitas
473 968 512 1024 sit
534 974 564 1026 et
585 967 761 1044 quadratum
781 986 867 1029 suum
889 977 919 1028 ot
940 969 1050 1043 onbue,
1072 966 1202 1026 binarius
1225 981 1295 1026 vero
1310 962 1483 1039 quadratum
1505 978 1592 1021 annm

213 1052 351 1113 ‚baberet
374 1055 395 1111 4
418 1062 448 1113 et
469 1053 576 1113 cubum
599 1055 627 1128 8,
651 1058 777 1116 ternario
800 1059 888 1116 etiam
910 1065 1024 1134 praeter
1039 1053 1248 1133 qnadmtnmtt
1268 1051 1463 1129 adjunxerunt
1484 1050 1591 1109 cubum

232 1157 318 1199 sunm
341 1142 393 1212 27,
424 1140 503 1216 quod
527 1144 740 1218 existimarent,
771 1143 809 1203 ad
832 1146 924 1204 cubos
953 1160 1046 1220 usquc
1076 1141 1320 1220 progrediendum
1342 1156 1406 1199 esse
1429 1146 1591 1216 propterea,

231 1226 311 1304 quod
332 1226 460 1287 mundns
482 1236 562 1288 totns
585 1239 615 1290 et
630 1231 747 1291 vocalia
761 1235 860 1292 omnia
881 1249 940 1290 non
954 1229 1162 1309 superficiebus
1185 1236 1353 1289 constarent
1370 1226 1516 1298 inanibus,
1539 1222 1592 1283 sed

231 1313 335 1374 solidis
358 1315 535 1393 corporibus.
571 1317 706 1394 Denique
728 1338 765 1379 ex
786 1319 843 1379 hoc
864 1321 948 1378 initio
970 1327 1054 1379 tante
1075 1318 1185 1377 coaluit
1207 1317 1307 1395 opinio
1329 1330 1513 1373 numerorum
1535 1312 1592 1371 bo-

230 1419 303 1476 rum,
325 1409 478 1480 propterea
499 1403 579 1480 qnod
603 1416 701 1465 essent
722 1410 820 1486 prim,
851 1424 1010 1482 corumque
1031 1404 1167 1482 quadrati
1190 1413 1219 1465 ct
1241 1404 1319 1473 cubi,
1342 1411 1376 1463 nt
1396 1400 1592 1479 Pythagorici

231 1489 569 1568 totamphilosophtam
598 1510 634 1552 cr
663 1495 699 1552 iis
729 1497 893 1555 censuerint
921 1492 1160 1554 concinnandam.
1204 1491 1280 1551 Nam
1302 1491 1399 1549 unitas
1421 1476 1593 1567 repraescn'·

232 1576 315 1636 tabat
336 1577 408 1655 ipsis
430 1577 528 1639 ideam
549 1587 580 1639 et
600 1590 727 1642 mentem
748 1591 778 1641 et
799 1583 936 1656 iormsm,
967 1583 1038 1659 qula
1058 1590 1092 1639 ut
1112 1583 1211 1639 unitas
1232 1576 1386 1638 individua
1407 1585 1453 1636 est
1473 1574 1593 1635 eadem

232 1680 290 1740 quo
312 1673 412 1726 manet
434 1673 464 1724 et
485 1665 628 1741 quadrato
650 1668 844 1747 multiplicata
865 1679 896 1730 et
917 1670 1027 1742 cubico,
1050 1671 1093 1728 sic
1114 1667 1199 1728 ideae
1214 1682 1332 1743 quoque
1347 1663 1542 1724 indivisibiles
1564 1669 1594 1721 et

231 1752 411 1812 universales
434 1760 532 1813 essent
554 1761 583 1813 ct
604 1773 718 1834 semper
739 1757 826 1818 idem.
856 1758 960 1834 ltaque
976 1759 1118 1816 unitatem
1138 1756 1269 1815 lecerunt
1283 1751 1449 1832 symbolum
1471 1759 1593 1812 naturae

231 1839 401 1910 identitatis,
422 1855 557 1900 numeros
579 1861 649 1903 vcro
673 1853 785 1905 ceteros
812 1846 949 1923 symbola
979 1853 1099 1903 naturae
1129 1842 1294 1902 alteritatis.
1339 1840 1476 1899 Binarius
1505 1841 1594 1915 igitur

232 1925 408 1987 alteritatem
429 1929 569 2004 signabat
589 1939 619 1990 ct
640 1935 804 2007 materiam,
828 1936 900 2010 quia
922 1932 1097 1992 diuisionem
1118 1930 1169 1990 illc
1192 1929 1335 2002 admittit,
1358 1936 1391 1986 ut
1413 1936 1444 1987 et
1465 1929 1541 2000 ista3
1565 1932 1595 1984 et

232 2023 266 2074 ut
288 2013 338 2074 illc
361 2013 504 2091 quadrats
525 2016 735 2098 multiplicatus
757 2021 791 2079 tit
812 2023 847 2095 4,
877 2022 979 2081 cubico
1003 2021 1039 2094 8,
1071 2021 1122 2095 qni
1144 2027 1213 2077 sunt
1235 2017 1346 2077 numeri
1369 2014 1500 2075 distincti
1522 2031 1541 2072 a
1563 2013 1594 2085 2,

232 2103 276 2161 sic
297 2104 422 2162 materia
442 2104 588 2165 instabilis
610 2115 639 2167 et
661 2108 845 2168 multiformis
860 2125 926 2169 esse
940 2115 1047 2188 potest
1078 2105 1185 2166 Aliter:
1202 2105 1333 2164 binarius
1356 2106 1445 2163 etiam
1467 2102 1594 2161 animam

232 2190 392 2269 signabat,
421 2191 501 2267 quod
524 2209 589 2251 cnm
611 2211 693 2254 meus
715 2195 873 2256 immobilis
900 2198 939 2256 sit
960 2203 1013 2255 sut
1033 2202 1116 2254 mutu
1137 2193 1274 2253 unllormi
1301 2209 1341 2252 sc.
1366 2188 1496 2250 circulari
1519 2203 1596 2265 gau·

233 2275 318 2352 deat,
350 2279 450 2337 anima
471 2287 573 2340 contra
593 2280 768 2360 multiplices
790 2292 888 2345 motus
918 2302 937 2343 a
964 2299 1084 2361 corpore
1112 2282 1240 2360 excipiat
1269 2277 1365 2356 adque
1387 2286 1484 2337 motus
1506 2277 1595 2336 recti-

232 2364 337 2443 lineus,
358 2367 410 2442 qui
433 2375 501 2425 sunt
523 2369 553 2425 iu
575 2370 730 2447 sennplici
751 2370 922 2445 differentia,
944 2372 1040 2447 magis
1061 2369 1243 2430 familiariter
1264 2385 1296 2427 se
1319 2366 1436 2428 babeat
1457 2365 1595 2440 Denique

236 2454 380 2513 ternarius
400 2454 524 2513 notabat
545 2454 604 2515 illis
626 2473 747 2535 corpus,
771 2462 966 2536 compositum
987 2476 1024 2518 ex
1045 2457 1139 2518 lorma
1161 2464 1191 2515 et
1210 2456 1348 2528 materia,
1370 2455 1447 2513 sicut
1470 2454 1489 2511 3
1514 2468 1596 2511 com-

232 2541 345 2619 positus
367 2548 470 2601 estex
492 2543 510 2600 2
534 2549 564 2602 et
580 2546 607 2619 1,
629 2547 752 2627 etquis
773 2563 897 2626 corpora
916 2544 1066 2606 mundans
1086 2553 1131 2605 tot
1151 2542 1262 2604 babent
1285 2541 1495 2615 dimensiones,
1524 2545 1597 2614 quot

232 2630 376 2688 ternarius
397 2630 535 2690 unitates.

318 2715 421 2793 Neque
450 2723 564 2776 tantum
591 2718 727 2796 symbola
755 2726 838 2779 erant
863 2722 978 2780 numeri
1000 2721 1090 2779 trium
1121 2719 1342 2795 principiorum,
1371 2714 1424 2775 sed
1446 2715 1510 2792 jam
1532 2716 1597 2792 ipsa

215 2804 332 2864 ‘anima
354 2804 585 2881 componebatur
606 2807 678 2886 ipsis
709 2826 745 2867 ex
767 2806 848 2869 bisce
870 2812 998 2869 numeris
1020 2823 1179 2883 eorumque
1201 2804 1438 2886 proportionibus
1461 2803 1597 2863 omnibns

233 2900 264 2953 et
285 2889 534 2952 subdivisionibus
556 2896 776 2971 proportionum
799 2899 830 2954 in
844 2896 1062 2973 sesquialteras,
1085 2895 1287 2971 sesquitertias
1308 2904 1338 2954 et
1354 2893 1596 2969 sesquioctavas:

231 2986 265 3039 ut
287 2980 399 3052 anima,
428 2979 578 3039 vinculum
600 2984 705 3042 mentis
735 2991 764 3043 et
787 2986 930 3062 eorporis,
963 2993 1042 3044 esset
1072 2984 1102 3042 in
1123 2999 1180 3042 sua
1201 2982 1330 3041 essentia
1351 2980 1425 3039 nibil
1447 2981 1504 3039 nisi
1526 2978 1598 3038 har·

232 3067 333 3125 monia
361 3082 455 3142 exque
476 3065 637 3129 harmoniis
651 3072 822 3147 composita
874 3071 923 3131 Ad
950 3070 1007 3132 hoc
1033 3071 1143 3148 dogma
1169 3069 1252 3129 duxit
1278 3068 1346 3128 illos
1374 3066 1477 3147 procul
1507 3064 1598 3125 dnbio

234 3152 429 3214 consideratio
451 3154 523 3228 ista,
547 3154 626 3233 qnod
649 3161 747 3218 anima
769 3159 899 3219 bumana
921 3157 1080 3219 delectetur
1101 3166 1253 3236 tantopere
1276 3157 1415 3229 nucibus,
1443 3170 1519 3232 quse
1540 3152 1599 3213 ali·

234 3257 310 3319 quas
333 3242 535 3320 proportiones
556 3243 741 3306 harmonicus
762 3245 965 3325 magnitudine
986 3264 1042 3307 sna
1063 3247 1190 3308 iormsnt
1212 3254 1242 3305 et
1263 3246 1424 3305 continent.

563 3424 742 3499 Ercursus
769 3428 814 3500 de
841 3429 1007 3523 letracty
1034 3428 1281 3518 Pythagorica.

322 3590 368 3652 Ex
396 3593 545 3672 principiis
572 3594 662 3672 paulo
684 3603 774 3658 antea
803 3599 943 3675 expositis
972 3598 1089 3659 ridetur
1119 3594 1248 3657 eruenda
1276 3611 1340 3654 esee
1370 3592 1422 3653 illa
1447 3599 1601 3669 tetractys,

236 3680 302 3739 sous
325 3682 461 3757 perennis
482 3683 598 3741 animae
620 3681 775 3756 humanae,
801 3702 854 3763 per
875 3703 965 3763 qnam
977 3686 1176 3766 Pythagoraei
1194 3682 1345 3760 jurabant,
1372 3698 1440 3741 mea
1461 3680 1601 3757 opinione

236 3772 287 3839 sic,
311 3765 391 3842 quod
423 3769 498 3828 inter
525 3772 612 3827 trium
641 3772 782 3831 cuborum
807 3776 837 3845 1,
863 3773 882 3831 8
906 3782 935 3833 et
957 3776 997 3833 21
1022 3774 1121 3849 binos,
1152 3772 1235 3832 verbi
1263 3787 1354 3830 causa
1386 3771 1461 3828 inter
1487 3769 1498 3826 1
1527 3767 1600 3826 etii

238 3852 297 3913 dno
326 3852 416 3912 medii
444 3855 676 3933 proportionales
704 3868 772 3917 sunt
801 3861 820 3917 2
844 3867 874 3919 et
896 3863 926 3919 4.
977 3860 1082 3938 Itaque
1109 3861 1222 3920 numeri
1251 3864 1379 3935 quatuor
1411 3859 1438 3928 1,
1462 3856 1491 3928 2,
1515 3856 1544 3928 4,
1569 3853 1599 3927 8,

237 3957 361 4017 quorum
382 3957 497 4001 summa
515 3943 564 4017 15,
586 3944 634 4003 vel
652 3947 681 4024 1,
696 3946 725 4020 3,
742 3947 771 4019 9,
788 3948 839 4019 21,
863 3964 988 4022 quorum
1002 3965 1116 4029 summa
1132 3949 1184 4022 40,
1207 3947 1319 4005 iaciunt
1341 3944 1423 4004 illam
1444 3950 1600 4020 tetractyn.

237 4027 322 4087 Duos
344 4035 442 4088 autem
465 4031 696 4108 proportionales
718 4032 830 4092 babent
852 4034 913 4093 bini
936 4036 1047 4111 cubici,
1078 4038 1155 4097 siout
1176 4035 1239 4094 bini
1261 4033 1341 4112 plani
1364 4048 1455 4091 unum
1477 4045 1601 4110 propor-

238 4114 388 4190 tionalem,
413 4123 446 4175 nt
465 4127 569 4177 notum
590 4134 626 4176 ex
648 4122 843 4196 geometricis.

325 4201 381 4263 Vel
410 4203 498 4264 inerit
528 4212 667 4285 tetrastys
698 4209 755 4267 ista
780 4210 815 4279 1,
849 4209 890 4283 2,
910 4210 945 4282 3,
969 4211 998 4268 4
1048 4212 1063 4269 l
1093 4209 1166 4270 illud
1195 4210 1366 4288 principium
1396 4220 1600 4278 nnmeromm,

239 4293 258 4350 2
288 4307 474 4351 numerorum
507 4294 621 4370 parium
649 4296 772 4373 primns,
806 4296 825 4356 3
857 4300 1085 4376 compositorum
1114 4306 1144 4359 et
1172 4298 1326 4376 imparium
1358 4297 1481 4374 primus3
1512 4290 1601 4350 ducto
1637 4322 1640 4325 ·

237 4378 297 4455 jam
322 4381 338 4436 l
362 4381 392 4436 in
416 4380 452 4452 3,
476 4379 509 4438 lit
529 4381 730 4458 rectangnlum
753 4385 790 4457 3,
813 4392 846 4442 ut
868 4401 905 4443 ex
926 4388 1048 4464 impari3
1078 4385 1165 4445 ducto
1188 4401 1258 4444 vero
1283 4387 1301 4442 2
1325 4386 1355 4440 in
1378 4400 1410 4442 se
1433 4385 1546 4459 ipsum,
1568 4378 1602 4436 tit

240 4464 417 4540 quadratum
440 4467 472 4541 4,
503 4476 537 4525 ut
559 4485 595 4527 er
617 4472 697 4549 pari,
727 4471 810 4547 cnjus
833 4474 922 4531 etiam
945 4476 974 4531 tn
998 4474 1110 4534 iactura
1131 4471 1344 4550 longitudinem
1366 4478 1396 4529 et
1418 4468 1602 4528 latitudinem

240 4549 324 4612 dccet
345 4569 410 4613 essa
432 4570 527 4632 pares,
549 4555 625 4614 sicat
647 4559 677 4615 in
699 4557 778 4618 illins
800 4560 970 4637 rectangnlo
993 4561 1173 4639 inaequales.
1210 4558 1332 4619 Summa
1353 4556 1443 4633 igitur
1464 4574 1500 4616 er
1526 4556 1553 4629 1,
1570 4556 1601 4624 2,

240 4639 277 4711 3,
300 4641 320 4697 4
349 4648 394 4700 est
418 4640 458 4701 10
486 4650 516 4703 et
546 4645 645 4702 anima
671 4644 800 4706 bumana
828 4646 906 4707 solet
928 4648 966 4707 ad
991 4650 1031 4709 10
1053 4664 1213 4709 numerare.
1259 4646 1297 4705 Et
1318 4646 1394 4705 siout
1416 4643 1520 4704 sunt4
1543 4657 1602 4698 nu-

239 4728 321 4799 meri,
343 4727 463 4788 totidem
485 4746 525 4789 sc.
549 4738 622 4806 quot
644 4740 725 4792 erant
755 4735 785 4791 in
807 4744 913 4810 quarto
941 4738 1087 4810 unitates,
1118 4739 1161 4795 sic
1191 4736 1279 4794 ctiam
1308 4750 1359 4812 per
1390 4748 1441 4791 eos
1474 4736 1602 4807 quatuor

240 4814 355 4892 species
375 4813 592 4877 harmoniarum
614 4822 757 4881 existuntt
787 4822 861 4881 inter
885 4824 919 4897 l,
944 4825 963 4882 2
986 4822 1143 4903 diapason,
1167 4830 1199 4882 ut
1221 4829 1251 4882 ct
1272 4824 1347 4881 inter
1370 4820 1398 4894 2,
1423 4822 1452 4893 4,
1476 4827 1506 4878 et
1527 4819 1603 4877 inter

244 4902 272 4979 1,
296 4902 317 4961 4
338 4899 543 4982 disdiapason,
566 4913 1003 4989 quaesnntpronna51nter
1028 4915 1055 4991 l,
1078 4914 1097 4974 3
1121 4911 1265 4990 diapason
1286 4908 1488 4990 epidiapente,
1511 4921 1602 4984 qnam
