3567 5625
655 382 979 455 mmmm
1409 363 1490 453 'w

143 554 272 612 ιιιιιιιιι
292 556 364 612 actio
387 556 584 650 singulariter
603 557 746 616 dictamine
763 559 893 630 rationis,
920 559 966 616 bic
980 560 1038 629 J‘am
1056 558 1126 614 actio
1145 557 1291 616 habitualis
1312 562 1494 631 proficiscitur

142 653 175 693 ex
191 639 323 693 memoria
340 638 437 707 prioris
456 635 551 692 similis
569 638 692 710 aetionis,
711 654 793 709 quam
810 654 882 694 nova
900 639 1029 694 imitatur
1065 638 1198 693 Memoria
1215 655 1278 694 vero
1303 644 1415 699 cerebro
1433 646 1494 701 niti·

141 721 191 784 tur,
209 717 390 771 instrumento
409 732 547 786 corporeo,
566 722 596 771 ut
613 723 641 772 et
659 717 718 772 loco
732 716 858 772 cerebelli
875 718 984 785 metito,
1004 733 1068 771 cum
1091 732 1106 771 e
1124 718 1257 773 contrario
1275 719 1494 780 ratiocinationes

141 812 193 850 uon
212 796 253 850 sic
271 795 410 862 indigeant
427 796 606 850 instrumento
625 812 764 865 corporeo.

227 876 301 934 Nota
319 875 417 930 XVIII.
453 875 528 931 Haec
546 875 701 968 specialiter
718 876 756 931 ait
775 876 814 931 sic
831 874 892 931 fleri
911 875 945 929 ab
963 875 1011 930 ille
1029 873 1142 940 ratione,
1162 889 1232 941 qnae
1250 876 1322 931 circa
1339 877 1493 938 harmonias

141 963 298 1025 occupatur,
316 956 379 1024 qula
397 954 584 1010 uniuersaliter
602 954 689 1009 omnis
707 955 777 1009 ratio
796 953 898 1023 triplex
915 952 968 1010 boc
987 954 1129 1011 discrimen
1148 953 1284 1011 observat.

227 1046 370 1124 Adeoque
389 1047 455 1123 jure
477 1048 580 1108 merito
602 1046 740 1128 ιιιιιιιιιι
761 1052 867 1124 potest,
891 1046 971 1122 quod
995 1048 1060 1124 ipsa
1080 1051 1169 1107 etiam
1193 1055 1355 1112 communis
1369 1057 1494 1116 scientia

139 1134 328 1195 rationalium
350 1136 525 1212 specierum,
555 1133 761 1194 mathematice
788 1132 956 1211 specialiter
984 1130 1149 1213 dicum),
1182 1154 1240 1196 non
1271 1141 1300 1198 in
1323 1140 1402 1202 unda
1423 1143 1492 1220 pul-

141 1224 348 1284 cherrimarum
369 1239 465 1281 rerum
488 1220 689 1299 speculatione
712 1230 859 1295 versetur,
882 1231 916 1280 ut
939 1220 1030 1298 aliqui
1053 1226 1197 1298 suspicari
1220 1237 1355 1303 possent,
1387 1230 1492 1290 sedin

139 1311 407 1386 repraesentatione
443 1308 528 1369 simul
560 1319 590 1368 ιι
625 1312 653 1367 ιι
685 1309 890 1382 meditatione,
927 1326 1004 1385 quae
1039 1328 1073 1369 ex
1105 1309 1164 1371 fida
1198 1313 1360 1376 imitatione
1397 1318 1494 1379 solent

139 1394 338 1475 erunrcss).

224 1496 299 1552 Nota
315 1495 389 1550 XIX.
415 1495 466 1549 Ηιι
483 1512 500 1549 ι
517 1494 655 1560 facultate,
674 1495 845 1549 considerata
861 1503 893 1549 ut
911 1494 1072 1564 substantia
1092 1498 1189 1552 ιιιιιιι
1207 1499 1242 1554 ιιι
1255 1500 1394 1561 facultatis
1412 1506 1492 1579 illius

137 1577 164 1631 id
183 1585 226 1631 ιιι
244 1576 280 1631 ad
298 1575 380 1631 animi
397 1574 528 1642 habitum,
547 1572 651 1629 scilicet
667 1572 702 1628 ad
720 1572 861 1646 scientiam
879 1574 1098 1644 respondentem,
1117 1578 1276 1648 ostendens,
1296 1581 1396 1650 quod
1388 1599 1416 1639 ιι
1434 1592 1493 1641 tota

137 1655 183 1717 illa
200 1656 273 1710 ratio
290 1655 330 1708 sic
347 1654 490 1723 tripliciter
508 1660 645 1722 operetur.
681 1652 760 1708 Prius
779 1652 851 1706 enim
872 1669 890 1707 a
908 1652 1013 1708 ratione
1032 1653 1190 1710 harmonica
1211 1660 1374 1718 transirem
1398 1663 1433 1718 ad
1451 1681 1493 1720 ra·

138 1735 240 1790 tionem
258 1732 415 1802 simpliciter
433 1739 461 1786 et
478 1730 666 1787 unfrersaliter
684 1732 890 1788 consideratam.
926 1723 1010 1786 ιιιιιι
1031 1733 1112 1801 igitur
1136 1735 1261 1803 specialis
1286 1740 1399 1796 rationis
1417 1742 1492 1798 babi-

138 1825 182 1870 tus
201 1812 331 1883 specialis
350 1821 408 1868 erat
425 1812 539 1868 scientia
557 1812 722 1878 harmonica,
740 1810 823 1881 huJ‘us
842 1812 1006 1881 generaliter
1023 1813 1211 1869 consideratae
1226 1816 1336 1873 habitus
1360 1821 1494 1887 generalis

138 1902 179 1948 est
197 1891 314 1948 seientia
331 1891 529 1948 mathematica
564 1892 642 1947 Hauc
660 1890 781 1961 appellat
798 1907 967 1947 communem
986 1890 1158 1947 rationalium
1172 1893 1321 1960 specierum
1343 1899 1492 1973 scientiam,

139 1989 186 2028 ιιι
205 1973 280 2042 quia,
300 1971 345 2041 qui
363 1970 581 2026 mathematicam
598 1969 768 2040 pronunciat,
786 1972 809 2024 ιι
828 1986 921 2025 omnes
941 1972 999 2039 eJ'ns
1019 1971 1145 2026 sciendas
1164 1987 1218 2026 una
1236 1988 1301 2030 voce
1319 1978 1494 2047 comprebeu

140 2052 211 2108 disse
228 2051 347 2119 videtur,
374 2055 405 2107 ut
422 2051 461 2106 sic
479 2049 625 2108 rationales
644 2051 749 2119 species
768 2049 822 2105 sint
840 2051 908 2105 nibil
926 2050 1013 2120 aliud,
1039 2067 1120 2120 quam
1140 2051 1207 2105 varii
1226 2052 1336 2110 habitus
1354 2057 1493 2114 facultatis

139 2131 357 2198 ratiocinatione,
385 2146 432 2185 aen
451 2129 515 2198 quia
533 2128 725 2185 mathematica
751 2130 811 2197 subj
814 2137 902 2185 ectum
921 2130 976 2185 tale
994 2093 1079 2185 babet
1097 2132 1293 2202 (quantitates,
1320 2152 1446 2192 numeros
1466 2145 1494 2193 et

24 2245 29 2252 ·
139 2210 357 2280 proportiones),
376 2208 449 2276 qrrod
468 2208 502 2263 ad
521 2221 614 2262 omnes
630 2208 729 2263 mentis
746 2207 855 2262 habitus
873 2208 1003 2278 pertinet,
1032 2208 1072 2263 sic
1091 2215 1122 2262 ut
1140 2208 1253 2276 quilibet
1271 2226 1364 2267 eorum
1391 2213 1427 2268 ali
1428 2200 1494 2284 qdid

139 2290 220 2359 hujus
240 2288 292 2342 sibi
309 2285 484 2355 peculiariter
508 2294 556 2341 aut
574 2285 704 2355 peculiari
721 2294 846 2355 respectu
873 2287 992 2342 vindicet
1016 2287 1138 2355 illudque
1160 2289 1306 2356 specialius
1329 2293 1443 2349 ιιιιιιι
1466 2301 1494 2349 ιι

141 2364 359 2424 conclusionibus
386 2364 582 2420 mathematicis
610 2365 806 2420 uniuersalibus
833 2382 897 2421 ιιιιι
925 2367 1049 2436 proprias
1077 2375 1262 2437 superstruat3
1295 2370 1351 2425 siue
1377 2371 1493 2443 denique

145 2445 250 2515 species
268 2444 415 2499 rationales
432 2443 477 2498 bic
496 2460 548 2497 non
569 2452 632 2499 sont
650 2444 702 2514 ipsi
720 2444 836 2514 habitus,
855 2447 904 2504 sed
921 2446 1028 2501 illorum
1047 2445 1162 2515 objecta,
1188 2454 1216 2501 et
1229 2446 1304 2520 quia,
1323 2454 1354 2502 ιι
1371 2449 1494 2520 singulae

141 2524 191 2578 bae
209 2523 317 2594 speeies
336 2522 441 2577 ratione
459 2521 671 2592 comprehensae
689 2521 811 2590 singulas
829 2523 1053 2580 circumscribunt
1078 2523 1220 2594 scientias,
1247 2532 1319 2580 ιιιιι
1338 2533 1366 2580 ιι
1383 2527 1493 2583 habitus

142 2601 305 2673 operativos,
324 2601 399 2656 verbi
417 2616 500 2655 causa
517 2599 620 2670 flgurae
639 2600 820 2670 geometriam,
840 2603 945 2657 narmeri
960 2583 1165 2671 arithmeticam,
1183 2602 1340 2659 barmoniae
1357 2604 1493 2660 harmoni-
1499 2627 1504 2638 ¹

142 2699 199 2751 ceu,
218 2678 259 2734 sic
279 2694 372 2733 omnes
390 2680 442 2734 bae
461 2681 567 2749 species
581 2681 697 2748 J'unctim
711 2681 899 2736 consideratae
912 2681 1138 2736 efrcrrnrseribnnt
1153 2697 1240 2750 aeque
1252 2671 1334 2737 latam
1344 2683 1493 2752 scientiam,

142 2773 210 2829 quae
229 2735 420 2814 mathematice
438 2758 542 2814 dicitm.

227 2837 304 2893 Nota
320 2838 380 2893 XX
416 2839 470 2907 Ait,
490 2840 560 2895 hanc
578 2838 717 2895 scientiam
735 2840 835 2894 dictam
854 2853 915 2893 esse
933 2837 1089 2908 speclaliter
1105 2839 1331 2910 mathematicam,
1351 2843 1416 2910 quia
1433 2856 1494 2897 curu

142 2934 192 2973 rex
211 2931 229 2971 a
247 2914 377 2970 discendo
395 2916 557 2986 descendat,
585 2918 675 2972 omnia
693 2916 801 2985 qrridem
828 2916 882 2971 alia
901 2916 1055 2978 discuntur.
1082 2917 1237 2986 specialiter
1253 2932 1317 2973 roro
1334 2919 1394 2989 illa,
1422 2935 1494 2989 quae

142 2995 186 3051 illo
205 2992 299 3049 seculo
317 2995 410 3063 pueris
427 2995 514 3064 primo
532 2996 651 3051 omnium
675 2995 710 3050 ad
730 2995 886 3051 discendum
904 2996 1138 3065 proponebantur,
1166 2996 1288 3052 doctrinm
1306 2996 1340 3051 de
1358 2999 1494 3067 quantita·

142 3074 214 3131 tibus
234 3078 264 3126 et
280 3072 406 3127 ιιιιιιιιι

230 3160 330 3224 Utitur
353 3168 428 3224 enim
451 3165 525 3226 baec
547 3174 608 3225 tam
630 3172 781 3242 praestans
804 3165 930 3225 facultas
955 3182 1008 3242 pro
1031 3167 1092 3225 suis
1116 3128 1197 3225 velut
1220 3169 1419 3227 instrumentis
1441 3186 1494 3229 seu

143 3253 283 3313 ministris
305 3269 444 3311 sensnum
467 3254 632 3330 praecipuis
656 3260 686 3312 et
706 3248 982 3327 admirabilissimis,
1007 3256 1071 3312 risu
1096 3263 1126 3313 ιι
1141 3252 1253 3328 auditu,
1277 3258 1328 3331 qui
1350 3273 1420 3334 prae
1444 3274 1495 3317 ce·

145 3343 211 3401 teris
242 3356 332 3415 quarn
362 3342 488 3400 maxime
519 3358 551 3400 se
583 3357 685 3400 versus
713 3342 874 3417 principem
904 3341 1019 3400 animae
1046 3340 1217 3400 facultatem
1239 3345 1403 3419 porrigunt,
1435 3345 1492 3404 soli

143 3445 212 3489 rere
235 3443 292 3485 sua
314 3427 431 3504 objecta
453 3444 511 3486 uon
534 3427 686 3504 voluptate
709 3427 790 3502 sola,
820 3427 872 3487 sed
895 3426 987 3486 multo
1010 3430 1103 3503 magis
1132 3427 1286 3488 honestate
1310 3438 1339 3489 et
1360 3430 1492 3506 pulchri-

145 3515 250 3590 tudine
267 3516 426 3573 metiuntur
437 3510 509 3595 ¹¹¹).
554 3515 589 3573 In
612 3514 804 3591 unoquolibet
826 3517 904 3574 enim
927 3529 1015 3573 sensu
1046 3521 1142 3573 certae
1165 3515 1311 3590 quaedam
1334 3518 1492 3581 inveniun-

145 3612 188 3662 tur
211 3601 395 3662 sensibilium
419 3601 612 3676 differentiae,
643 3604 723 3662 verbi
747 3620 837 3662 causa
861 3601 1020 3661 visibilium
1043 3601 1237 3661 differentiae:
1268 3603 1369 3662 album
1392 3612 1421 3665 et
1443 3608 1492 3663 ni-

144 3708 245 3768 grum,
268 3687 459 3748 audibilium:
483 3697 600 3748 acutum
623 3697 652 3749 ιι
673 3708 778 3765 grave,
810 3689 1021 3748 odorabilium:
1045 3688 1176 3765 fragrans
1198 3696 1227 3749 et
1249 3690 1419 3771 foetidum,
1435 3688 1497 3769 gu-‘

145 3777 306 3838 atahllium:
331 3775 415 3837 dulce
438 3785 467 3837 et
489 3794 636 3849 amarum,
661 3776 815 3836 lactilium:
839 3776 943 3852 molle,
972 3778 996 3834 ιι
1020 3794 1074 3834 ιιι
1098 3778 1205 3849 ιιιιιι,
1230 3786 1260 3836 ιι
1282 3777 1403 3855 durum,
1427 3797 1493 3839 our·

145 3867 213 3925 nino
237 3862 318 3939 quod
342 3866 446 3940 cuique
470 3863 696 3923 differentiarum
719 3866 896 3924 conventeos
919 3866 957 3921 sit
981 3863 1028 3923 vel
1050 3880 1108 3922 nou
1118 3859 1202 3943 ¹¹1¹).
1247 3864 1407 3926 Pulchrum
1425 3885 1492 3928 sero

146 3963 174 4012 et
196 3951 326 4012 deforme
350 3950 386 4010 de
410 3950 573 4024 tortilibus,
606 3950 802 4027 gustabilibus
826 3950 872 4011 sel
897 3950 1097 4010 odorabilibus
1120 3968 1206 4012 nemo
1230 3956 1411 4028 enuncIabit,
1439 3955 1493 4025 aed

136 4039 180 4119 'de
210 4038 283 4099 solis
312 4037 477 4098 visibilibus
509 4048 538 4099 et
565 4038 757 4112 audIbilihua,
788 4047 820 4099 ut
850 4038 885 4098 de
909 4038 1003 4098 forma
1035 4039 1081 4098 vel
1106 4047 1209 4112 cantu,
1243 4051 1295 4100 aut
1317 4057 1431 4102 rursum
1454 4041 1491 4102 de
1566 4108 1570 4117 1

146 4125 323 4188 coelestibus
345 4127 523 4186 motionibus
545 4134 599 4187 aut
618 4125 753 4185 humanis
776 4121 1044 4207 actionibusflffl).
1090 4126 1162 4186 Inde
1185 4134 1238 4199 est,
1263 4127 1342 4204 quod
1364 4128 1420 4188 soli
1443 4131 1491 4189 iati

147 4214 202 4274 duo
225 4230 330 4273 sensns
353 4230 406 4273 nec
428 4230 497 4272 snas
520 4212 637 4273 uadunt
660 4230 780 4289 operas,
809 4231 868 4272 una
893 4212 1013 4271 alterins
1042 4213 1136 4273 ricem
1169 4215 1198 4270 in
1221 4215 1490 4292 comprehensioni-

147 4302 199 4360 bus
221 4300 457 4361 administrantes
487 4302 581 4373 varie,
611 4303 726 4361 animae
754 4300 893 4360 facultate
920 4299 1057 4360 rationali
1079 4318 1166 4374 usae3
1197 4303 1305 4377 quippe
1335 4319 1491 4376 germanae

148 4387 361 4464 quodammodo
384 4405 498 4447 sorores
521 4388 650 4449 edoctae.
697 4386 780 4464 Quae
795 4390 872 4447 enlm
894 4386 1078 4447 solummodo
1096 4385 1225 4444 visibilia
1239 4397 1315 4461 suut,
1339 4389 1390 4448 flla
1404 4389 1491 4449 audi-

148 4485 192 4535 tus
224 4475 422 4535 mediantibus
454 4475 636 4535 sermonibus
665 4475 789 4548 indicat,
823 4493 900 4552 quae
930 4491 998 4533 vero
1028 4473 1211 4533 solummodo
1240 4482 1308 4533 eunt
1338 4476 1489 4551 audibilia,

148 4565 264 4622 nunciat
287 4564 369 4621 visus
392 4558 590 4622 mediantibus
616 4565 773 4639 scripturis.
818 4563 925 4638 Fitque
955 4559 1052 4619 multis
1074 4560 1185 4634 modis,
1217 4572 1250 4619 nt
1272 4562 1410 4639 majorem
1435 4564 1490 4623 ha-

148 4650 234 4710 beant
256 4649 435 4710 evidentiam
456 4649 530 4711 haec
553 4651 667 4709 illorum
692 4650 782 4710 veluti
805 4652 915 4709 vicaria
937 4649 1048 4721 munia,
1079 4665 1167 4725 quam
1194 4651 1218 4705 si
1242 4649 1348 4726 singoli
1378 4658 1490 4711 tautum

153 4740 331 4815 propriorum
354 4754 474 4797 suorum
495 4738 675 4814 objectorum
698 4739 872 4796 internuncii
894 4738 1058 4795 existerent
1103 4732 1144 4795 Ut
1166 4751 1231 4793 cum
1254 4753 1304 4811 ea,
1328 4755 1404 4813 quae
1426 4741 1491 4800 sola

150 4829 276 4887 ιιιιιιιι
299 4824 375 4889 uadi
391 4834 522 4903 possunt,
545 4843 597 4904 per
617 4828 746 4901 picturas
768 4833 797 4885 et
819 4826 906 4901 signa
927 4822 1090 4883 efficiuntur
1112 4821 1263 4888 intellectu
1285 4831 1489 4896 etmemoratu
