3567 5625
271 506 310 568 13
848 495 1020 553 Prooemium

267 679 413 760 Keplerus
434 681 530 758 ipsum
553 671 742 761 (Flnddlnm)
771 677 903 739 obscuris
925 693 1021 738 rernm
1042 676 1256 754 aenigmatibus
1278 672 1417 737 ddectari
1439 671 1530 752 dieat,
1561 674 1611 752 qui

267 787 314 831 res
336 772 416 847 ipsas
438 768 615 829 obscuritate
646 766 796 826 involutas
817 768 846 825 in
877 766 975 849 lucam
1002 757 1167 826 intelle'etus
1195 764 1321 843 prolerre
1351 757 1481 838 studeat,
1513 769 1613 822 contra

268 874 344 935 quae
366 856 509 916 Fluddius
531 853 630 915 literas
653 872 672 914 a
687 852 841 914 Germanis
856 861 886 914 et
902 851 997 913 Gallis
1011 855 1126 928 misses,
1149 853 1255 929 quibus
1270 851 1368 912 studia
1382 867 1437 909 sna
1449 847 1612 924 laudentur,

265 945 383 1023 profert.
427 946 688 1016 Mathematicorum,
709 943 814 1019 pergit,
842 943 992 1012 vulgarium
1010 952 1060 1015 est,
1078 945 1150 1000 eirca
1167 943 1275 999 umbras
1293 941 1486 1015 quantitativas
1503 942 1612 1009 versari,

266 1027 382 1098 chymici
394 1033 421 1082 et
432 1025 580 1082 Hermetici
598 1035 688 1081 veram
706 1040 849 1095 corporum
861 1022 1024 1078 naturalium
1035 1024 1179 1081 medullam
1192 1022 1400 1093 amplectuntur,
1418 1016 1496 1077 nude
1510 1018 1613 1076 nansia
1702 1027 1704 1032 '

265 1111 304 1173 ad
325 1110 523 1172 laudationem
553 1109 697 1182 chemino,
729 1111 776 1167 eui
805 1106 994 1167 fundamenta
1014 1116 1136 1170 naturae
1158 1111 1216 1168 sint
1237 1107 1394 1186 patciacta.
1432 1111 1570 1166 crocitant
1586 1117 1614 1164 et

265 1194 402 1251 blaterant
419 1193 544 1265 vulgares
561 1190 744 1248 mathematici
762 1190 796 1245 da
808 1189 943 1260 profunda
960 1205 1009 1247 sua
1020 1199 1134 1247 naturae
1145 1192 1306 1263 cognitione,
1323 1207 1374 1262 per
1385 1189 1511 1245 affectum
1523 1196 1614 1245 umen

265 1273 389 1330 homines
407 1283 471 1329 sunt
482 1271 678 1346 cognoscendi3
698 1270 881 1341 chymleorum
897 1277 947 1334 est,
965 1270 1072 1325 occulta
1083 1270 1254 1326 manifestare
1265 1279 1444 1338 naturamque
1455 1268 1613 1338 corporibus

265 1354 358 1425 opacis
376 1351 543 1409 submersam
562 1350 705 1434 eumahere
722 1348 868 1417 lumenque
887 1348 1007 1403 abditam
1023 1364 1039 1405 e
1055 1355 1226 1405 tenebrarum
1245 1364 1353 1406 carcere
1370 1347 1492 1403 hharare.

374 1460 500 1538 Aegrius
522 1461 611 1521 etiam
632 1460 688 1520 lert
709 1457 854 1519 Fluddins
873 1458 994 1537 Kepleri
1016 1461 1132 1535 cumen,
1155 1459 1235 1537 quod
1257 1477 1301 1531 aa,
1326 1476 1402 1535 quae
1425 1476 1444 1518 a
1465 1458 1613 1519 veteribus

266 1547 452 1624 desumant,
483 1548 604 1608 confusa
626 1554 656 1609 et
678 1549 838 1608 incorrecta
868 1555 1002 1625 usurpet,
1033 1565 1123 1626 quum
1143 1547 1288 1624 Keplerus
1310 1546 1436 1607 naturali
1459 1545 1559 1606 ordine
1580 1561 1613 1605 se

263 1639 420 1716 precedere
430 1636 518 1698 dicat.
553 1638 607 1693 Pro
624 1637 705 1694 meris
717 1639 814 1705 ventis,
837 1637 932 1712 inquit
943 1634 1095 1712 Fluddius,
1117 1644 1252 1708 ventoque
1269 1638 1304 1694 ab
1321 1638 1423 1694 invidia
1439 1637 1536 1695 sanim
1553 1645 1613 1692 orto

263 1721 332 1777 haec
350 1720 409 1791 ejus
428 1720 501 1775 diota
518 1718 672 1789 accipimus.
695 1717 743 1773 Mc
755 1718 926 1788 condemnat,
945 1717 995 1775 sed
1011 1718 1143 1774 rationem
1161 1718 1281 1775 veritatis
1298 1718 1327 1774 in
1344 1717 1406 1789 lege
1424 1736 1475 1776 sua
1492 1719 1613 1788 ignorat3

263 1817 293 1859 se
310 1802 416 1872 laudat,
438 1807 467 1856 et
484 1800 542 1856 vice
559 1815 639 1856 versa
656 1799 772 1869 alicnjus
789 1798 878 1855 laudis
897 1795 1079 1853 testimouium
1096 1813 1151 1854 non
1168 1797 1285 1854 invenio.
1326 1798 1520 1869 Propertiones
1538 1811 1612 1852 meas

262 1880 379 1940 musicas
400 1879 490 1935 verbis
516 1877 636 1935 ooniueis
658 1877 806 1950 depravere
828 1878 935 1935 videtur
957 1883 985 1932 et
1011 1885 1101 1933 tamen
1126 1893 1204 1934 nemo
1222 1876 1375 1933 mortalium
1389 1877 1498 1946 justitia
1514 1875 1619 1942 ductus

262 1960 346 2016 ullam
363 1959 569 2031 proportionum
590 1959 618 2014 in
636 1957 738 2029 templo
756 1974 816 2014 meo
834 1971 1025 2028 expressarum
1042 1956 1150 2027 culpam
1166 1958 1286 2016 invenire
1303 1961 1402 2027 potest
1438 1958 1529 2027 Quare
1545 1955 1614 2012 haec

263 2045 328 2095 sunt
344 2037 426 2094 verba
442 2036 535 2093 inania
550 2052 684 2106 vocesque
701 2036 844 2094 absurdae.
884 2039 943 2096 Nee
961 2037 1070 2105 quidem
1087 2052 1166 2094 veram
1184 2038 1208 2094 is
1225 2037 1344 2093 musicus
1361 2052 1423 2094 esse
1440 2043 1544 2107 potest,
1566 2035 1614 2107 qui

261 2122 338 2173 tanto
356 2116 524 2187 antipathiae
540 2115 605 2171 vitio
624 2114 738 2172 laborat
777 2110 818 2174 Ut
830 2112 991 2191 Keplernm
1012 2112 1135 2188 reiellat,
1158 2112 1301 2173 Fluddius
1316 2110 1506 2173 Harmoniam
1528 2129 1613 2172 suam

263 2217 328 2261 cum
351 2199 471 2277 Kepleri
493 2199 656 2260 Harmonia
677 2208 841 2278 comparat,
871 2200 904 2260 ld
924 2201 1051 2262 maxime
1079 2203 1191 2260 crimini
1213 2200 1342 2278 Keplero
1370 2208 1501 2276 vertens,
1533 2197 1613 2277 qnod

263 2287 417 2365 Gopemlci
438 2290 613 2349 sententiam
635 2288 676 2348 sit
697 2288 850 2366 amplexus
865 2296 895 2349 et
909 2288 987 2347 huuc
999 2287 1087 2348 mem
1101 2288 1172 2350 iacit
1187 2288 1317 2350 dicendi:
1339 2293 1485 2361 exquibus
1496 2291 1614 2362 sapienti

262 2370 353 2427 delere
370 2369 446 2436 licet,
472 2387 555 2440 quam
571 2371 653 2442 longe
671 2370 763 2428 absint
779 2371 832 2426 hae
848 2370 1018 2427 inventiones
1039 2371 1162 2430 authoris
1179 2388 1197 2427 a
1214 2372 1285 2428 veris
1306 2371 1496 2442 philosophiae
1517 2370 1612 2426 innda·

262 2450 371 2520 mentis,
396 2464 467 2522 quae
487 2450 546 2520 ipse
569 2456 646 2507 muto
671 2452 812 2508 conamine
830 2449 980 2520 ordineque
997 2457 1054 2506 tam
1072 2461 1168 2509 exacto
1186 2459 1305 2508 naturae
1317 2452 1395 2520 sequi
1412 2466 1442 2507 se
1458 2449 1612 2521 pollicetur.

261 2530 353 2598 Atque
369 2532 409 2585 ita
426 2530 556 2596 videmus,
574 2530 713 2586 minimum
731 2532 803 2588 inter
820 2547 870 2587 nos
883 2543 945 2586 esse
961 2545 1131 2602 consensum,
1151 2533 1253 2602 quippe
1270 2528 1343 2597 quod
1360 2530 1419 2599 ipse
1436 2528 1507 2584 varis
1524 2529 1612 2599 philo·

261 2607 409 2678 sophorum
427 2607 566 2677 principiis
584 2607 707 2664 abutitur
723 2618 752 2666 et
768 2613 796 2667 iu
814 2626 923 2666 sensum
941 2609 1059 2667 alienum
1077 2626 1111 2667 ea
1127 2610 1215 2679 vernt
1233 2622 1285 2677 ege
1297 2623 1340 2663 me
1351 2622 1432 2678 quam
1443 2608 1613 2663 amussime

261 2686 296 2743 ad
314 2687 538 2757 philosophorum
556 2686 630 2743 dicta
648 2695 676 2743 et
694 2703 832 2746 sacrarum
850 2689 989 2747 literam
1006 2690 1163 2747 testimonis
1179 2688 1327 2758 adstringo.

365 2797 457 2861 Plura
478 2796 515 2860 de
537 2797 593 2860 hac
613 2802 803 2878 responsione
824 2801 946 2864 Fluddii
968 2801 1134 2880 quibusque
1166 2801 1254 2862 armis
1290 2797 1431 2859 adversm
1453 2796 1612 2877 Keplerum

262 2902 333 2946 usus
354 2888 401 2961 sit,
423 2886 526 2948 afferre
547 2888 781 2965 supersedemus,
804 2908 839 2953 eo
862 2892 957 2968 magis
980 2891 1059 2967 quod
1080 2889 1227 2967 Keplerus
1249 2889 1312 2964 ipsa
1335 2887 1365 2944 in
1386 2886 1609 2965 ,1160103161ί

261 2991 316 3033 sna
336 2974 428 3034 multa
449 2974 488 3035 ab
511 2973 563 3034 illo
585 2976 651 3051 ipso
674 2976 752 3038 dicta
772 2985 920 3040 retractat.
951 2977 1037 3038 Hanc
1058 2978 1236 3055 Apologhm
1258 2973 1403 3052 Keplerus
1425 2974 1611 3034 Franhoinrti

263 3063 361 3137 1622,
389 3064 453 3141 pari
482 3079 542 3139 qua
568 3061 761 3126 Harmoniam
782 3066 890 3142 iorma,
923 3065 1144 3144 imprimendam
1167 3066 1293 3138 curavit,
1323 3064 1355 3122 in
1378 3080 1471 3140 eaque
1493 3060 1612 3123 Fludtlii

260 3148 479 3225 objurgationes
512 3149 691 3213 Harmoniae
730 3171 802 3214 suae
833 3155 927 3215 iactas
960 3172 996 3216 ex
1029 3153 1128 3214 ordine
1165 3153 1320 3214 examinat
1384 3153 1431 3226 (In
1460 3153 1547 3211 literis
1577 3152 1613 3209 ad

259 3238 461 3308 Berneggcrum
478 3240 548 3297 elatis
567 3242 620 3306 [21.
638 3241 706 3314 Aug.
725 3244 805 3310 1621]
821 3245 891 3302 haec
908 3243 948 3299 illi
966 3246 1076 3301 nunomt
1093 3242 1242 3314 Keplerus:
1279 3237 1477 3317 Tempaehins
1499 3237 1613 3300 recudit

259 3321 433 3401 Hysterium
462 3343 528 3386 eum
557 3330 634 3387 uotis
662 3329 744 3387 meis.
802 3327 953 3405 Respondi
984 3328 1022 3388 D.
1054 3328 1090 3390 de
1122 3326 1274 3388 Fluctibus
1306 3328 1488 3405 ineptissimo
1518 3325 1611 3401 libr03

260 3416 392 3488 poenitet
414 3431 535 3490 operae,
567 3413 619 3475 sad
648 3416 769 3493 promisi
797 3413 996 3493 Tampaebio;
1015 3414 1126 3478 ‘nescio
1148 3432 1186 3475 an
1208 3415 1266 3475 hoc
1286 3432 1458 3492 responsum
1480 3416 1519 3474 sit
1540 3430 1612 3492 pro-

261 3498 387 3560 diturum
405 3501 488 3582 jam).
518 3502 579 3562 Nos
595 3502 772 3580 Apologiam
787 3502 862 3563 hanc
876 3502 1063 3580 adjunximus
1078 3505 1256 3565 Harmoniae
1270 3501 1434 3563 Ptolomaei
1450 3520 1468 3562 a
1482 3501 1611 3579 Keplero

261 3604 372 3664 versae,
392 3607 487 3666 neque
503 3588 584 3649 aliud
599 3590 635 3650 de
650 3589 701 3650 illa
717 3590 788 3666 quid
804 3590 935 3662 dicamus
950 3591 1102 3673 habemns,
1124 3595 1181 3651 nisi
1195 3588 1295 3650 titulos
1310 3609 1329 3650 s
1344 3589 1472 3675 Keplero
1487 3589 1611 3666 singulis

259 3677 392 3753 partibus
414 3679 585 3755 inscriptos:
611 3677 668 3755 ,ad
690 3676 825 3755 analysin
846 3678 870 3753 I,
902 3678 940 3737 ad
961 3680 1096 3758 anslysin
1119 3679 1159 3738 ll.
1182 3686 1237 3738 etc.
1260 3676 1407 3740 desumtos
1430 3695 1495 3738 esse
1517 3678 1612 3737 titulis

260 3781 279 3823 a
308 3764 433 3825 Fluddio
466 3769 527 3826 suis
562 3766 602 3824 26
635 3765 787 3843 particulis
819 3767 979 3849 inscriptis,
1019 3767 1057 3828 ad
1091 3784 1164 3843 quos
1195 3758 1308 3826 accedit
1341 3766 1420 3843 apud
1452 3765 1610 3826 Fluddium

259 3866 396 3911 numerus
411 3857 462 3925 21,
486 3855 656 3929 inscriptus:
677 3870 832 3928 ,emmau
855 3857 968 3914 numeri
985 3858 1024 3912 21
1041 3871 1094 3914 seu
1108 3855 1226 3914 ternarii
1248 3854 1317 3914 cubi
1337 3854 1436 3916 locum
1457 3853 1610 3932 explans“,

259 3937 291 3995 in
313 3955 371 4013 qua
393 3940 537 4016 particula
558 3957 642 4000 suam
664 3940 856 4001 Harmoniam
878 3958 944 4000 cum
966 3941 1087 4018 Kaplari
1108 3948 1268 4020 comparat.

363 4046 483 4129 Kepicri
511 4050 687 4132 apologiam
716 4053 798 4113 brevi
825 4059 893 4128 post
922 4062 1058 4115 secutum
1087 4062 1131 4116 cst
1159 4072 1332 4133 responsum
1360 4055 1495 4132 Fluddii,
1530 4055 1610 4134 quod

258 4152 347 4215 supra
383 4143 484 4216 paucis
520 4143 753 4202 memoravimus.
812 4139 848 4198 In
884 4139 942 4201 fine
979 4142 1037 4202 vol.
1066 4143 1137 4220 IV.,
1176 4143 1255 4221 quod
1288 4144 1350 4204 illic
1382 4147 1608 4221 nominavimus,

260 4226 311 4285 iol.
335 4227 532 4290 267-331.
562 4232 706 4289 continuis
736 4227 878 4305 pagellis,
913 4229 966 4289 sed
996 4247 1074 4290 novo
1105 4231 1190 4292 titulo
1213 4232 1270 4292 hoc
1291 4249 1463 4311 responsum
1492 4232 1608 4309 legeris.

259 4315 424 4387 hscriptum
446 4325 502 4374 est:
532 4319 756 4376 Monochordium
781 4319 876 4375 muudi
903 4323 1127 4393 symphoniacum
1152 4339 1200 4381 seu
1226 4324 1367 4394 replicatio
1392 4325 1504 4381 lieberti
1528 4325 1609 4397 Flud,

260 4396 328 4453 alias
354 4398 387 4455 de
409 4396 563 4468 Fluctibus,
588 4398 712 4468 armigeri
733 4406 761 4454 et
782 4400 810 4454 in
832 4400 968 4457 medicina
989 4402 1107 4460 doctoris
1134 4402 1294 4461 Oxoniensis
1321 4404 1357 4460 ad
1373 4404 1534 4475 Apologlam
1559 4404 1609 4460 viri

261 4475 405 4534 clarissimi
422 4482 450 4532 et
467 4478 495 4530 in
512 4477 629 4532 mathesi
646 4478 800 4547 peritissimi
818 4478 844 4533 J.
863 4479 984 4550 Kepleri,
1002 4482 1131 4540 adversus
1149 4483 1405 4541 demonstrationem
1423 4501 1499 4541 suam
1516 4483 1609 4554 analy-

260 4555 342 4609 ticam
359 4555 513 4625 nuperrime
530 4555 639 4627 editam,
657 4555 685 4611 in
697 4572 751 4626 qua
762 4556 899 4614 Rebertus
912 4559 1085 4618 validioribus
1098 4564 1209 4620 loannis
1222 4562 1427 4632 objectiombus,
1444 4561 1609 4618 Harmoniae
1685 4598 1689 4603 -

261 4650 328 4692 suae
354 4636 408 4706 legi
430 4636 658 4706 repugnantibus,
685 4636 797 4693 comiter
822 4632 990 4708 respondere
1015 4641 1177 4711 aggreditur.
1219 4639 1346 4696 Francos.
1364 4642 1439 4698 1623.
1484 4638 1529 4697 Ex
1550 4637 1609 4699 hec

260 4738 400 4797 responso
430 4719 539 4795 elucet,
570 4719 729 4798 Keplerum
758 4719 936 4799 Apologiam
964 4741 1049 4784 suam
1081 4723 1120 4784 ad
1142 4714 1320 4799 'Fluddiunr,
1362 4725 1485 4801 privatis
1514 4724 1608 4786 literis

261 4808 384 4883 additis,
414 4809 469 4868 sub
497 4808 584 4869 finam
613 4811 682 4869 anni
707 4810 787 4868 1621
817 4811 932 4872 misisse
964 4807 1067 4895 (finem
1093 4811 1164 4872 iacit
1190 4811 1236 4872 his
1265 4811 1380 4874 verbis:
1411 4811 1497 4874 Vale.
1542 4811 1607 4873 car.

260 4892 490 4978 Aug.1621.),
520 4898 589 4959 anni
617 4899 704 4974 igitur
733 4914 883 4958 numerum
909 4900 1007 4976 1622,
1039 4900 1108 4961 huic
1133 4898 1296 4979 Apologiae
1323 4901 1509 4978 inscriptum,
1541 4917 1607 4963 esse

259 4992 466 5064 praesumtum,
489 4982 634 5063 siquidem
649 4987 679 5045 in
693 5000 833 5065 responso
850 4986 977 5066 Fluddli,
1001 4990 1051 5068 qul
1066 4989 1144 5069 typis
1157 4985 1187 5049 id
1202 4991 1352 5069 expressit,
1368 5004 1425 5051 non
1438 4991 1608 5069 peccaverit
