3567 5625
276 395 340 475 ιιι
687 383 731 439 De
748 377 1015 450 configurationibus
1035 378 1213 438 Hamouicis.
1306 374 1313 394 ‘

273 583 400 628 eranam.
444 565 581 639 Denique
602 562 702 621 anima
722 535 805 638 ipsa,
833 575 956 620 versans
984 560 1014 617 in
1037 558 1095 620 hac
1122 563 1256 640 energia,
1287 572 1333 624 est
1358 567 1512 645 proposita
1543 569 1631 629 uobis

275 654 438 726 harmonia,
461 653 538 711 sient
559 650 622 709 sine
644 655 779 726 respectu
801 646 890 724 hujus
913 648 1049 724 ιυιιςιιι
1071 655 1117 709 ιιι
1131 650 1258 710 circulus
1274 652 1397 728 ejusque
1413 671 1491 731 pars,
1514 659 1630 716 termini

274 759 315 801 se
337 741 523 814 harmoniae,
554 736 732 813 tandemque
753 734 907 795 harmonia
929 736 1052 813 penitus
1081 736 1275 798 suimidcatur
1305 738 1440 818 adeoqae
1470 740 1629 803 deificatur.

848 967 991 1040 CAPUT
1019 969 1055 1040 ii.

363 1120 456 1190 Quot
474 1116 664 1188 qualesque
683 1116 755 1172 siut
772 1114 907 1170 animae
924 1112 1117 1170 facultates
1135 1115 1321 1171 secuudum
1338 1117 1541 1187 harmonias

363 1266 497 1326 Diximus
518 1263 661 1323 messus
691 1261 727 1321 de
756 1258 994 1339 proportionibus
1015 1258 1206 1336 harmonicis,
1237 1261 1309 1338 qnid
1340 1262 1410 1324 iilas
1438 1265 1497 1324 sint
1527 1274 1558 1326 et
1579 1267 1631 1327 ubi

276 1358 455 1428 eorrsistaut3
477 1367 573 1429 usque
597 1349 666 1409 dum
690 1348 777 1408 nobis
798 1346 933 1407 ridemur
969 1348 1103 1424 attigisse
1132 1352 1335 1425 quaestionem
1366 1352 1500 1412 instituto
1532 1365 1634 1416 nostro

189 1436 222 1491 Ἀ
277 1442 515 1512 convenientem,
550 1437 629 1515 quod
660 1452 719 1496 non
746 1443 807 1496 tsnr
835 1437 864 1493 in
894 1436 966 1511 ipsis
994 1435 1232 1513 proportionibus
1258 1435 1449 1513 harmonicis,
1482 1457 1573 1518 quam
1601 1444 1631 1501 in

275 1529 418 1590 facultate
440 1529 556 1587 animas
578 1526 765 1599 harmonica,
796 1523 909 1583 scilicet
931 1521 1037 1598 agendi
1060 1522 1221 1583 secundnm
1244 1528 1462 1603 proportiones,
1488 1538 1632 1591 versatur.

276 1617 428 1678 Hactenus
458 1616 549 1692 igitur
571 1612 607 1673 de
630 1611 868 1690 proportionibus
890 1611 1005 1686 egimus
1028 1627 1119 1671 eausa
1142 1613 1270 1691 ipssmm
1301 1615 1462 1689 essentiae,
1494 1633 1572 1677 nuuc
1595 1617 1632 1678 de

275 1705 380 1766 iisdem
402 1702 551 1780 agendum
572 1717 664 1760 musa
685 1701 778 1776 ipsius
801 1701 928 1758 animae.
1034 1738 1037 1743 ·

361 1791 479 1868 Duplex
501 1796 600 1848 auteur
622 1787 747 1847 facultas
774 1787 852 1846 ciros
873 1784 1058 1847 harmonicas
1088 1787 1290 1863 proportiones
1318 1791 1434 1863 existit,
1463 1788 1559 1852 aitera
1581 1809 1634 1870 per

276 1879 455 1951 dhoursum,
486 1876 622 1936 mentalis
644 1873 693 1934 vei
715 1876 815 1951 quasi,
836 1871 931 1933 aitera
953 1873 1121 1952 operativa,
1152 1882 1182 1933 ιι
1211 1874 1347 1935 mentalis
1374 1876 1494 1952 quidem
1515 1894 1632 1939 rursum

275 1967 398 2044 dupiexr
421 1971 473 2026 aut
494 1965 572 2049 enim
594 1964 746 2023 irrrsutiva
768 1961 989 2038 proportionum
1011 1962 1141 2036 ipsarum
1166 1977 1203 2021 ex
1225 1962 1381 2024 abstractis
1403 1966 1632 2040 quantitatibus,

277 2062 329 2116 aut
351 2054 484 2130 agnitius
510 2067 564 2112 seu
587 2048 824 2110 animadversira
853 2046 1012 2108 electarum
1040 2049 1301 2125 proportionum
1292 2068 1322 2107 ιιι
1343 2051 1432 2112 'rebus
1462 2053 1632 2115 sensilibus

276 2141 415 2203 Facultas
436 2141 541 2217 igitur,
571 2154 648 2215 quas
670 2135 793 2214 indaget
815 2137 947 2195 rationes
968 2134 1166 2215 humosicsa,
1198 2144 1244 2195 cst
1266 2137 1383 2213 eadem,
1412 2156 1489 2216 quse
1511 2150 1543 2200 et
1564 2140 1636 2203 reii-

276 2247 351 2307 qnas
373 2230 512 2289 scientias
533 2233 672 2302 anusque
694 2222 907 2302 oompiectitur,
929 2224 1020 2282 animi
1042 2223 1155 2282 scilicet
1177 2222 1297 2284 hnmani
1320 2243 1389 2304 pars
1405 2230 1548 2304 superior.
1588 2230 1635 2291 De

277 2316 343 2378 Deo
366 2319 445 2377 enim
465 2316 514 2376 hie
540 2312 631 2392 nisit,
659 2320 693 2372 ut
722 2314 773 2390 qui
802 2326 859 2370 non
890 2309 1023 2371 dhoursu
1051 2320 1081 2373 et
1103 2309 1201 2371 studio
1232 2314 1384 2390 quippiam
1413 2314 1553 2398 indagat,
1581 2317 1636 2378 sod

276 2408 333 2466 scit
355 2405 393 2464 ab
416 2410 544 2464 aeterno.

365 2491 504 2551 Facultas
532 2487 594 2564 iiia,
617 2502 694 2565 quas
716 2488 919 2563 proportiones
950 2482 1065 2545 nobiles
1095 2484 1304 2545 insensilibus
1326 2487 1374 2547 vei
1397 2491 1486 2549 etiam
1515 2492 1545 2549 in
1568 2490 1637 2553 aiiir

276 2580 364 2640 rebus
386 2587 469 2639 extra
490 2594 522 2637 se
545 2576 711 2636 constitutis
734 2572 943 2633 animadvertit
964 2573 1167 2650 agnoscitque,
1191 2580 1236 2633 est
1259 2575 1377 2635 interior
1398 2578 1515 2639 animas
1536 2578 1636 2639 iacui·

277 2676 333 2742 tas,
356 2683 459 2727 sensns
481 2665 612 2743 proxime
634 2662 794 2722 intormsus
816 2669 869 2720 aut
889 2659 989 2720 adhue
1011 2660 1137 2732 interior,
1160 2660 1223 2719 scii.
1241 2666 1355 2721 tantum
1370 2662 1496 2725 incultas
1517 2668 1637 2728 animae

277 2753 392 2829 vitalis,
422 2756 532 2858 quippe
562 2766 638 2829 quae
666 2766 722 2812 noc
749 2746 901 2834 discurrit,
931 2756 965 2807 ut
992 2745 1159 2826 philosophi
1182 2748 1293 2825 soient,
1318 2750 1495 2815 methodove
1517 2752 1556 2815 ad
1578 2753 1638 2816 hoe

277 2846 378 2915 utitur,
401 2858 456 2901 nso
477 2844 508 2898 in
530 2838 595 2899 soio
618 2839 693 2898 inest
714 2836 842 2911 homine,
864 2834 918 2896 sed
941 2837 1061 2896 etism
1053 2852 1082 2893 ιιι
1099 2838 1168 2896 ieris
1189 2843 1219 2896 et
1244 2838 1441 2914 pecudibus
1433 2857 1522 2919 mque
1536 2843 1639 2903 anima

277 2929 440 2991 sublunari.
485 2925 635 3004 Quaeras,
668 2928 693 2985 si
715 2923 767 2984 iiia
796 2941 854 2985 nou
877 2940 1000 3001 compos
1022 2921 1172 2986 discurens
1200 2942 1295 3002 eoque
1325 2943 1384 2987 non
1407 2931 1501 3004 possit
1527 2947 1638 3009 appre-

277 3015 405 3078 hendsro
436 3016 589 3074 scientiam
621 3014 856 3073 harmonicorum
885 3011 1122 3090 proportionum,
1155 3012 1232 3072 unda
1262 3029 1334 3089 crgo
1366 3014 1423 3074 hoo
1449 3015 1572 3092 babeat,
1605 3024 1638 3077 ut

278 3111 422 3182 agnoscat
443 3102 604 3161 forinsecus
627 3099 766 3160 oblatus?
810 3099 884 3158 Nam
908 3101 1068 3175 agnosbne
1090 3107 1144 3173 est,
1167 3108 1319 3161 externum
1341 3097 1451 3163 sensile
1473 3121 1540 3164 eum
1561 3104 1637 3166 ideis

280 3193 404 3253 internis
432 3190 562 3250 conterre
591 3190 692 3266 eisque
719 3202 883 3264 congruum
904 3185 1049 3262 judicare.
1095 3185 1182 3263 Quod
1205 3187 1326 3267 pulchre
1355 3193 1491 3267 exprimit
1511 3191 1638 3254 Prteitrs

281 3278 429 3341 rocabnio
458 3273 632 3349 rmounu,
664 3273 747 3335 reiut
776 3292 793 3334 ι
822 3290 936 3333 somno.
981 3273 1065 3334 Sicut
1091 3276 1170 3334 enim
1197 3276 1321 3335 sensitis
1350 3280 1421 3337 ioris
1452 3283 1638 3342 occurrentia

280 3369 393 3428 iaciunt
414 3381 469 3425 nos
491 3362 636 3424 reeordari
659 3379 773 3434 eorum,
805 3378 882 3437 quae
904 3369 993 3421 antea
1016 3378 1266 3438 amoveremus,
1295 3366 1338 3424 sic
1365 3366 1545 3429 mathemata
1566 3385 1637 3429 seu·

278 3455 360 3528 silis,
394 3454 419 3513 si
442 3459 655 3529 agnoscuntur,
687 3450 808 3510 elisiurrt
836 3450 927 3526 igitur
949 3448 1162 3512 intellectuaiis
1188 3461 1260 3511 ante
1282 3453 1360 3513 intus
1389 3457 1572 3532 praesentia,
1605 3464 1640 3516 ut

278 3560 356 3603 nunc
378 3548 447 3601 notu
469 3539 620 3600 reluceant
641 3540 671 3598 in
693 3540 806 3610 anima,
835 3553 913 3613 quse
935 3537 1016 3615 prius
1037 3536 1130 3597 reiuti
1161 3538 1217 3597 sub
1241 3538 1309 3597 reio
1330 3543 1481 3616 potentiae
1504 3540 1641 3604 latebant

280 3634 310 3690 in
332 3648 377 3690 oa.
423 3625 579 3705 Quomodo
601 3628 691 3705 igitur
712 3627 878 3703 irruperunt
899 3623 999 3684 introi
1042 3621 1228 3701 Respondeo,
1253 3628 1371 3687 omnino
1395 3627 1477 3689 ideas
1500 3645 1553 3689 eeu
1576 3630 1639 3690 ior·

280 3718 371 3778 maios
394 3718 523 3777 rationes
546 3714 795 3786 harmoniosrum,
819 3718 852 3771 ut
874 3710 911 3773 de
934 3713 970 3770 iis
992 3728 1082 3789 supra
1104 3713 1332 3787 disserebamus,
1363 3716 1460 3776 inesse
1483 3718 1537 3791 iis,
1561 3734 1640 3794 quae

280 3803 338 3863 hae
360 3801 540 3881 agnoscendi
567 3802 707 3862 facultate
729 3800 857 3879 pollent,
886 3798 940 3859 sed
968 3815 1027 3858 non
1058 3796 1175 3859 demum
1197 3802 1353 3860 introrsum
1382 3805 1472 3880 recipi
1499 3819 1552 3882 per
1575 3804 1639 3865 dis-

281 3908 406 3965 eursum,
430 3893 500 3968 quin
522 3892 622 3965 potius
644 3905 680 3949 ex
703 3889 841 3947 instinctu
863 3886 989 3947 naturali
1012 3884 1177 3965 dependere
1199 3890 1295 3965 iisque
1310 3893 1457 3964 connum,
1480 3899 1514 3950 ut
1536 3889 1639 3953 formis

252 3967 255 3976 ⁴
282 3979 449 4056 plantarum
479 3978 665 4037 connascitur
691 3990 829 4035 numerus
852 3969 916 4054 (res
938 3970 1161 4056 intellectualis)
1183 3974 1319 4035 ioiiorum
1342 3979 1372 4035 in
1394 3978 1464 4039 dore
1490 3985 1521 4038 et
1543 3978 1638 4038 cetiu-

281 4066 375 4126 iarum
397 4068 428 4124 in
449 4081 548 4142 pomo.
582 4060 679 4138 'Quod
702 4063 934 4140 experimentum
957 4062 986 4118 iu
1008 4059 1130 4137 plantis,
1157 4063 1253 4124 simile
1275 4064 1439 4124 rationibus
1461 4064 1638 4127 harmonicis

282 4155 438 4229 (numerus
460 4153 537 4212 enim
560 4159 590 4212 et
610 4152 759 4229 proportio
781 4166 827 4209 res
850 4155 1094 4227 cogitauerunt,
1116 4160 1150 4210 nt
1171 4167 1261 4228 supra
1278 4147 1401 4233 patuit),
1423 4152 1521 4228 efficit,
1545 4161 1580 4213 nt
1600 4172 1638 4215 ιιι

282 4243 470 4319 vegetatirae
499 4237 618 4316 quidem
646 4240 762 4298 animan
790 4233 924 4296 iacuitati
952 4236 1119 4315 plantisque
1155 4235 1227 4315 ipsis
1256 4237 1426 4300 isenhaters
1455 4242 1635 4317 agnoscendi

280 4330 466 4392 haimom
488 4328 691 4406 proportiones
713 4324 860 4385 radiorum
881 4323 1051 4384 sideraiiam
1074 4324 1251 4386 eonddeuter
1273 4328 1383 4403 possim
1405 4326 1550 4402 adimere;
1579 4332 1634 4390 etsi

280 4419 345 4479 siue
367 4416 573 4495 experimentis
594 4415 719 4494 propriis
742 4410 813 4472 nihii
836 4420 944 4472 statuo.
989 4410 1142 4488 sicigitur
1163 4411 1204 4486 dt,
1227 4422 1262 4473 nt
1275 4416 1367 4491 pueri,
1390 4422 1424 4474 ut
1438 4414 1534 4490 rudes,
1557 4417 1638 4494 agri·

281 4506 383 4578 coiae,
413 4503 529 4564 barbari
558 4503 700 4579 ipsasque
731 4500 807 4562 adeo
834 4500 914 4560 israe
942 4500 1105 4578 percipiant
1132 4499 1300 4560 hmaoeias
1323 4517 1446 4576 vocum,
1478 4504 1532 4563 etei
1564 4503 1637 4563 nihii

281 4594 379 4654 edunt
400 4592 437 4653 de
459 4591 583 4651 menna
604 4589 782 4650 harmonion
827 4586 859 4647 iii
881 4603 1021 4663 quaeras,
1052 4585 1131 4648 unde
1159 4586 1217 4648 iilis
1247 4588 1295 4648 iric
1317 4588 1494 4650 instinctus?
1524 4598 1577 4649 ant
1599 4591 1638 4651 ad

282 4679 382 4744 Deum
413 4678 595 4754 coniugian,
631 4680 683 4754 qui
712 4676 767 4737 has
797 4675 968 4752 oorporibus
996 4675 1120 4746 immas,
1149 4692 1250 4736 omues
1289 4679 1334 4735 sui
1363 4677 1455 4754 ipstm
1485 4678 1637 4753 imagines

282 4767 444 4829 seeundum
464 4767 559 4843 magis
581 4772 678 4824 tamm
702 4771 731 4826 st
751 4765 857 4837 minus,
881 4763 1015 4823 summat
1037 4769 1066 4823 ιι
1087 4762 1219 4840 praedoit
1240 4779 1398 4840 mumque
1420 4766 1492 4843 ipsis
1514 4764 1635 4825 harmo-

283 4857 366 4917 ninas
386 4856 516 4916 ntionss
546 4853 770 4930 droumgestaas
791 4852 877 4926 iacit,
908 4853 952 4910 uti
973 4853 1037 4931 ipse
1059 4867 1111 4911 sas
1143 4851 1183 4912 ab
1204 4858 1324 4912 artano
1346 4858 1445 4913 manta
1466 4851 1638 4931 comptem
