3567 5625
685 368 769 429 Inbe'r
785 362 832 427 Ν.
852 350 941 442 (lapdt
957 364 1018 426 Vll.
1460 366 1522 429 269

172 551 297 610 animae.
344 544 382 609 Et
405 552 550 623 vicissim,
586 560 652 610 tum
674 552 773 611 anima
804 553 834 609 in
863 554 962 613 omnia
992 547 1156 627 superficiei
1185 544 1314 622 corporis
1342 546 1389 604 sui
1405 549 1526 622 puncta

172 637 256 697 lineis
279 637 400 697 infinitis
424 648 509 698 exeat
532 639 638 712 (instar
659 638 806 697 radiorum
828 639 921 715 Solis,
952 640 1023 715 quia
1045 645 1074 696 et
1099 638 1165 710 ipsa
1187 632 1237 691 lux
1260 631 1406 709 quaedam
1430 639 1474 691 eet
1497 636 1527 688 et

173 726 298 827 spiritns⁸
316 724 406 802 uulgo
429 725 568 785 celebrati
591 726 727 785 videntur
747 725 820 785 nihil
843 726 924 786 aliud
947 744 1024 798 esse,
1059 741 1146 801 qoam
1173 720 1202 780 bi
1231 720 1305 779 radii
1333 718 1473 780 rectilinei
1498 724 1527 775 et

149 813 228 872 'bae
251 814 368 872 animae
389 808 534 894 species):
570 830 629 872 una
650 822 747 873 ιιιιιιιι
770 813 835 873 sola
856 815 936 874 linea
959 831 994 873 cx
1018 812 1152 871 omnibus
1175 816 1239 883 est,
1270 825 1346 884 qnae
1369 824 1404 866 ex
1428 801 1527 864 centro

173 904 203 959 in
226 899 299 959 illud
321 900 486 977 superficiei
508 909 647 1003 punctum
671 901 787 971 tendat,
820 902 899 978 quod
928 902 1028 961 teritur
1051 918 1070 960 ι
1089 899 1230 1003 planetae
1252 893 1303 955 illo
1325 897 1412 954 unico
1434 891 1529 969 radio,

174 990 225 1063 qni
249 1005 352 1047 serens
374 987 473 1047 eedem
496 990 611 1049 animae
633 989 735 1048 tendit
780 988 930 1049 Ponamue
952 991 1057 1065 igitur,
1089 989 1117 1044 iu
1140 987 1197 1045 boc
1226 984 1393 1042 consistere
1405 997 1529 1058 percep·

174 1078 284 1134 donem
307 1078 393 1133 onioe
415 1076 552 1152 planetae
573 1074 737 1151 radiorum,
769 1076 887 1154 quando
920 1077 1009 1153 hujus
1030 1077 1164 1135 incursus
1186 1079 1215 1131 et
1238 1070 1316 1130 illius
1340 1085 1481 1128 occurens
1499 1069 1528 1123 in

174 1180 263 1222 uuam
285 1162 393 1222 lineam
415 1166 522 1239 rectam
545 1167 751 1241 geometricam
776 1173 955 1240 congruunt,
979 1161 1113 1240 exemplo
1135 1160 1256 1220 visionis
1271 1157 1429 1228 simillimo,
1453 1171 1530 1231 quae

159 1253 205 1329 Ιιιι
226 1251 292 1309 solo
315 1258 346 1310 et
369 1253 455 1311 unico
477 1251 729 1329 perpendiculari,
752 1252 849 1311 medio
873 1254 964 1311 totius
987 1251 1064 1310 oculi
1086 1248 1186 1322 radio,
1210 1255 1254 1306 eet
1275 1244 1457 1327 periectact
1478 1258 1530 1309 ac-

177 1348 286 1399 curata
329 1337 479 1398 Ponamos
502 1347 531 1398 et
552 1339 616 1413 boc,
651 1339 730 1415 quod
753 1342 783 1397 in
807 1340 967 1416 Dioptricis
988 1355 1071 1417 prop.
1094 1337 1146 1396 45.
1169 1342 1202 1394 ut
1223 1330 1371 1409 singulare
1394 1346 1532 1391 arcanum

177 1428 346 1485 sensionem
369 1428 497 1485 omnium
520 1426 675 1501 inculcavi,
698 1422 811 1486 nullam
833 1427 895 1487 fieri
917 1428 1084 1487 sensionem
1106 1426 1147 1484 rei
1171 1430 1322 1494 extentae,
1346 1421 1402 1478 uisi
1425 1425 1532 1494 quate·

178 1531 232 1573 uos
254 1531 292 1574 ea
314 1531 345 1573 re
366 1516 529 1573 sensoriom
553 1518 776 1573 instrumentum
798 1515 951 1575 afficiatur.
998 1515 1105 1573 Anima
1130 1513 1208 1572 enim
1230 1525 1282 1586 per
1302 1507 1370 1566 illos
1394 1521 1533 1567 excureus
1567 1506 1571 1513 '
1630 1526 1632 1533 ι

178 1604 340 1678 specierum
361 1603 407 1660 sui
430 1602 517 1660 fidam
540 1602 631 1665 babet
660 1604 794 1662 notitiam
818 1606 947 1663 omnium
978 1602 1174 1662 membrorum
1196 1597 1325 1677 corporis
1346 1596 1392 1654 eui
1415 1611 1535 1654 eorum‘

179 1707 244 1766 que,
268 1706 345 1765 quae
369 1692 398 1747 in
420 1682 536 1748 illorum
559 1706 738 1765 unoquoque
768 1708 847 1750 nova
875 1690 948 1750 flunt
972 1691 1077 1765 quovis
1108 1696 1247 1765 tempore.
1293 1683 1407 1760 Quibus
1428 1682 1534 1760 positis

179 1780 327 1854 seqnitur,
350 1785 382 1834 ut
404 1778 428 1835 ei
451 1776 503 1836 dat
525 1795 544 1836 a
566 1778 687 1881 planeta
708 1776 776 1837 talis
799 1779 982 1856 impressio
974 1796 1003 1836 ιιι
1026 1775 1148 1853 aliquod
1171 1782 1311 1853 puuctum
1332 1774 1423 1845 airis,
1457 1784 1534 1845 quae

181 1882 237 1923 non
259 1863 363 1924 tendat
386 1881 487 1924 versus
509 1864 609 1924 sedem
631 1867 760 1940 animae,
791 1864 844 1925 sed
871 1876 986 1944 praeter
1015 1865 1112 1939 illam,
1143 1862 1182 1922 ad
1212 1862 1307 1934 latus,
1335 1860 1435 1918 anima
1456 1855 1535 1915 illios

182 1951 298 2028 quidem
321 1954 421 2028 puncti
443 1952 486 2009 sic
507 1952 602 2012 affecti
625 1955 752 2031 speciem
773 1960 825 2031 per
847 1970 919 2013 snae
948 1954 1057 2030 speciei
1083 1967 1232 2012 recursum
1254 1949 1397 2023 excipiat,
1428 1943 1481 2004 sed
1503 1949 1537 2001 ut

182 2056 242 2099 rom
265 2038 350 2095 nibili
372 2038 547 2118 vilipendat:
576 2041 621 2099 ein
645 2049 743 2100 sotem
766 2043 794 2098 in
818 2039 938 2117 aliquod
960 2040 1123 2117 superficiei
1146 2040 1221 2098 aiiris
1227 2042 1382 2115 punctum
1405 2032 1487 2092 fiat
1480 2049 1537 2089 rm·

183 2128 295 2203 pressio
310 2125 395 2228 talis,
418 2144 506 2203 qnae
516 2126 617 2187 tendat
641 2144 742 2187 versus
764 2131 880 2188 animae
896 2128 1005 2201 eedem,
1029 2131 1118 2188 etlam
1139 2125 1196 2185 boc
1218 2129 1357 2203 punctum
1381 2122 1426 2181 ιιι
1445 2119 1537 2179 adeo·

185 2223 247 2272 tum
269 2214 386 2273 animae
408 2216 560 2275 nunciatur
583 2222 613 2274 ct
634 2213 709 2276 haec
730 2218 828 2276 sensio
854 2223 888 2275 ιιι
917 2217 955 2275 ad
978 2218 1105 2276 animam
1130 2215 1276 2291 pertinens
1299 2210 1536 2281 aestimetnr,a

185 2302 289 2361 ceteris
313 2299 521 2377 distinguatur,
551 2305 697 2379 coqueio
721 2302 772 2362 illo
794 2302 858 2364 eolo
882 2310 990 2381 puncto
1013 2306 1113 2362 anima
1133 2301 1250 2361 stellam
1272 2298 1328 2357 eibi
1351 2298 1536 2372 imaginetur,

186 2390 214 2448 in
235 2389 344 2448 ceteris
361 2389 425 2465 jam
447 2389 533 2450 dictis
553 2392 680 2450 minime
716 2392 911 2450 Actuaturu.
935 2400 964 2451 et
987 2391 1078 2451 veluti
1101 2389 1280 2448 illuminator
1300 2384 1400 2444 radius
1422 2385 1538 2442 animae

186 2495 205 2537 ι
224 2475 311 2535 radio
333 2476 477 2552 stellae,
468 2495 498 2535 ιιι
522 2477 644 2537 eandem
666 2484 776 2538 rectam
798 2486 987 2558 congruente,
1008 2480 1094 2538 sicuti
1115 2484 1250 2538 actuatur
1271 2472 1351 2534 color
1372 2488 1467 2531 rerum
1490 2469 1539 2529 ιι-

186 2564 320 2624 sibilium
343 2581 362 2623 a
382 2562 458 2624 lucie
480 2563 618 2637 adventu,
642 2573 672 2624 et
693 2568 770 2626 sicut
792 2574 927 2626 actuatnr
948 2569 1042 2641 visio,
1065 2583 1132 2625 cum
1152 2580 1207 2624 nos
1229 2561 1395 2639 colligimus
1418 2565 1449 2619 et
1470 2555 1539 2634 per·

186 2637 344 2729 pendimus
374 2668 429 2711 nos
451 2651 560 2712 videre.
606 2652 672 2712 Hoc
695 2669 760 2712 eum
783 2656 825 2714 sic
847 2654 957 2714 babeat
980 2670 1038 2713 oon
1060 2656 1090 2712 in
1112 2669 1173 2713 uno
1195 2658 1327 2723 tantum,
1362 2644 1415 2707 eed
1447 2654 1477 2705 ιι
1509 2646 1539 2701 ιιι

187 2739 304 2800 duobos
326 2738 463 2817 planetis,
487 2739 552 2799 duo.
570 2741 659 2800 etiam
679 2742 765 2818 sigua
785 2743 916 2802 inveniet
937 2744 1036 2801 anima
1059 2742 1089 2799 ιιι
1112 2740 1227 2801 duabus
1249 2694 1382 2817 partlbue
1405 2734 1451 2793 sui
1474 2746 1540 2791 cer-

187 2831 290 2905 poris,
313 2831 377 2887 sive
397 2827 460 2904 jam
482 2828 638 2888 rotundum
661 2831 700 2888 sit
722 2829 787 2905 ejus
809 2827 924 2906 corpus,
947 2832 1011 2891 ιιιι
1033 2828 1189 2905 inaequale
1212 2834 1242 2888 et
1264 2841 1419 2908 aspemm,
1442 2822 1541 2880 anima

187 2914 261 2975 illud
286 2917 315 2972 in
340 2915 482 2992 sphaerae
503 2916 625 2978 modum
653 2917 709 2977 sibi
732 2920 762 2975 iu
784 2933 843 2977 ooo
874 2926 983 2995 puncto
1005 2915 1117 2978 sedenti
1141 2915 1358 2991 circumjectum
1380 2910 1470 2970 babet
1491 2923 1541 2966 ra·

190 3003 306 3080 diisque
337 3018 390 3062 eeu
417 3005 572 3080 speciebus
599 3007 645 3064 sui
674 3006 889 3079 immateriatis,
921 3013 973 3065 aut
995 3013 1027 3064 ut
1058 3005 1119 3078 alii,
1150 3004 1264 3063 actibus
1293 2998 1429 3062 secundis
1451 2996 1488 3056 de
1509 3010 1542 3054 ee

189 3093 299 3151 ιιιιιιιιι
327 3093 441 3151 emissis
475 3093 604 3168 exspirat
633 3091 724 3152 veluti
750 3093 911 3172 perlectum
940 3092 1143 3169 sphaericum,
1173 3106 1328 3167 quousque
1342 3102 1447 3164 corpus
1477 3082 1542 3159 eius

190 3185 284 3257 patet,
307 3193 402 3254 enque
424 3177 497 3237 illud
520 3178 557 3238 ad
574 3179 669 3240 ideam
692 3182 791 3241 circuli
806 3188 836 3240 et
851 3181 969 3258 quidem
980 3181 1099 3240 zodiaci
1113 3178 1222 3252 circuli,
1246 3179 1323 3240 circa
1336 3192 1421 3235 suam
1443 3169 1544 3231 sedem

191 3275 222 3325 ut
245 3272 379 3325 centmm
401 3265 546 3343 descripti,
570 3268 718 3327 examinat
739 3278 768 3328 ot
787 3276 887 3346 partes
909 3270 974 3346 ejus
996 3269 1194 3328 interstinctas
1217 3265 1374 3325 dimetitur.
1420 3259 1468 3319 Ita
1488 3274 1543 3317 oo·

193 3370 249 3430 qne
271 3351 393 3413 Terram
415 3369 490 3430 opus
512 3361 557 3414 est
578 3354 738 3415 concedere
759 3356 936 3433 pellucidam
958 3373 1053 3432 neque
1075 3353 1114 3415 ad
1135 3362 1275 3428 centrum,
1297 3365 1393 3426 neque
1416 3348 1544 3405 animam

193 3443 271 3501 exire
294 3457 389 3517 usque
410 3439 449 3499 ad
471 3440 584 3517 sidera,
606 3442 699 3502 nihilo
722 3451 819 3504 tamen
841 3446 937 3506 minus
959 3444 1064 3504 modus
1087 3450 1177 3521 putet,
1200 3457 1259 3518 quo
1282 3436 1544 3512 configurationem

193 3526 295 3606 anguli
316 3529 479 3588 sentiantur
499 3528 538 3587 ab
561 3531 668 3590 anima

171 3687 175 3694 ,
280 3614 346 3674 Hac
368 3614 487 3692 quidem
508 3620 710 3694 suppositione
732 3617 934 3678 dissolvuntur
956 3620 1055 3676 omnia
1076 3623 1257 3693 argumenta,
1272 3631 1357 3691 quae
1371 3613 1461 3684 Picus
1483 3609 1545 3668 Mi·

194 3700 374 3762 randulanue
393 3702 434 3762 ad
457 3704 642 3764 evertendam
666 3703 826 3766 doctrinam
849 3705 885 3765 de
908 3705 1163 3781 conjunctionibus
1185 3704 1299 3780 magnis
1322 3702 1417 3777 deque
1440 3715 1545 3775 aspec-

195 3791 273 3849 tibus
296 3790 404 3851 attulit
427 3790 503 3850 Nam
526 3794 596 3868 qnia
616 3795 715 3853 anima
737 3795 834 3853 omnia
848 3793 949 3853 mundi
966 3809 1088 3869 corpora
1110 3795 1188 3854 cirea
1209 3808 1282 3851 suae
1304 3788 1383 3850 sedis
1405 3794 1545 3865 ιιιιιιιιιιιιι

196 3876 324 3955 disperdi
347 3873 568 3962 (imaginando)
591 3881 621 3938 in
644 3881 765 3940 formam
786 3881 950 3958 sphaerici,
982 3896 1083 3940 omnes
1105 3880 1238 3958 planetae
1267 3880 1297 3937 iu
1320 3879 1413 3937 torma
1435 3872 1545 3947 circuli,

197 3964 283 4042 idque
305 3965 373 4042 lege
394 3974 546 4042 rectarum,
576 3985 611 4028 ex
634 3984 693 4029 uuo
715 3975 823 4045 puncto
849 3967 1028 4043 educturum,
1057 3967 1131 4027 nibil
1158 3968 1248 4044 igitur
1275 3957 1409 4037 intereat,
1439 3976 1548 4037 magna

197 4052 283 4113 stella
303 4054 402 4114 sitan
424 4071 532 4132 parva,
555 4054 678 4115 multum
699 4074 737 4116 an
760 4073 862 4134 pamm
883 4058 995 4116 itineris
1017 4058 1048 4114 iu
1070 4053 1153 4115 cocle
1176 4053 1326 4133 conficiat,
1355 4047 1416 4110 alta
1438 4066 1477 4112 ao
1500 4050 1548 4106 vi·

199 4142 263 4201 cina
285 4140 384 4201 Terris
405 4143 452 4201 sit
496 4142 579 4204 Haec
601 4146 678 4203 enim
700 4147 799 4203 omnia
820 4145 864 4204 sic
885 4151 1005 4203 movent
1021 4144 1168 4217 animem,
1180 4144 1224 4201 uti
1245 4142 1457 4219 percipientem
1480 4151 1549 4213 per-

200 4230 345 4306 cipiuntur
373 4237 472 4291 antem
498 4230 602 4292 iisdem
631 4231 761 4308 legibus,
792 4233 900 4307 quibos
928 4239 958 4292 et
985 4248 1005 4290 ι
1032 4232 1117 4290 nobie
1140 4228 1291 4302 videntur,
1322 4244 1363 4287 sc.
1387 4241 1488 4285 omnes
1514 4225 1548 4281 nt

203 4315 348 4393 aequealti
369 4325 399 4377 et
420 4324 453 4376 nt
474 4327 556 4378 motu
578 4317 706 4379 secundo
729 4325 870 4392 carentes,
893 4328 976 4378 motu
998 4334 1069 4377 vero
1090 4318 1183 4393 primo
1206 4315 1309 4374 diurno
1331 4312 1546 4390 aequeceleree,

203 4419 254 4463 uec
274 4422 381 4482 magno
405 4408 577 4490 quantitatis
604 4406 792 4485 aspectabilis
824 4408 998 4466 discrimine.
1043 4404 1162 4478 Cetera,
1197 4420 1274 4480 quae
1304 4402 1342 4461 ad
1364 4400 1429 4458 Pici
1459 4413 1549 4492 apgu·

204 4500 297 4553 menta
317 4481 486 4578 responderi
500 4502 633 4572 possunt,
655 4497 769 4571 require
790 4493 856 4556 loco
878 4511 968 4572 saepe
984 4491 1111 4569 allegato
1126 4490 1193 4550 libri
1214 4492 1271 4549 mei
1294 4487 1331 4549 de
1346 4485 1439 4548 Stella
1452 4463 1549 4544 Nor'a.

204 4577 308 4639 Satis
299 4599 329 4638 ιιι
351 4597 490 4661 praesens
511 4581 549 4643 de
571 4585 669 4643 anima
691 4582 807 4655 Terrae,
831 4599 921 4658 quam
942 4588 1076 4641 naturam
1099 4578 1287 4638 sublunarem
1309 4576 1418 4634 dicunt

288 4667 436 4746 Quicquid
457 4670 597 4730 hacteuus
621 4670 657 4731 de
685 4672 782 4730 anima
804 4669 930 4730 Telluris
953 4674 998 4730 est
1020 4667 1146 4742 dictum,
1178 4663 1208 4724 id
1239 4663 1372 4725 similiter
1400 4663 1488 4720 etiam
1512 4656 1550 4718 ad

204 4754 354 4817 facultates
377 4759 494 4817 animae
516 4758 660 4818 humanae
683 4756 824 4835 applicari
845 4764 960 4834 potest,
987 4756 1129 4834 pleraque
1152 4755 1303 4815 tamenin
1326 4750 1372 4810 bis
1395 4753 1463 4807 snut
1485 4747 1551 4807 evi-

205 4843 334 4904 dentiora
356 4851 500 4923 tantoque
522 4848 615 4924 magis
638 4843 825 4923 multiplicia,
855 4852 966 4920 quanto
994 4860 1083 4922 quam
1113 4841 1166 4904 illa
1193 4840 1326 4944 pluribm
1347 4837 1456 4897 muniis
1477 4836 1579 4896 istae·

1327 4943 1396 5004 17⁵
