3567 5625
254 474 294 535 82
630 487 634 502 ·
747 471 789 526 De
806 470 967 541 Figuraram
984 469 1208 528 Harmonicarum

253 646 414 723 geometria
435 645 547 706 nullum
569 648 730 724 habeant“,
753 656 883 709 veebum
905 657 977 725 este,
1000 665 1117 729 carpere
1140 664 1216 725 quae
1237 662 1295 707 non
1317 646 1495 724 intelligitis:
1516 645 1600 721 mibi,

255 737 306 810 qui
327 750 420 793 rerum
443 751 547 795 causas
569 736 694 813 indago,
725 747 929 814 praeterquam
956 741 986 796 ln
1014 737 1128 797 decimo
1157 733 1286 796 Euclidis
1316 738 1436 796 semitae
1466 733 1506 794 ad
1534 733 1602 793 illas

254 822 353 881 nudlae
374 829 538 898 patuerunt.
1456 825 1458 830 “

339 907 464 967 Remum
487 911 756 970 secutus·Lazarus
771 910 936 972 Schonems
958 914 988 970 ia
1004 910 1173 972 Geometrla
1195 925 1250 970 sua
1272 915 1367 968 lassum
1390 915 1443 984 est,
1466 926 1499 969 se
1512 910 1602 985 qain-

254 1013 312 1074 que
328 1013 479 1075 corporum
499 996 677 1076 regularium
699 1016 785 1058 usum
802 1000 890 1077 plane
914 1000 1026 1059 nullum
1048 1003 1077 1059 in
1098 997 1208 1058 mundo
1230 997 1329 1057 ridere
1344 999 1484 1076 potuisse,
1509 996 1602 1055 donec

253 1083 385 1144 libellum
407 1102 513 1159 meum,
536 1104 624 1163 quem
645 1086 819 1164 Mysterium
833 1087 1114 1166 cosmographicum
1135 1087 1277 1162 inscripsi,
1302 1086 1472 1162 perlegerit:
1495 1085 1525 1141 iu
1540 1100 1601 1160 quo

254 1172 437 1251 planetarum
460 1191 611 1233 nnmerum
645 1182 675 1234 et
702 1174 858 1234 intervalla
889 1176 982 1253 probo
1013 1193 1049 1234 ex
1077 1174 1246 1252 corporibus
1269 1174 1399 1249 qumque
1420 1171 1604 1250 regularibus

254 1277 319 1319 esse
342 1259 484 1322 amunta
529 1262 604 1322 Eece
628 1259 698 1338 quid
721 1265 852 1323 nocuerit
874 1262 986 1323 &mus
1007 1265 1146 1339 magister
1168 1260 1315 1322 Scbouero
1339 1259 1491 1338 discipulo.
1536 1258 1603 1316 Pri-

255 1364 334 1407 mum
355 1347 467 1409 Remus
491 1349 647 1409 Aristotele
677 1350 820 1427 perlecto,
851 1354 904 1427 qui
931 1352 1110 1411 refutaverat
1130 1347 1357 1427 Pydnagorioam
1385 1341 1606 1426 philosophiam

255 1437 332 1495 eirca
353 1435 561 1496 elementorum
583 1439 773 1515 proprietates
794 1455 830 1497 ex
852 1441 982 1516 quinque
1004 1438 1173 1516 corporibus
1195 1435 1348 1510 deductas,
1377 1438 1477 1496 statim
1504 1435 1602 1494 animo

255 1526 389 1601 concepit
411 1532 588 1584 contemtum
611 1526 700 1584 totius
722 1525 926 1604 philosophiae
942 1525 1171 1604 Pythagoricae3
1194 1522 1299 1586 deinde
1321 1540 1387 1583 cum
1409 1525 1504 1596 sciret,
1528 1521 1604 1579 Pro·

256 1609 332 1669 olum
355 1611 443 1670 luisse
466 1612 682 1690 Pythagoricae
704 1621 811 1688 sectae,
834 1631 894 1674 noa
915 1613 1036 1674 credidit
1058 1617 1085 1673 ei
1108 1613 1276 1684 affirmanti,
1298 1611 1377 1688 qaod
1399 1618 1461 1671 erat
1483 1609 1604 1669 verissi-

254 1715 343 1771 mum,
366 1715 406 1758 sc.
429 1698 563 1760 Euclidei
586 1703 681 1778 operis
704 1700 837 1761 ultimum
859 1701 962 1776 linem,
991 1701 1029 1761 ad
1059 1718 1146 1777 quem
1167 1700 1339 1761 reserrentur
1361 1714 1461 1759 omnes
1484 1698 1606 1757 omnino

256 1788 470 1864 propositiones
494 1790 622 1848 omnium
644 1788 783 1848 librorum
805 1787 947 1870 (exeeptis
969 1806 1044 1865 quae
1067 1786 1106 1848 ad
1128 1805 1279 1848 nnmcmm
1300 1787 1459 1864 perlectum
1482 1783 1603 1856 ducunt)

256 1891 321 1933 esse
345 1876 472 1951 quinque
496 1892 618 1952 corpora
638 1875 791 1951 regularia.
838 1876 915 1935 Hinc
945 1885 1009 1936 orta
1036 1884 1081 1935 est
1111 1875 1190 1954 apud
1211 1874 1338 1935 Rarum
1359 1873 1605 1933 confidentissime

256 1963 423 2038 persuasio,
456 1966 584 2040 quinque
614 1980 736 2042 corpora
765 1981 829 2024 esse
859 1962 1036 2024 removenda
1058 1982 1077 2023 a
1097 1963 1153 2024 line
1183 1961 1322 2022 librorum
1343 1961 1606 2023 Elementariorum

255 2047 396 2108 Euclidis.

345 2135 469 2197 Ademto
491 2137 549 2196 tine
572 2140 677 2215 operis,
702 2138 792 2198 veluti
814 2139 908 2199 forma
929 2136 1053 2198 aedilicii
1076 2135 1211 2210 sublata,
1233 2136 1454 2214 relinquebatur
1475 2135 1607 2195 mamis

256 2229 352 2283 strues
374 2226 608 2303 propositionum
635 2229 664 2283 in
692 2224 828 2300 Euclide,
857 2228 888 2284 in
916 2242 1004 2301 quam
1033 2224 1114 2285 velut
1142 2226 1172 2282 iu
1201 2223 1314 2285 larvam
1343 2225 1473 2301 ahqnam
1494 2222 1607 2282 Ramus

258 2313 328 2370 totis
353 2313 393 2370 28
416 2311 499 2372 libris
522 2311 694 2372 Soholarum
716 2313 872 2387 invehitur,
897 2330 1005 2389 magna
1027 2311 1142 2372 dicendi
1164 2314 1333 2384 acerbitate,
1357 2329 1466 2389 magna
1486 2313 1606 2371 temeri-

257 2406 335 2469 tate,
367 2407 448 2460 tanto
477 2403 540 2459 viro
571 2400 782 2477 indignissime.
825 2400 911 2461 Hauc
933 2399 1020 2460 Baml
1046 2401 1266 2478 persuasionem
1295 2409 1412 2460 secutus
1440 2398 1607 2482 Sohonerua

258 2486 381 2546 credidit
401 2504 468 2548 eece
492 2490 621 2565 etipse,
645 2504 767 2566 corpora
789 2489 935 2564 regularia
958 2486 1031 2548 nulli
1053 2504 1117 2548 esse
1140 2489 1224 2563 usui;
1247 2503 1300 2547 nec
1322 2488 1378 2547 boc
1400 2493 1529 2556 tautum,
1553 2483 1607 2545 sed

258 2582 287 2634 et
310 2573 445 2634 Proclum
467 2575 597 2650 neglexit
618 2583 670 2634 aut
691 2580 854 2649 contemsit,
875 2576 1019 2651 judicium
1033 2574 1269 2647 Romanorumn,
1292 2592 1312 2633 a
1333 2591 1392 2650 quo
1407 2573 1519 2634 ‚Proclo
1543 2572 1607 2632 dis·

249 2673 322 2721 'cere
344 2670 460 2740 poterat
488 2679 575 2720 usum
607 2679 760 2739 corporum
786 2666 916 2739 quinque
946 2671 976 2723 et
1000 2665 1027 2722 in
1051 2662 1209 2724 Elementis
1232 2661 1362 2721 Euclidis
1391 2670 1421 2721 et
1452 2659 1606 2719 inmundi

257 2750 378 2808 fabrica
423 2749 460 2807 Et
482 2748 599 2825 quidem
628 2747 738 2808 felicior
760 2758 823 2809 erat
845 2749 1006 2827 discipulus
1028 2751 1183 2828 magistro,
1212 2752 1283 2826 quia
1305 2765 1390 2809 usum
1412 2764 1565 2826 corporum
1587 2765 1607 2807 a

258 2854 304 2896 me
327 2836 506 2913 patefactum
528 2838 559 2894 in
581 2838 691 2896 lubrica
714 2838 814 2919 mundi
836 2837 1069 2913 gratulabundus
1091 2840 1209 2913 recepit,
1233 2854 1320 2914 quem
1334 2836 1446 2897 Remus
1468 2834 1606 2897 aProclo

259 2924 436 2984 inculcatum
459 2922 673 3001 repudiaverat.
719 2924 796 3000 Quid
820 2934 881 2984 tum
905 2929 995 2999 enim,
1018 2929 1044 2986 si
1065 2925 1246 3003 Pythagorei
1267 2925 1376 3001 figuras
1399 2925 1453 2984 has
1475 2923 1607 2984 elemen-

259 3014 305 3086 tis,
329 3030 388 3071 non
413 3029 482 3071 vero
507 3019 540 3070 ut
562 3029 625 3088 ego,
650 3012 781 3088 sphaeris
803 3013 904 3072 mundi
926 3012 1135 3074 attribuerint?
1179 3013 1309 3071 Annisus
1331 3020 1409 3073 esset
1429 3012 1550 3084 Remus,
1574 3016 1608 3082 ut

259 3117 384 3159 errorem
406 3098 483 3158 bane
505 3100 633 3174 ipsorum
655 3103 733 3158 circa
763 3103 921 3177 genuinum
951 3102 1109 3178 figurarum
1136 3100 1301 3175 subjectum
1328 3099 1458 3174 tolleret,
1489 3106 1523 3158 ut
1550 3113 1606 3173 ego

258 3189 328 3261 leci,
356 3203 415 3245 non
438 3194 531 3245 totam
553 3186 629 3246 hauc
650 3187 867 3264 philosophiam
889 3205 948 3247 uno
972 3189 1062 3249 verbo
1086 3190 1236 3266 tyrannico
1258 3187 1434 3247 sustulisset
1480 3184 1559 3261 Quid
1580 3186 1608 3245 si

258 3273 449 3353 Pythagorici
472 3274 528 3333 boc
550 3275 628 3334 idem
650 3275 823 3349 docuerant,
838 3350 842 3361 ι
857 3276 936 3352 quod
966 3293 1038 3352 ego,
1070 3277 1244 3335 sententiam
1270 3275 1428 3334 inrdlueris
1451 3274 1606 3335 verborum

211 3420 215 3431 ,
260 3362 416 3423 texerunt?
460 3360 564 3422 Nonne
587 3362 789 3439 Copornioana
811 3362 912 3422 muudi
933 3363 1026 3423 forma
1048 3370 1145 3424 exstat
1168 3365 1197 3420 in
1220 3365 1283 3439 ipso
1307 3361 1474 3435 Aristotele,
1496 3377 1606 3438 perpe-

259 3467 320 3508 ram
344 3451 381 3509 ab
405 3451 470 3525 ipso
492 3451 619 3510 refutata
641 3451 696 3510 sub
718 3450 884 3510 nominibus
908 3449 987 3510 aliis:
1012 3451 1081 3509 darn
1103 3449 1145 3508 illi
1161 3448 1260 3509 Solem
1281 3449 1393 3526 Ignem,
1415 3449 1530 3508 Lanam
1542 3446 1607 3506 An·

259 3538 411 3597 tiehthona
433 3536 640 3613 appellarunt?
683 3537 716 3598 Si
737 3555 864 3614 namque
887 3535 1040 3614 dispositio
1065 3538 1178 3597 orbium
1200 3537 1302 3596 eadem
1324 3537 1379 3596 luit
1400 3535 1479 3613 apud
1493 3535 1608 3614 Pytha-

223 3614 225 3625 ’
260 3642 379 3701 gorens,
410 3642 486 3700 quae
515 3623 594 3701 apud
617 3624 822 3701 Cepernicum,
850 3627 876 3683 si
905 3634 976 3685 nota
1004 3641 1126 3701 corpora
1155 3626 1282 3700 quinque
1313 3641 1470 3700 eorumque
1497 3624 1611 3682 numeri
1663 3668 1667 3675 .

260 3715 385 3788 quinarii
408 3700 577 3787 necessitas,
600 3713 625 3781 si
640 3720 806 3774 constanter
822 3729 923 3773 omnes
939 3712 1108 3786 docuerunt,
1132 3728 1254 3789 corpora
1275 3714 1403 3787 quinque
1426 3728 1491 3771 esse
1507 3710 1609 3769 mundi

259 3800 387 3876 partium
409 3798 593 3876 archetypos,
618 3801 789 3875 quantulum
810 3789 954 3877 ‘superest
979 3808 1012 3858 ut
1033 3798 1184 3859 credamus
1208 3797 1322 3858 illorum
1344 3800 1530 3871 seutentiam,
1552 3798 1622 3857 sub·

260 3890 425 3963 aenigmate
455 3886 493 3944 ab
517 3886 674 3947 Aristotele
710 3887 829 3962 lectam,
872 3888 957 3963 quasi
988 3886 1044 3946 sub
1073 3903 1143 3947 vero
1164 3886 1374 3947 vocabulorum
1402 3903 1491 3947 sensu
1518 3885 1610 3945 luisse

260 3976 433 4033 refutatam:
467 3971 537 4030 dum
560 3972 731 4034 Aristoteles
752 3973 825 4050 legit
847 3975 985 4046 Tenem,
1018 3976 1066 4034 cui
1088 3975 1194 4034 cubum
1217 3974 1340 4047 dabant,
1370 3990 1435 4033 cum
1456 3975 1514 4050 ipsi
1536 3972 1611 4033 rorte

261 4061 420 4121 Saturnum
443 4060 647 4134 intellexerint,
674 4061 757 4137 cnjus
781 4062 859 4120 orbis
884 4063 1055 4138 interpositu
1080 4063 1145 4121 cubi
1169 4069 1330 4121 summotus
1352 4069 1398 4120 est
1420 4079 1438 4119 a
1460 4059 1548 4119 Jove.
1572 4060 1611 4117 Et

259 4148 369 4209 Terrae
394 4146 514 4224 quidem
536 4149 664 4224 quietem
693 4148 799 4226 vulgus
822 4148 978 4222 adscribit,
1008 4148 1150 4208 Saturnus
1173 4166 1244 4209 vero
1267 4154 1378 4207 motum
1406 4146 1611 4218 tardissimum,

261 4238 351 4313 quieti
374 4237 547 4312 proximum,
572 4245 617 4295 est
639 4239 767 4309 sortitus,
791 4237 870 4296 unde
885 4238 974 4295 etiam
996 4236 1074 4312 apud
1088 4236 1239 4296 Hebraeos
1263 4253 1282 4295 a
1304 4239 1402 4313 quiete
1424 4251 1531 4294 nomen
1554 4235 1611 4292 ob·

261 4324 356 4383 tinuit.
404 4322 453 4381 Sic
476 4324 535 4382 adri
559 4321 659 4383 datum
683 4322 839 4383 octai‘drou
861 4323 935 4400 legit
957 4323 1144 4397 Aristoteles,
1169 4340 1241 4383 uum
1269 4324 1410 4382 illi-torte
1432 4321 1612 4382 Mercurium

261 4410 471 4485 intellexerint,
500 4411 582 4502 cuins
606 4412 684 4471 orbis
706 4410 843 4471 oeuedro
868 4410 997 4470 inclusus
1021 4420 1081 4484 est;
1112 4428 1167 4472 nec
1194 4414 1289 4470 minus
1317 4410 1404 4470 relox
1426 4418 1471 4469 est
1492 4409 1612 4469 Mercu-

261 4502 321 4558 rius
344 4493 469 4579 (qaippe
493 4500 622 4557 omnium
646 4494 865 4580 velocissimus)
898 4514 986 4575 qnam
1015 4498 1134 4558 mobilis
1164 4503 1213 4558 ae‘r
1242 4500 1374 4559 babetur.
1417 4497 1497 4575 ignis
1520 4512 1613 4555 voca-

262 4586 332 4645 bulo
355 4587 478 4645 tortasse
500 4585 581 4645 Mars
602 4586 658 4646 luit
679 4589 851 4661 insinuatus,
876 4588 924 4646 cui
947 4587 1022 4647 alias
1045 4587 1133 4646 etiem
1157 4588 1194 4646 ab
1217 4588 1285 4662 igne
1306 4602 1412 4645 nomen
1435 4591 1481 4644 est
1496 4584 1612 4663 Pyrois,

263 4682 352 4749 atque
374 4670 418 4730 illi
440 4674 606 4733 tetraddron
629 4674 745 4747 datum,
775 4676 848 4734 torte
880 4678 952 4750 quia
981 4673 1139 4734 includitur
1161 4674 1226 4749 ejus
1248 4673 1327 4732 orbis
1349 4673 1404 4732 bac
1425 4672 1527 4749 ligura.
1573 4671 1613 4731 Et

263 4778 358 4838 aquae
380 4761 435 4819 sub
458 4760 624 4834 involucro,
648 4764 695 4821 eui
718 4763 888 4822 icosaiidron
905 4765 1093 4833 attributum,
1118 4761 1238 4821 Veneris
1260 4758 1346 4819 stella
1368 4757 1417 4842 (ut
1439 4761 1522 4837 quus
1545 4774 1614 4818 cnr-

262 4849 384 4908 riculum
407 4848 558 4908 icosaddro
582 4845 762 4930 continetur)
786 4849 876 4909 latere
899 4853 1013 4926 potuit,
1039 4852 1110 4926 quia
1132 4848 1239 4908 Veneri
1261 4847 1397 4906 humores
1419 4848 1543 4923 subjecti
1565 4849 1614 4923 ip-

262 4952 355 5014 saque
377 4935 482 4996 dieitur
504 4945 569 4996 orta
599 4940 687 4996 maris
716 4953 837 5014 spuma,
868 4936 946 4998 unde
975 4955 1033 4998 vor
1055 4934 1224 5016 Ἀφροὸηη.
1268 4936 1404 5012 Denique
1430 4935 1533 4995 mundi
1555 4949 1615 4995 vox
