3567 5625
690 467 725 527 da
741 469 897 528 Harmonia
1441 481 1480 540 69

213 649 366 710 barnam
389 649 576 727 quaestiones
598 647 688 711 iccio:
722 647 756 734 1)
779 649 810 712 Si
833 652 996 729 titulique
1023 654 1179 729 persuasio
1203 652 1381 714 universalis
1403 653 1477 714 lite-

143 745 254 800 ratorum
274 739 402 798 omnium
425 744 475 798 aut
497 737 700 816 plerorumque
722 739 752 799 in
774 756 882 817 magna
904 747 999 817 genta,
1025 748 1057 800 ut
1079 739 1160 816 quod
1182 741 1238 801 sub
1257 742 1480 818 conjunctiones

145 843 248 903 magnas
267 832 423 886 nascautur
439 826 505 886 ·viri
534 826 741 903 insignissimi,
772 830 942 905 praesertim
972 830 998 889 si
1027 828 1148 889 accedat
1176 828 1245 896 loco
1276 836 1328 889 aut
1356 834 1481 908 tempori

143 913 215 975 stalla
233 929 323 974 novar
354 930 393 973 an
415 915 504 990 igitur
524 913 608 975 Deus
631 920 732 975 utatur
753 913 809 975 hac
831 914 983 976 hominum
1005 917 1214 996 persuasione,
1241 924 1274 976 ot
1296 918 1334 976 iis
1359 921 1481 995 potissi-

143 1019 208 1064 mum
227 1001 412 1080 temporibus,
438 1017 502 1062 cum
524 1007 593 1061 sunt
616 1002 764 1080 coniuncti
787 1001 939 1081 planetae,
963 1010 993 1064 et
1015 1002 1117 1064 stellas
1140 1003 1278 1064 exhibeat
1300 1013 1330 1064 et
1354 1009 1482 1082 promis-

40 1107 41 1114 *
143 1107 195 1151 sum
215 1088 349 1150 liessiam
379 1090 504 1165 miserit,
537 1096 569 1149 ut
589 1087 647 1151 boc
675 1096 762 1170 pecto
785 1089 951 1168 Magorum,
974 1091 1130 1152 Persarum
1161 1093 1256 1169 gentis
1284 1094 1414 1152 animam
1443 1087 1482 1153 ad

40 1171 42 1186 ¹
143 1179 317 1256 mgnidouem
350 1176 478 1239 Messias
507 1175 679 1254 perduceret
706 1195 816 1257 perque
845 1178 913 1239 illos
942 1179 1051 1239 iamam
1081 1178 1210 1240 Messias
1245 1182 1320 1240 inter
1347 1179 1481 1242 homines

40 1335 41 1340 ἵ
144 1264 279 1343 vulgaret?
300 1281 340 1326 an
362 1263 461 1345 potius
484 1264 630 1341 dicamus,
654 1265 751 1327 Deum
772 1269 867 1346 ipsum
891 1284 970 1341 esse,
1005 1270 1144 1343 quicum
1168 1269 1266 1327 omnia
1288 1266 1388 1329 ordine
1411 1277 1482 1345 agat

145 1371 249 1431 cumque
269 1351 411 1414 mundum
433 1351 512 1414 hune
532 1352 681 1428 mobilem,
703 1352 734 1413 id
756 1361 802 1415 est
823 1355 960 1432 planetas
983 1356 1116 1430 interque
1134 1371 1185 1415 eos
1201 1354 1320 1415 Terram
1342 1354 1481 1432 pulcher·

40 1479 42 1486 ν
144 1444 203 1502 rimo
223 1440 320 1503 ordine
344 1438 535 1526 condiderit,
553 1442 620 1518 qui,
651 1443 787 1518 inquam,
820 1441 918 1503 adbuc
947 1442 1079 1519 ejusdem
1109 1445 1205 1520 operis
1233 1445 1280 1502 sui
1303 1443 1422 1503 effectus
1453 1453 1483 1504 et

144 1527 350 1604 &amalecitam
378 1527 514 1606 dignetur
546 1528 817 1592 accommodatione
856 1531 980 1591 aliorum
1008 1528 1213 1609 providentiae
1241 1547 1313 1592 suae
1337 1531 1482 1608 opemm‘l

40 1681 41 1690 ,
144 1617 206 1677 lices
225 1618 298 1678 cuim
314 1615 463 1677 Christum
489 1618 571 1678 nasci
602 1615 695 1678 voluit
727 1619 782 1678 sub
805 1618 1038 1695 coniunctionem
1067 1621 1240 1692 maximam,
1272 1635 1331 1678 non
1361 1621 1481 1695 ignarus

40 1703 41 1780 ,
144 1707 227 1783 urique
247 1711 428 1784 temporum,
459 1721 515 1766 nec
534 1703 688 1782 negligens
718 1707 763 1766 sui
787 1705 905 1766 ordinis
951 1704 992 1767 Ut
1019 1707 1062 1766 ita
1083 1706 1166 1766 Deus
1193 1723 1253 1766 non
1275 1706 1342 1767 ideo
1365 1715 1482 1785 tempus

40 1851 41 1854 ,
144 1792 189 1854 hoe
208 1794 418 1874 observaverit,
441 1794 511 1869 quia
531 1792 665 1868 homines
687 1792 726 1853 ad
748 1811 784 1854 ea
805 1796 889 1856 varia
911 1796 1118 1873 superstitione
1143 1795 1317 1872 respiciunt,
1341 1793 1393 1854 sed
1415 1793 1481 1855 ideo

144 1879 274 1943 bominum
295 1883 412 1943 animos
434 1880 508 1942 talea
532 1879 694 1942 condiderit
715 1880 873 1959 taliterque
895 1888 1023 1964 moveat,
1047 1883 1117 1961 quia
1133 1890 1163 1941 et
1185 1883 1249 1959 ipse
1271 1881 1309 1943 ad
1326 1881 1383 1942 has
1406 1891 1482 1943 tem-

144 1985 232 2047 porum
252 1977 341 2031 notas
363 1969 493 2046 respicit.
537 1968 607 2028 Alia
629 1969 667 2029 ab
688 1967 745 2029 bac
772 1976 802 2030 et
823 1992 923 2047 μερικη
946 1971 1042 2046 magis
1064 1975 1109 2030 est
1126 1972 1276 2046 quaestio:
1301 1987 1348 2044 an,
1372 1969 1484 2047 siquid

144 2055 209 2118 Deus
230 2057 302 2120 velit
324 2049 681 2134 hominibussigniflcare
702 2074 755 2135 per
777 2063 873 2119 certos
895 2057 1046 2132 homiues,
1076 2073 1177 2118 eorum
1199 2063 1269 2117 tunc
1292 2057 1404 2118 artibus
1428 2076 1483 2118 va-

144 2147 230 2223 nisque
260 2145 525 2208 observationibus
542 2143 580 2204 ad
597 2143 759 2205 monendos
780 2145 861 2223 ipsos
891 2144 1016 2205 utatur?
1061 2144 1110 2205 Sic
1125 2143 1266 2204 Rdslinm
1287 2145 1382 2205 multa
1412 2162 1484 2206 con-

141 2233 207 2311 jecit,
228 2251 307 2310 quas
329 2232 467 2311 probarit
489 2238 622 2308 eventus,
646 2248 718 2293 usus
741 2234 909 2294 vanissimis
931 2233 1062 2293 Arabum
1085 2230 1213 2308 regulis3
1242 2232 1485 2310 Lichtenbergius

144 2338 201 2382 vcro
219 2322 347 2400 plurima
370 2319 458 2397 hujus
479 2322 595 2398 generis
616 2319 721 2395 babet,
747 2321 811 2397 ‘ruisi
834 2319 922 2381 fallor
953 2327 982 2380 et
1005 2321 1033 2377 in
1057 2320 1186 2395 antiquis
1207 2319 1382 2396 prophetis,
1401 2323 1431 2380 in
1454 2320 1485 2381 S.

144 2408 261 2487 brigitta,
284 2407 445 2470 Joachimo
467 2413 522 2469 etc.
544 2407 617 2468 talia
638 2409 747 2467 insunt.
794 2408 901 2469 Daniel
931 2407 1076 2485 propheta
1104 2406 1160 2466 luit
1181 2408 1332 2466 institutus
1361 2409 1390 2465 in
1414 2406 1486 2468 doc·

144 2498 206 2557 trina
227 2495 459 2569 Chaldaeorum,
491 2495 575 2571 cuius
597 2512 665 2573 pars
688 2499 733 2555 est
756 2495 791 2557 de
815 2496 996 2574 ingressibus
1020 2511 1177 2569 annorum,
1207 2493 1243 2555 de
1265 2495 1355 2555 initiis
1378 2513 1486 2573 regno·

144 2600 212 2664 rum,
233 2584 268 2645 de
292 2581 514 2661 quadrangulis,
539 2581 575 2643 de
599 2582 786 2661 Capricorno,
810 2582 921 2644 Ariete.
967 2583 1003 2642 Et
1026 2599 1103 2657 ecce,
1116 2598 1192 2642 anno
1215 2583 1309 2659 primo
1331 2582 1415 2643 Darii
1438 2585 1486 2642 vi·

144 2669 184 2731 det
203 2673 334 2733 Arietem
356 2675 386 2732 et
407 2669 528 2730 Hircum
549 2677 746 2748 pugnantem:
779 2670 850 2747 quid
872 2673 898 2729 si
926 2688 961 2730 ex
977 2671 1164 2730 aeconomia
1193 2672 1259 2746 quis
1283 2677 1366 2731 eruat
1388 2670 1487 2730 thema

145 2758 255 2821 coeleste
277 2761 312 2819 in
334 2759 455 2819 introitu
477 2759 556 2838 anni,
578 2758 833 2837 nbisuperiorum
855 2775 932 2819 unus
953 2759 983 2817 in
1007 2757 1194 2836 Capricorno,
1218 2757 1291 2819 alter
1313 2761 1342 2817 in
1363 2757 1487 2821 Ariete?

144 2845 193 2908 ded
211 2849 251 2908 sti
274 2847 321 2908 sti
343 2863 381 2907 ne
404 2848 470 2924 quis
485 2846 739 2927 superciliosorum
755 2846 865 2907 nudam
882 2848 1080 2924 decorticacio
1097 2848 1203 2906 crimen
1218 2846 1403 2906 manifestum
1426 2854 1488 2906 tra-

144 2933 194 2995 hat
234 2934 295 2996 Hic
318 2934 407 3011 igitur
428 2932 511 2993 soleo
534 2950 605 2993 sane
628 2932 740 3011 aliquid
762 2935 889 2996 tribuere
911 2936 1032 2996 eventui
1047 2932 1288 3012 praedictionum,
1311 2939 1344 2993 ut
1365 2936 1394 2992 in
1410 2935 1485 2995 libro

65 3027 69 3037 '
145 3020 175 3081 de
193 3021 284 3083 Stella
309 3028 338 3081 et
360 3027 462 3081 contra
484 3020 645 3081 Riislinum.
691 3019 733 3082 At
754 3024 899 3098 ermdmc,
921 3022 1085 3098 legitimum
1108 3039 1172 3083 esse
1194 3020 1321 3082 medium
1346 3021 1485 3099 negando

144 3108 251 3170 hamati
274 3115 393 3189 praeter
414 3125 463 3183 ea,
494 3124 570 3186 quae
592 3115 626 3168 tu
648 3110 811 3188 sapienter,
840 3111 881 3184 si,
905 3112 956 3186 qui
979 3111 1094 3183 scribit,
1120 3106 1191 3170 mali
1214 3111 1303 3169 muris
1326 3108 1414 3169 homo
1437 3111 1485 3181 sit,

145 3196 284 3259 nemum
309 3198 447 3276 rapiatur,
469 3192 499 3254 in
520 3213 581 3257 rem
603 3213 686 3256 suam
709 3204 797 3274 agat,
819 3205 957 3258 votorum
979 3214 1096 3259 suorum
1119 3194 1295 3275 προξενηιης
1317 3198 1365 3255 sit·
1408 3196 1486 3256 Nam

144 3303 194 3362 quo
213 3286 281 3366 plus
305 3284 440 3357 hominis,
463 3283 521 3344 hoc
542 3285 638 3344 minus
660 3283 718 3344 Dei
741 3293 787 3345 est
808 3287 838 3343 in
860 3285 987 3345 homine.
1032 3285 1188 3345 Praeterea
1210 3293 1240 3344 et
1261 3282 1318 3343 hoc
1341 3283 1412 3343 mihi
1435 3302 1487 3344 ca·

145 3373 275 3449 ventum,
300 3390 357 3447 ne,
380 3374 430 3450 qui
450 3369 606 3450 plurimum
629 3371 725 3432 tribuo
749 3370 1016 3434 characterisationi
1045 3375 1150 3432 mentis
1173 3371 1317 3431 hnmanae
1348 3380 1487 3433 amente

143 3465 272 3523 amnica
294 3464 326 3519 in
347 3459 539 3534 naturalibus,
563 3458 640 3519 idem
663 3475 718 3537 ego
740 3467 909 3537 suspectum
923 3460 1030 3519 taciem
1052 3458 1109 3518 hoc
1125 3461 1275 3536 negotium
1299 3457 1487 3535 adjunctione

40 3584 41 3621 p
143 3548 214 3611 ibim
236 3548 493 3611 condescensionis
527 3548 556 3605 in
579 3546 667 3607 rebus
690 3547 865 3622 arbitrariis,
900 3547 984 3623 quasi
1012 3548 1148 3622 utrinque
1179 3545 1256 3607 idem
1286 3564 1372 3623 agam
1394 3564 1489 3624 aeque

143 3654 212 3699 vano
234 3644 354 3700 conatu.
400 3634 467 3711 Qua
489 3633 608 3711 quidem
630 3635 777 3694 mentione
799 3635 914 3713 auhrgit
935 3632 1006 3692 mibi
1029 3635 1143 3693 animus
1169 3633 1206 3693 ab
1229 3633 1286 3693 hac
1308 3631 1489 3694 condescen-

143 3727 216 3786 sione
246 3732 279 3786 et
307 3723 509 3807 providentiae
539 3721 675 3802 operibus
697 3720 736 3782 ad
765 3720 846 3782 illam
874 3722 1178 3783 characterisationem
1209 3728 1238 3781 et
1268 3726 1421 3802 naturam,
1451 3720 1489 3781 ad

144 3829 225 3890 quam
247 3812 417 3889 coniugium
438 3810 528 3871 habet
549 3811 699 3870 usitatum.
743 3807 846 3871 Jocari
867 3817 906 3885 te,
930 3811 988 3883 ais,
1011 3810 1041 3867 in
1064 3810 1210 3869 mentione
1233 3809 1489 3887 protoplastorum,

144 3908 198 3959 tam
217 3901 388 3974 hominum,
420 3915 508 3977 quam
529 3897 704 3975 figurarum
734 3899 834 3958 nescio
865 3915 902 3958 an
927 3897 1040 3973 iocanti
1063 3895 1166 3957 deceat
1193 3895 1421 3956 admonitionem
1444 3899 1491 3956 in·

142 4003 246 4065 gerere.
292 3986 359 4047 Non
382 3984 517 4063 equidem
538 3984 699 4066 probandi,
729 3984 782 4046 sed
811 3983 977 4045 illustrandi
1005 3985 1103 4046 auimo
1131 3986 1300 4063 comparavi
1322 3985 1396 4060 ista,
1427 3986 1492 4044 visa
1559 4000 1563 4009 ³

144 4077 214 4135 euim
236 4082 285 4137 est
305 4076 408 4133 miram
431 4073 595 4143 exhibitura
618 4072 846 4135 delectationem·
865 4080 895 4134 et
911 4072 1028 4132 omnino
1052 4073 1136 4149 quasi
1153 4074 1246 4132 invito
1268 4088 1369 4131 aurem
1384 4070 1492 4132 vellere

145 4162 179 4221 ad
200 4162 389 4242 cogitandum
411 4159 447 4222 de
469 4162 676 4222 occultioribus
699 4168 729 4222 et
750 4160 906 4222 reconditis
929 4160 1072 4236 sensibus,
1096 4158 1148 4220 sed
1171 4158 1263 4235 male3
1291 4176 1357 4219 cum
1380 4158 1491 4220 oderim

144 4267 242 4312 omnes
266 4249 435 4325 cabalistas,
458 4252 618 4328 temperavi
640 4248 712 4308 mihi
735 4248 783 4310 hio
806 4266 939 4327 quoque,
964 4266 1002 4308 ne
1026 4265 1143 4308 sensum
1166 4248 1326 4324 scripturae
1349 4246 1492 4308 literalem

145 4337 316 4400 indubium
336 4354 483 4414 vocarem,
506 4344 558 4397 aut
580 4338 649 4397 certi
675 4336 745 4413 quid
768 4343 942 4411 statuerem,
974 4337 1061 4412 quasi
1083 4333 1216 4396 homines
1238 4335 1308 4393 iacti
1331 4333 1368 4393 ad
1392 4351 1492 4394 exem·

142 4424 220 4504 plum
242 4425 410 4505 figurarum,
432 4426 603 4505 praesertim
626 4440 692 4483 cum
715 4422 810 4485 Adam
832 4442 891 4485 non
913 4424 999 4484 tuerit
1022 4430 1153 4502 διγαμος,
1175 4429 1208 4482 ut
1230 4423 1284 4481 iste
1308 4421 1415 4494 cubus,
1437 4438 1493 4481 nec

145 4515 270 4576 inaertus
293 4521 323 4576 et
343 4515 471 4573 intrusus
494 4514 534 4572 sit
562 4514 592 4570 in
615 4510 744 4588 aliquam
774 4509 862 4571 aliam
885 4510 1016 4587 Hevam,
1046 4517 1079 4570 ut
1103 4510 1194 4570 cubus
1226 4510 1254 4565 in
1280 4505 1492 4582 dodecaddron,

144 4602 198 4662 uisi
213 4601 296 4681 ‚lunc
322 4602 353 4659 in
376 4599 576 4680 sepulchrum,
608 4615 673 4659 cum
701 4616 760 4676 quo
787 4616 841 4660 suo
865 4599 1036 4661 indumento
1063 4600 1165 4675 genuit
1189 4612 1301 4655 vermes
1324 4598 1495 4665 πολυποὸιις

144 4687 207 4750 loco
237 4691 410 4769 noioedqev.
454 4686 502 4748 lta
532 4684 694 4766 quaedam,
727 4688 823 4748 etiam
851 4689 1090 4760 concinnissima,
1129 4691 1197 4756 sunt
1225 4689 1321 4742 tamen
1356 4683 1494 4759 fortuita3

145 4794 220 4856 quae
242 4783 341 4838 tamen
369 4777 488 4837 iortuita
512 4792 571 4837 nou
594 4773 732 4837 auderem
761 4775 872 4852 dicere,
903 4776 942 4836 ob
965 4773 1183 4853 congruentiam
1205 4777 1265 4832 tam
1287 4773 1407 4849 mham,
1438 4773 1495 4831 nisi

145 4864 357 4944 discrepantiae
379 4881 497 4943 quoque
519 4866 549 4924 in
571 4864 690 4942 reipsa
712 4871 894 4925 occurrerent
915 4865 1049 4942 vestigia

232 4952 270 5039 2)
284 4956 331 5018 De
344 4955 579 5040 proportionibus
589 4970 718 5032 aequum
731 4951 872 5036 postulas,
888 4959 921 5021 ut
933 4953 990 5021 tihi
1003 4949 1227 5021 mathematicus
1241 4964 1297 5027 ego
1313 4946 1496 5013 exercitatior
