3567 5625
382 1166 426 1221 lv.
482 1217 552 1224 -..
795 1160 827 1214 V.
848 1174 954 1217 ..ἶ-
1188 1166 1234 1221 VI.
1272 1179 1376 1225 T:

365 1256 450 1322 (Brevi
468 1255 563 1307 lineola
583 1252 742 1306 semitonium
761 1251 884 1313 signatur,
902 1253 1023 1303 mediocri
1042 1260 1116 1305 tonus
1135 1258 1225 1331 minor,
1243 1259 1399 1318 longiuscula
1416 1256 1514 1322 major.)

348 1366 440 1421 Prima
456 1404 544 1460 som
561 1404 588 1458 in
682 1364 799 1489 ⁰G‘3A‘
814 1373 851 1505 bf
859 1460 874 1498 c
911 1405 1004 1459 Touus
1022 1404 1116 1475 major,
1135 1405 1230 1475 minor,
1251 1409 1429 1466 semitonium.
1451 1393 1555 1478 Ξ

351 1612 475 1670 samer
492 1596 580 1669 romi
597 1614 626 1669 m
681 1582 872 1724 ssssffogt
909 1610 1003 1666 ronne
1020 1611 1115 1683 maor,
1134 1615 1229 1686 major,
1247 1617 1373 1673 semiton.
1451 1609 1556 1688 Ξ-

679 1792 862 1861 odda!

347 1821 441 1877 Tertia
457 1821 545 1879 foma
561 1821 590 1878 tn
689 1859 715 1918 θ
741 1861 770 1917 Α
800 1864 816 1919 b
841 1798 875 1917 θ’
910 1823 1003 1879 Tonas
1021 1824 1116 1893 major,
1137 1825 1273 1895 semiton,
1293 1825 1388 1882 minor.
1451 1818 1555 1899 Ξ

349 2028 452 2099 Quarta
470 2031 556 2086 forms
573 2033 601 2088 in
731 2038 849 2093 cde
909 2014 1052 2102 Simiwn,
1071 2039 1152 2088 tonus
1171 2035 1265 2102 major,
1282 2034 1377 2090 minor.
1452 2068 1553 2111 '133

347 2240 448 2343 Quinta
465 2239 553 2297 forms
569 2242 598 2297 in
734 2214 752 2338 B
788 2230 807 2351 J.
837 2213 857 2355 g
909 2244 1003 2299 Tonas
1021 2244 1115 2315 minor,
1135 2246 1274 2313 semiton,
1291 2244 1386 2313 malor-
1450 2246 1554 2325 Ξ

736 2432 753 2486 b
787 2449 804 2486 e
838 2432 857 2486 d

839 2519 857 2573 9

680 2038 695 2103 i

679 2213 708 2268 A

681 2283 700 2337 d

680 2429 709 2485 A

350 2459 434 2514 Sexta
451 2458 538 2515 forma
555 2460 584 2514 in
910 2456 1054 2522 semiton,
1072 2459 1154 2508 tonus
1172 2451 1267 2520 minor,
1286 2451 1379 2518 major.
1449 2455 1554 2533 Y:

354 2584 392 2645 Et
413 2585 470 2649 bae
492 2597 560 2648 sunt
582 2500 702 2651 tautumi
718 2501 839 2669 pglescti
863 2590 1045 2652 diatessaron
1068 2588 1196 2665 lormae;
1225 2587 1261 2647 de
1284 2587 1461 2664 imperfectis
1484 2605 1547 2663 cap.
1576 2591 1623 2646 12.

271 2689 404 2821 wgib
427 2768 526 2824 autem
549 2762 764 2826 dissimulemus
792 2720 983 2828 differentiam
1006 2765 1068 2824 toni
1091 2763 1211 2840 majoris
1242 2772 1272 2825 at
1292 2766 1429 2839 minoris,
1458 2770 1491 2823 ut
1512 2763 1625 2825 iaciunt

269 2849 414 2926 organici,
438 2859 507 2912 tnnc
531 2855 648 2912 omnino
671 2853 780 2914 similia
801 2865 868 2914 sunt
891 2853 1076 2915 tetrachorda
1099 2852 1245 2928 disiuncta
1268 2853 1406 2930 deinceps
1428 2855 1499 2912 ista:
1596 2853 1602 2864 ‘

719 2936 743 2992 θ
760 2935 790 2993 A'
806 2940 820 2992 b
840 2956 855 2993 c
944 2945 971 2990 et
989 2937 1008 2991 d
1026 2953 1040 2991 e
1056 2937 1085 3004 fo
1103 2953 1122 3005 p

719 3005 856 3063 oruc
944 3006 1122 3076 mdefp

680 3075 831 3131 Haec'ima
945 3076 1058 3132 ethaeo
1081 3089 1259 3160 summa.-
1290 3079 1294 3092 “

324 3213 495 3298 ‚Utrinque
517 3221 702 3281 semitonium
724 3228 769 3282 est
788 3220 854 3282 loco
878 3221 999 3294 eodem,
1030 3219 1077 3280 vel
1100 3237 1214 3279 summo
1246 3219 1294 3280 rel
1315 3220 1428 3296 medio,
1460 3219 1624 3280 differentia

197 3375 206 3394 x
266 3303 361 3364 solum
382 3303 449 3380 illa,
479 3307 558 3382 quod
581 3327 639 3368 nno
663 3316 806 3370 commate
834 3308 923 3369 altius
947 3315 991 3368 est
1015 3309 1201 3368 semitonium
1232 3311 1262 3367 in
1284 3308 1412 3368 interiori
1436 3306 1621 3368 tetrachordo

267 3410 355 3469 quum
378 3393 406 3449 in
430 3397 591 3472 superiori3
615 3414 691 3473 quae
715 3397 877 3457 differentia
900 3400 975 3456 inter
997 3394 1161 3456 canendum
1183 3412 1241 3456 nou
1264 3396 1351 3457 valde
1375 3399 1507 3455 sentitur.

354 3479 432 3539 Huic
455 3484 542 3558 igitur
564 3483 814 3545 tetrachordorum
837 3483 1021 3544 similitudini
1051 3490 1097 3544 est
1119 3487 1219 3544 innixa
1248 3486 1435 3560 transpositio
1457 3490 1561 3542 cantus
1584 3481 1620 3541 de

266 3568 349 3629 clare
371 3570 402 3628 in
425 3567 555 3646 clarem,
583 3574 693 3632 usitata
721 3574 855 3645 musicis;
886 3580 969 3632 tanto
992 3571 1171 3648 expeditior,
1205 3571 1284 3649 quod
1314 3573 1444 3648 organici
1467 3572 1619 3631 discrimen

268 3665 403 3717 tonorum
426 3657 548 3734 majoris
570 3667 600 3719 et
621 3662 743 3720 minoris
765 3668 795 3719 et
817 3667 915 3720 cetera
937 3659 1127 3719 sustulerunt.

350 3741 478 3810 Rursum
501 3745 574 3807 baec
596 3745 846 3807 tetrachordorum
868 3746 1030 3807 similitudo
1052 3755 1081 3807 et
1103 3745 1207 3824 triplex
1223 3745 1351 3805 varietas
1366 3747 1479 3823 peperit
1500 3748 1530 3802 in
1554 3762 1621 3803 mu·

266 3834 328 3890 sica
350 3833 502 3891 recentiori
525 3852 577 3893 sex
600 3834 666 3893 illae
688 3834 821 3913 syllabas
843 3842 895 3910 ut,
918 3853 964 3910 rc,
994 3838 1052 3908 mi,
1081 3835 1132 3911 fa,
1154 3834 1214 3902 sol,
1237 3834 1286 3906 la,
1318 3835 1424 3909 quibus
1447 3832 1621 3892 sublevatur

264 3920 403 3978 memoria
426 3917 607 3981 discentium.
653 3920 766 3996 Quodsi
793 3940 855 3982 una
882 3922 947 3981 sola
969 3931 1075 3981 octava
1099 3928 1265 3991 caneretur,
1289 3923 1451 3997 composita
1484 3937 1519 3978 ex
1544 3919 1620 3979 duo-

264 4006 320 4064 bus
342 4007 534 4068 tetracbordis
555 4008 717 4085 similibus,
748 4020 917 4087 poteramus
948 4026 1012 4067 esse
1036 4010 1164 4068 contenti
1187 4015 1313 4084 quatuor
1335 4007 1405 4066 solis
1428 4006 1553 4085 syllabis
1575 4016 1619 4080 ut,

263 4112 311 4167 re,
341 4096 400 4169 mi,
431 4096 483 4172 fa,
505 4103 556 4175 ut,
578 4115 626 4172 rc,
650 4100 707 4170 mi,
730 4099 782 4175 fa,
816 4096 999 4157 dissimulato
1023 4095 1187 4155 discrimine
1210 4097 1284 4154 inter
1306 4103 1401 4168 tonos,
1425 4096 1568 4170 majorem
1592 4104 1622 4154 et

193 4181 196 4186 ’
264 4182 413 4240 minorem.
458 4181 516 4243 Sed
541 4187 611 4258 qnia
632 4191 700 4243 sunt
722 4187 777 4243 tria
799 4185 866 4244 loca
888 4185 1035 4243 semitonii
1060 4186 1087 4241 in
1111 4182 1304 4253 tetrachordo,
1328 4200 1365 4241 ne
1387 4184 1475 4257 igitur
1498 4184 1621 4258 nirninpr

264 4268 414 4346 generales
437 4280 534 4330 essent
556 4271 612 4331 bae
635 4271 779 4347 syllabae,
803 4275 874 4348 quin
897 4274 1009 4349 potius,
1033 4280 1066 4330 ut
1087 4288 1201 4347 semper
1224 4270 1410 4330 denotaretur
1430 4272 1621 4329 semitonium

264 4374 314 4432 per
337 4353 383 4417 Mi
399 4354 457 4426 Fa,
483 4357 528 4417 vel
554 4357 604 4418 Fa
621 4356 674 4433 Mi,
698 4361 827 4434 oportuit
850 4358 923 4418 duas
946 4358 1020 4418 alias
1043 4358 1182 4418 accedere
1205 4357 1345 4433 syllabas,
1369 4366 1402 4416 ut
1425 4359 1454 4414 in
1477 4357 1523 4415 bis
1547 4353 1617 4438 (Ut,

153 4437 157 4446 '
262 4461 311 4518 rc,
342 4448 402 4518 mi,
434 4440 485 4526 so)
510 4453 588 4505 esset
609 4448 795 4505 semitonium
817 4446 885 4505 loco
908 4461 1053 4523 supremo,
1076 4448 1105 4503 in
1129 4446 1175 4503 bis
1199 4461 1269 4504 vero
1292 4440 1367 4525 (rte,
1391 4448 1448 4518 mi,
1475 4445 1528 4520 fa,
1558 4441 1619 4526 sol)

263 4533 449 4591 semitonium
472 4544 549 4593 esset
577 4533 642 4593 loco
665 4533 776 4605 medio,
806 4532 933 4609 denique
962 4532 1061 4592 inhia
1084 4528 1161 4613 (Mi,
1189 4534 1240 4608 fu,
1270 4533 1330 4600 sol,
1362 4532 1408 4606 la)
1430 4533 1619 4591 semitonium

262 4626 341 4679 esset
361 4621 420 4678 imo
443 4619 518 4680 loco.
564 4623 662 4697 Atque
689 4622 762 4681 baec
791 4627 963 4693 causaest,
995 4636 1046 4678 eur
1067 4638 1119 4680 sex
1142 4620 1265 4698 syllabis
1295 4621 1339 4678 asi
1363 4622 1421 4679 sint
1447 4622 1618 4679 inventores

263 4709 397 4780 musices,
419 4724 479 4767 non
502 4714 577 4769 octo.
622 4708 727 4784 Itaque
750 4707 850 4767 rideat
873 4707 966 4784 Belga
989 4706 1053 4780 ille,
1077 4711 1127 4784 qui
1150 4724 1202 4787 pro
1225 4723 1292 4778 sex,
1316 4716 1428 4785 septem
1451 4707 1534 4779 lecit,
1557 4706 1617 4779 Bo,

235 4810 303 4866 xec,
327 4793 368 4868 di,
390 4812 440 4869 pa,
464 4794 503 4870 lo,
525 4814 587 4870 ma,
610 4797 653 4868 ni,
678 4794 758 4872 quod
781 4813 817 4856 ex
839 4795 896 4855 boe
918 4802 1075 4870 augmento
1099 4796 1210 4855 lucrum
1233 4793 1351 4853 babeat.
1396 4794 1471 4854 Nam
1498 4796 1522 4852 si
1546 4809 1619 4852 cen·

262 4883 330 4955 suit,
353 4898 442 4943 voces
464 4882 648 4962 usurpandas
670 4882 787 4960 aequdi
816 4900 939 4948 numero
962 4901 1027 4947 cum
1050 4882 1167 4944 chordis
1196 4884 1283 4942 nnius
1304 4891 1446 4957 octavae,
1476 4899 1536 4943 una
1557 4884 1619 4941 mi·
