<?xml version="1.0" encoding="UTF-8"?>
<!DOCTYPE html PUBLIC "-//W3C//DTD XHTML 1.0 Transitional//EN"
    "http://www.w3.org/TR/xhtml1/DTD/xhtml1-transitional.dtd">
<html xmlns="http://www.w3.org/1999/xhtml" xml:lang="en" lang="en">
 <head>
  <title>
</title>
<meta http-equiv="Content-Type" content="text/html;charset=utf-8" />
  <meta name='ocr-system' content='tesseract 3.04.00' />
  <meta name='ocr-capabilities' content='ocr_page ocr_carea ocr_par ocr_line ocrx_word'/>
</head>
<body>
  <div class='ocr_page' id='page_1' title='image "./joanniskepleria24frisgoog_0271.png"; bbox 0 0 3567 5625; ppageno 0'>
   <div class='ocr_carea' id='block_1_1' title="bbox 662 341 1494 440">
    <p class='ocr_par' dir='ltr' id='par_1_1' title="bbox 662 341 1494 440">
     <span class='ocr_line' id='line_1_1' title="bbox 662 341 1494 440; baseline 0.012 -16"><span class='ocrx_word' id='word_1_1' title='bbox 662 370 745 425; x_wconf 76' lang='lat' dir='ltr'><strong>maa</strong></span> <span class='ocrx_word' id='word_1_2' title='bbox 762 370 809 425; x_wconf 87' lang='lat' dir='ltr'><strong>rv.</strong></span> <span class='ocrx_word' id='word_1_3' title='bbox 828 362 916 440; x_wconf 75' lang='lat' dir='ltr'><strong>caput</strong></span> <span class='ocrx_word' id='word_1_4' title='bbox 931 370 980 427; x_wconf 87' lang='lat' dir='ltr'><strong>vr.</strong></span> <span class='ocrx_word' id='word_1_5' title='bbox 1337 341 1339 343; x_wconf 38' lang='lat'><em>&#39;</em></span> <span class='ocrx_word' id='word_1_6' title='bbox 1431 374 1494 435; x_wconf 80' lang='lat' dir='ltr'><strong>tta</strong></span> 
     </span>
    </p>
   </div>
   <div class='ocr_carea' id='block_1_2' title="bbox 147 546 1497 632">
    <p class='ocr_par' dir='ltr' id='par_1_2' title="bbox 147 546 1497 632">
     <span class='ocr_line' id='line_1_2' title="bbox 147 546 1497 632; baseline -0.001 -21"><span class='ocrx_word' id='word_1_7' title='bbox 147 551 214 611; x_wconf 86' lang='lat' dir='ltr'><strong>beia</strong></span> <span class='ocrx_word' id='word_1_8' title='bbox 235 551 360 627; x_wconf 88' lang='lat' dir='ltr'><strong>lemica,</strong></span> <span class='ocrx_word' id='word_1_9' title='bbox 392 555 439 611; x_wconf 89' lang='lat' dir='ltr'><strong>cui</strong></span> <span class='ocrx_word' id='word_1_10' title='bbox 469 566 575 611; x_wconf 86' lang='lat' dir='ltr'><strong>nomeu</strong></span> <span class='ocrx_word' id='word_1_11' title='bbox 603 557 649 611; x_wconf 84' lang='lat' dir='ltr'><strong>est</strong></span> <span class='ocrx_word' id='word_1_12' title='bbox 675 550 823 610; x_wconf 86' lang='lat' dir='ltr'><strong>residuum</strong></span> <span class='ocrx_word' id='word_1_13' title='bbox 846 546 903 632; x_wconf 85' lang='lat' dir='ltr'><strong>(so.</strong></span> <span class='ocrx_word' id='word_1_14' title='bbox 933 557 992 610; x_wconf 89' lang='lat' dir='ltr'><strong>tres</strong></span> <span class='ocrx_word' id='word_1_15' title='bbox 1025 557 1147 626; x_wconf 76' lang='lat' dir='ltr'><strong>quartae</strong></span> <span class='ocrx_word' id='word_1_16' title='bbox 1170 546 1286 632; x_wconf 86' lang='lat' dir='ltr'><strong>circuli)</strong></span> <span class='ocrx_word' id='word_1_17' title='bbox 1306 550 1411 625; x_wconf 78' lang='lat' dir='ltr'><strong>juncta</strong></span> <span class='ocrx_word' id='word_1_18' title='bbox 1434 556 1497 621; x_wconf 81' lang='lat' dir='ltr'><strong>erat</strong></span> 
     </span>
    </p>
   </div>
   <div class='ocr_carea' id='block_1_3' title="bbox 35 626 1496 720">
    <p class='ocr_par' dir='ltr' id='par_1_3' title="bbox 35 626 1496 720">
     <span class='ocr_line' id='line_1_3' title="bbox 35 626 1496 720; baseline 0 -24"><span class='ocrx_word' id='word_1_19' title='bbox 35 664 36 675; x_wconf 22' lang='grc' dir='ltr'><strong>κ</strong></span> <span class='ocrx_word' id='word_1_20' title='bbox 150 639 272 716; x_wconf 87' lang='lat' dir='ltr'><strong>patricio</strong></span> <span class='ocrx_word' id='word_1_21' title='bbox 296 642 386 715; x_wconf 80' lang='lat' dir='ltr'><strong>(parti</strong></span> <span class='ocrx_word' id='word_1_22' title='bbox 410 658 450 700; x_wconf 84' lang='lat' dir='ltr'><strong>sc.</strong></span> <span class='ocrx_word' id='word_1_23' title='bbox 476 647 598 715; x_wconf 86' lang='lat' dir='ltr'><strong>quartae</strong></span> <span class='ocrx_word' id='word_1_24' title='bbox 621 626 753 720; x_wconf 82' lang='lat' dir='ltr'><strong>circuli),</strong></span> <span class='ocrx_word' id='word_1_25' title='bbox 777 641 862 716; x_wconf 89' lang='lat' dir='ltr'><strong>cujus</strong></span> <span class='ocrx_word' id='word_1_26' title='bbox 884 637 1024 699; x_wconf 78' lang='lat' dir='ltr'><strong>nobilitas</strong></span> <span class='ocrx_word' id='word_1_27' title='bbox 1047 640 1076 696; x_wconf 94' lang='lat' dir='ltr'><strong>in</strong></span> <span class='ocrx_word' id='word_1_28' title='bbox 1098 641 1260 713; x_wconf 73' lang='lat' dir='ltr'>geometria</span> <span class='ocrx_word' id='word_1_29' title='bbox 1281 648 1385 698; x_wconf 85' lang='lat' dir='ltr'><strong>estex</strong></span> <span class='ocrx_word' id='word_1_30' title='bbox 1405 645 1496 697; x_wconf 86' lang='lat' dir='ltr'><strong>tetra·</strong></span> 
     </span>
    </p>
   </div>
   <div class='ocr_carea' id='block_1_4' title="bbox 148 720 1496 808">
    <p class='ocr_par' dir='ltr' id='par_1_4' title="bbox 148 720 1496 808">
     <span class='ocr_line' id='line_1_4' title="bbox 148 720 1496 808; baseline -0.001 -23"><span class='ocrx_word' id='word_1_31' title='bbox 148 738 231 802; x_wconf 86' lang='lat' dir='ltr'><strong>gono.</strong></span> <span class='ocrx_word' id='word_1_32' title='bbox 276 727 354 786; x_wconf 85' lang='lat' dir='ltr'><strong>Nam</strong></span> <span class='ocrx_word' id='word_1_33' title='bbox 386 744 422 785; x_wconf 88' lang='lat' dir='ltr'><strong>ex</strong></span> <span class='ocrx_word' id='word_1_34' title='bbox 445 727 501 786; x_wconf 87' lang='lat' dir='ltr'><strong>bac</strong></span> <span class='ocrx_word' id='word_1_35' title='bbox 529 735 622 786; x_wconf 89' lang='lat' dir='ltr'><strong>matre</strong></span> <span class='ocrx_word' id='word_1_36' title='bbox 653 722 763 808; x_wconf 86' lang='lat' dir='ltr'><strong>(tribus</strong></span> <span class='ocrx_word' id='word_1_37' title='bbox 791 722 920 808; x_wconf 86' lang='lat' dir='ltr'><strong>quartis)</strong></span> <span class='ocrx_word' id='word_1_38' title='bbox 943 726 1002 802; x_wconf 71' lang='lat' dir='ltr'><strong>per‘</strong></span> <span class='ocrx_word' id='word_1_39' title='bbox 1017 729 1234 801; x_wconf 73' lang='lat' dir='ltr'><strong>generationem</strong></span> <span class='ocrx_word' id='word_1_40' title='bbox 1264 728 1406 785; x_wconf 78' lang='lat' dir='ltr'><strong>musicam</strong></span> <span class='ocrx_word' id='word_1_41' title='bbox 1428 720 1496 807; x_wconf 88' lang='lat' dir='ltr'><strong>(par</strong></span> 
     </span>
    </p>
   </div>
   <div class='ocr_carea' id='block_1_5' title="bbox 35 812 1497 892">
    <p class='ocr_par' dir='ltr' id='par_1_5' title="bbox 35 812 1497 892">
     <span class='ocr_line' id='line_1_5' title="bbox 35 812 1497 892; baseline -0.001 -18"><span class='ocrx_word' id='word_1_42' title='bbox 35 848 36 853; x_wconf 20' lang='grc' dir='ltr'><strong>κ</strong></span> <span class='ocrx_word' id='word_1_43' title='bbox 148 814 326 874; x_wconf 78' lang='lat' dir='ltr'><strong>additionem</strong></span> <span class='ocrx_word' id='word_1_44' title='bbox 357 817 444 872; x_wconf 89' lang='lat' dir='ltr'><strong>unius</strong></span> <span class='ocrx_word' id='word_1_45' title='bbox 467 812 622 892; x_wconf 81' lang='lat' dir='ltr'><strong>diapason)</strong></span> <span class='ocrx_word' id='word_1_46' title='bbox 650 822 722 873; x_wconf 85' lang='lat' dir='ltr'><strong>nata</strong></span> <span class='ocrx_word' id='word_1_47' title='bbox 743 822 788 874; x_wconf 90' lang='lat' dir='ltr'><strong>est</strong></span> <span class='ocrx_word' id='word_1_48' title='bbox 816 831 899 891; x_wconf 89' lang='lat' dir='ltr'><strong>pars,</strong></span> <span class='ocrx_word' id='word_1_49' title='bbox 931 823 989 874; x_wconf 89' lang='lat' dir='ltr'><strong>tres</strong></span> <span class='ocrx_word' id='word_1_50' title='bbox 1013 820 1151 886; x_wconf 79' lang='lat' dir='ltr'><strong>octavae,</strong></span> <span class='ocrx_word' id='word_1_51' title='bbox 1181 817 1243 887; x_wconf 90' lang='lat' dir='ltr'><strong>cui,</strong></span> <span class='ocrx_word' id='word_1_52' title='bbox 1278 814 1362 873; x_wconf 88' lang='lat' dir='ltr'><strong>salvo</strong></span> <span class='ocrx_word' id='word_1_53' title='bbox 1384 813 1497 873; x_wconf 90' lang='lat' dir='ltr'><strong>bonore</strong></span> 
     </span>
    </p>
   </div>
   <div class='ocr_carea' id='block_1_6' title="bbox 147 901 1498 1329">
    <p class='ocr_par' dir='ltr' id='par_1_6' title="bbox 147 901 1498 1329">
     <span class='ocr_line' id='line_1_6' title="bbox 147 901 1497 978; baseline -0.001 -17"><span class='ocrx_word' id='word_1_54' title='bbox 147 904 303 974; x_wconf 84' lang='lat' dir='ltr'><strong>senatorio,</strong></span> <span class='ocrx_word' id='word_1_55' title='bbox 327 902 396 961; x_wconf 89' lang='lat' dir='ltr'><strong>licet</strong></span> <span class='ocrx_word' id='word_1_56' title='bbox 415 903 478 978; x_wconf 70' lang='lat' dir='ltr'><strong>lam</strong></span> <span class='ocrx_word' id='word_1_57' title='bbox 502 903 607 961; x_wconf 85' lang='lat' dir='ltr'><strong>ducere</strong></span> <span class='ocrx_word' id='word_1_58' title='bbox 623 901 713 961; x_wconf 88' lang='lat' dir='ltr'><strong>aliam</strong></span> <span class='ocrx_word' id='word_1_59' title='bbox 734 901 890 977; x_wconf 84' lang='lat' dir='ltr'><strong>plebeiam,</strong></span> <span class='ocrx_word' id='word_1_60' title='bbox 914 904 961 960; x_wconf 89' lang='lat' dir='ltr'><strong>cui</strong></span> <span class='ocrx_word' id='word_1_61' title='bbox 982 918 1087 960; x_wconf 89' lang='lat' dir='ltr'><strong>nomen</strong></span> <span class='ocrx_word' id='word_1_62' title='bbox 1103 903 1232 978; x_wconf 86' lang='lat' dir='ltr'><strong>quinque</strong></span> <span class='ocrx_word' id='word_1_63' title='bbox 1256 909 1389 975; x_wconf 84' lang='lat' dir='ltr'><strong>octavae,</strong></span> <span class='ocrx_word' id='word_1_64' title='bbox 1413 902 1497 977; x_wconf 89' lang='lat' dir='ltr'><strong>cnjus</strong></span> 
     </span>
     <span class='ocr_line' id='line_1_7' title="bbox 148 988 1498 1066; baseline -0.001 -17"><span class='ocrx_word' id='word_1_65' title='bbox 148 1001 226 1049; x_wconf 87' lang='lat' dir='ltr'><strong>ortus</strong></span> <span class='ocrx_word' id='word_1_66' title='bbox 250 990 354 1049; x_wconf 88' lang='lat' dir='ltr'><strong>eadem</strong></span> <span class='ocrx_word' id='word_1_67' title='bbox 377 998 425 1048; x_wconf 87' lang='lat' dir='ltr'><strong>est</strong></span> <span class='ocrx_word' id='word_1_68' title='bbox 446 990 590 1064; x_wconf 78' lang='lat' dir='ltr'><strong>conditi03</strong></span> <span class='ocrx_word' id='word_1_69' title='bbox 622 1006 690 1047; x_wconf 89' lang='lat' dir='ltr'><strong>nam</strong></span> <span class='ocrx_word' id='word_1_70' title='bbox 712 997 806 1048; x_wconf 88' lang='lat' dir='ltr'><strong>mater</strong></span> <span class='ocrx_word' id='word_1_71' title='bbox 827 989 871 1047; x_wconf 90' lang='lat' dir='ltr'><strong>illi</strong></span> <span class='ocrx_word' id='word_1_72' title='bbox 894 1006 1027 1066; x_wconf 85' lang='lat' dir='ltr'><strong>quoque·</strong></span> <span class='ocrx_word' id='word_1_73' title='bbox 1042 988 1205 1061; x_wconf 90' lang='lat' dir='ltr'><strong>residuum,</strong></span> <span class='ocrx_word' id='word_1_74' title='bbox 1239 990 1349 1049; x_wconf 89' lang='lat' dir='ltr'><strong>scilicet</strong></span> <span class='ocrx_word' id='word_1_75' title='bbox 1373 997 1498 1064; x_wconf 88' lang='lat' dir='ltr'><strong>quatuor</strong></span> 
     </span>
     <span class='ocr_line' id='line_1_8' title="bbox 148 1076 1497 1154; baseline 0.001 -21"><span class='ocrx_word' id='word_1_76' title='bbox 148 1080 328 1154; x_wconf 88' lang='lat' dir='ltr'><strong>quintarum,</strong></span> <span class='ocrx_word' id='word_1_77' title='bbox 362 1087 447 1154; x_wconf 86' lang='lat' dir='ltr'><strong>pater</strong></span> <span class='ocrx_word' id='word_1_78' title='bbox 471 1080 628 1153; x_wconf 87' lang='lat' dir='ltr'><strong>petricius,</strong></span> <span class='ocrx_word' id='word_1_79' title='bbox 663 1094 722 1135; x_wconf 88' lang='lat' dir='ltr'><strong>nna</strong></span> <span class='ocrx_word' id='word_1_80' title='bbox 750 1080 868 1152; x_wconf 88' lang='lat' dir='ltr'><strong>quinta,</strong></span> <span class='ocrx_word' id='word_1_81' title='bbox 902 1078 986 1151; x_wconf 88' lang='lat' dir='ltr'><strong>cujus</strong></span> <span class='ocrx_word' id='word_1_82' title='bbox 1016 1076 1156 1135; x_wconf 80' lang='lat' dir='ltr'><strong>nobilitas</strong></span> <span class='ocrx_word' id='word_1_83' title='bbox 1188 1080 1365 1151; x_wconf 85' lang='lat' dir='ltr'><strong>geometrica</strong></span> <span class='ocrx_word' id='word_1_84' title='bbox 1394 1084 1439 1136; x_wconf 90' lang='lat' dir='ltr'><strong>est</strong></span> <span class='ocrx_word' id='word_1_85' title='bbox 1461 1094 1497 1135; x_wconf 87' lang='lat' dir='ltr'><strong>ex</strong></span> 
     </span>
     <span class='ocr_line' id='line_1_9' title="bbox 148 1162 1495 1241; baseline -0.001 -18"><span class='ocrx_word' id='word_1_86' title='bbox 148 1166 376 1241; x_wconf 85' lang='lat' dir='ltr'><strong>quinquangnlo.</strong></span> <span class='ocrx_word' id='word_1_87' title='bbox 402 1165 584 1224; x_wconf 89' lang='lat' dir='ltr'><strong>Duodecima</strong></span> <span class='ocrx_word' id='word_1_88' title='bbox 605 1181 675 1224; x_wconf 79' lang='lat' dir='ltr'><strong>vero</strong></span> <span class='ocrx_word' id='word_1_89' title='bbox 687 1165 786 1223; x_wconf 90' lang='lat' dir='ltr'><strong>circuli</strong></span> <span class='ocrx_word' id='word_1_90' title='bbox 809 1182 886 1239; x_wconf 86' lang='lat' dir='ltr'><strong>pars,</strong></span> <span class='ocrx_word' id='word_1_91' title='bbox 911 1166 966 1223; x_wconf 90' lang='lat' dir='ltr'><strong>etsi</strong></span> <span class='ocrx_word' id='word_1_92' title='bbox 986 1165 1036 1240; x_wconf 86' lang='lat' dir='ltr'><strong>jus</strong></span> <span class='ocrx_word' id='word_1_93' title='bbox 1059 1165 1186 1223; x_wconf 90' lang='lat' dir='ltr'><strong>civitatis</strong></span> <span class='ocrx_word' id='word_1_94' title='bbox 1210 1164 1300 1223; x_wconf 89' lang='lat' dir='ltr'><strong>babet</strong></span> <span class='ocrx_word' id='word_1_95' title='bbox 1322 1162 1350 1221; x_wconf 86' lang='lat' dir='ltr'><strong>in</strong></span> <span class='ocrx_word' id='word_1_96' title='bbox 1374 1166 1495 1237; x_wconf 89' lang='lat' dir='ltr'><strong>musica,</strong></span> 
     </span>
     <span class='ocr_line' id='line_1_10' title="bbox 147 1249 1497 1329; baseline -0.001 -18"><span class='ocrx_word' id='word_1_97' title='bbox 147 1270 210 1311; x_wconf 88' lang='lat' dir='ltr'><strong>oum</strong></span> <span class='ocrx_word' id='word_1_98' title='bbox 233 1253 298 1327; x_wconf 86' lang='lat' dir='ltr'><strong>ejus</strong></span> <span class='ocrx_word' id='word_1_99' title='bbox 330 1254 469 1312; x_wconf 91' lang='lat' dir='ltr'><strong>subtensa</strong></span> <span class='ocrx_word' id='word_1_100' title='bbox 498 1256 537 1310; x_wconf 90' lang='lat' dir='ltr'><strong>sit</strong></span> <span class='ocrx_word' id='word_1_101' title='bbox 570 1255 599 1309; x_wconf 90' lang='lat' dir='ltr'><strong>iu</strong></span> <span class='ocrx_word' id='word_1_102' title='bbox 628 1254 788 1328; x_wconf 78' lang='lat' dir='ltr'><strong>geometria</strong></span> <span class='ocrx_word' id='word_1_103' title='bbox 818 1253 994 1328; x_wconf 89' lang='lat' dir='ltr'><strong>praecipuae</strong></span> <span class='ocrx_word' id='word_1_104' title='bbox 1024 1249 1200 1329; x_wconf 82' lang='lat' dir='ltr'><strong>nobilitatis,</strong></span> <span class='ocrx_word' id='word_1_105' title='bbox 1231 1260 1292 1311; x_wconf 87' lang='lat' dir='ltr'><strong>tam</strong></span> <span class='ocrx_word' id='word_1_106' title='bbox 1313 1269 1368 1311; x_wconf 88' lang='lat' dir='ltr'><strong>sua</strong></span> <span class='ocrx_word' id='word_1_107' title='bbox 1390 1252 1497 1310; x_wconf 85' lang='lat' dir='ltr'><strong>virtute</strong></span> 
     </span>
    </p>
   </div>
   <div class='ocr_carea' id='block_1_7' title="bbox 46 1334 1497 1421">
    <p class='ocr_par' dir='ltr' id='par_1_7' title="bbox 46 1334 1497 1421">
     <span class='ocr_line' id='line_1_11' title="bbox 46 1334 1497 1421; baseline 0 -23"><span class='ocrx_word' id='word_1_108' title='bbox 46 1386 48 1389; x_wconf 88' lang='lat'>.</span> <span class='ocrx_word' id='word_1_109' title='bbox 146 1348 246 1416; x_wconf 87' lang='lat' dir='ltr'><strong>partae</strong></span> <span class='ocrx_word' id='word_1_110' title='bbox 278 1335 333 1420; x_wconf 90' lang='lat' dir='ltr'><strong>(ob</strong></span> <span class='ocrx_word' id='word_1_111' title='bbox 362 1336 596 1420; x_wconf 77' lang='lat' dir='ltr'><strong>congruentiam)</strong></span> <span class='ocrx_word' id='word_1_112' title='bbox 627 1357 715 1415; x_wconf 90' lang='lat' dir='ltr'><strong>quam</strong></span> <span class='ocrx_word' id='word_1_113' title='bbox 746 1358 764 1398; x_wconf 86' lang='lat' dir='ltr'><strong>a</strong></span> <span class='ocrx_word' id='word_1_114' title='bbox 794 1340 963 1416; x_wconf 88' lang='lat' dir='ltr'><strong>parentibus</strong></span> <span class='ocrx_word' id='word_1_115' title='bbox 997 1346 1137 1415; x_wconf 83' lang='lat' dir='ltr'><strong>acceptae</strong></span> <span class='ocrx_word' id='word_1_116' title='bbox 1165 1334 1250 1421; x_wconf 88' lang='lat' dir='ltr'><strong>(sunt</strong></span> <span class='ocrx_word' id='word_1_117' title='bbox 1281 1343 1357 1398; x_wconf 84' lang='lat' dir='ltr'><strong>euim</strong></span> <span class='ocrx_word' id='word_1_118' title='bbox 1384 1340 1497 1414; x_wconf 84' lang='lat' dir='ltr'><strong>figurae</strong></span> 
     </span>
    </p>
   </div>
   <div class='ocr_carea' id='block_1_8' title="bbox 147 1426 1498 1593">
    <p class='ocr_par' dir='ltr' id='par_1_8' title="bbox 147 1426 1498 1593">
     <span class='ocr_line' id='line_1_12' title="bbox 147 1426 1498 1503; baseline 0 -18"><span class='ocrx_word' id='word_1_119' title='bbox 147 1426 258 1487; x_wconf 88' lang='lat' dir='ltr'><strong>nobiles</strong></span> <span class='ocrx_word' id='word_1_120' title='bbox 281 1428 472 1503; x_wconf 81' lang='lat' dir='ltr'><strong>sexangulum</strong></span> <span class='ocrx_word' id='word_1_121' title='bbox 496 1435 525 1486; x_wconf 92' lang='lat' dir='ltr'><strong>et</strong></span> <span class='ocrx_word' id='word_1_122' title='bbox 546 1427 737 1502; x_wconf 85' lang='lat' dir='ltr'><strong>triangulum,</strong></span> <span class='ocrx_word' id='word_1_123' title='bbox 766 1444 801 1487; x_wconf 84' lang='lat' dir='ltr'><strong>er</strong></span> <span class='ocrx_word' id='word_1_124' title='bbox 825 1444 948 1501; x_wconf 90' lang='lat' dir='ltr'><strong>quarum</strong></span> <span class='ocrx_word' id='word_1_125' title='bbox 970 1426 1094 1485; x_wconf 91' lang='lat' dir='ltr'><strong>laterum</strong></span> <span class='ocrx_word' id='word_1_126' title='bbox 1117 1426 1315 1503; x_wconf 86' lang='lat' dir='ltr'><strong>duplicatione</strong></span> <span class='ocrx_word' id='word_1_127' title='bbox 1338 1435 1383 1485; x_wconf 89' lang='lat' dir='ltr'><strong>est</strong></span> <span class='ocrx_word' id='word_1_128' title='bbox 1405 1426 1498 1485; x_wconf 87' lang='lat' dir='ltr'><strong>dode·</strong></span> 
     </span>
     <span class='ocr_line' id='line_1_13' title="bbox 147 1510 1498 1593; baseline -0.001 -19"><span class='ocrx_word' id='word_1_129' title='bbox 147 1532 289 1592; x_wconf 84' lang='lat' dir='ltr'><strong>cagonus,</strong></span> <span class='ocrx_word' id='word_1_130' title='bbox 318 1518 513 1592; x_wconf 82' lang='lat' dir='ltr'><strong>praestantior</strong></span> <span class='ocrx_word' id='word_1_131' title='bbox 538 1514 596 1573; x_wconf 90' lang='lat' dir='ltr'><strong>illis</strong></span> <span class='ocrx_word' id='word_1_132' title='bbox 620 1515 658 1573; x_wconf 96' lang='lat' dir='ltr'><strong>ob</strong></span> <span class='ocrx_word' id='word_1_133' title='bbox 680 1532 777 1573; x_wconf 88' lang='lat' dir='ltr'><strong>aream</strong></span> <span class='ocrx_word' id='word_1_134' title='bbox 800 1510 968 1593; x_wconf 79' lang='lat' dir='ltr'><strong>effabileru),</strong></span> <span class='ocrx_word' id='word_1_135' title='bbox 991 1522 1022 1573; x_wconf 88' lang='lat' dir='ltr'><strong>at</strong></span> <span class='ocrx_word' id='word_1_136' title='bbox 1045 1517 1115 1589; x_wconf 86' lang='lat' dir='ltr'><strong>quia</strong></span> <span class='ocrx_word' id='word_1_137' title='bbox 1136 1514 1212 1574; x_wconf 88' lang='lat' dir='ltr'><strong>baec</strong></span> <span class='ocrx_word' id='word_1_138' title='bbox 1233 1528 1301 1590; x_wconf 86' lang='lat' dir='ltr'><strong>pars</strong></span> <span class='ocrx_word' id='word_1_139' title='bbox 1325 1514 1498 1574; x_wconf 85' lang='lat' dir='ltr'><strong>duodecima</strong></span> 
     </span>
    </p>
   </div>
   <div class='ocr_carea' id='block_1_9' title="bbox 35 1601 1499 1679">
    <p class='ocr_par' dir='ltr' id='par_1_9' title="bbox 35 1601 1499 1679">
     <span class='ocr_line' id='line_1_14' title="bbox 35 1601 1499 1679; baseline -0.004 -12"><span class='ocrx_word' id='word_1_140' title='bbox 35 1642 36 1667; x_wconf 48' lang='lat'><em>³</em></span> <span class='ocrx_word' id='word_1_141' title='bbox 148 1618 267 1662; x_wconf 83' lang='lat' dir='ltr'><strong>uxorem</strong></span> <span class='ocrx_word' id='word_1_142' title='bbox 289 1602 393 1677; x_wconf 89' lang='lat' dir='ltr'><strong>babet,</strong></span> <span class='ocrx_word' id='word_1_143' title='bbox 417 1602 552 1661; x_wconf 88' lang='lat' dir='ltr'><strong>undecim</strong></span> <span class='ocrx_word' id='word_1_144' title='bbox 569 1601 811 1663; x_wconf 89' lang='lat' dir='ltr'><strong>duodecimarum</strong></span> <span class='ocrx_word' id='word_1_145' title='bbox 833 1602 999 1674; x_wconf 89' lang='lat' dir='ltr'><strong>residuum,</strong></span> <span class='ocrx_word' id='word_1_146' title='bbox 1023 1618 1100 1677; x_wconf 82' lang='lat' dir='ltr'><strong>quae</strong></span> <span class='ocrx_word' id='word_1_147' title='bbox 1125 1605 1153 1658; x_wconf 92' lang='lat' dir='ltr'><strong>in</strong></span> <span class='ocrx_word' id='word_1_148' title='bbox 1177 1605 1290 1662; x_wconf 86' lang='lat' dir='ltr'><strong>musica</strong></span> <span class='ocrx_word' id='word_1_149' title='bbox 1312 1602 1446 1679; x_wconf 90' lang='lat' dir='ltr'><strong>adeoque</strong></span> <span class='ocrx_word' id='word_1_150' title='bbox 1469 1609 1499 1661; x_wconf 92' lang='lat' dir='ltr'><strong>et</strong></span> 
     </span>
    </p>
   </div>
   <div class='ocr_carea' id='block_1_10' title="bbox 145 1688 1576 1941">
    <p class='ocr_par' dir='ltr' id='par_1_10' title="bbox 145 1688 1576 1941">
     <span class='ocr_line' id='line_1_15' title="bbox 147 1688 1576 1777; baseline 0 -29"><span class='ocrx_word' id='word_1_151' title='bbox 147 1692 173 1748; x_wconf 88' lang='lat' dir='ltr'><strong>ln</strong></span> <span class='ocrx_word' id='word_1_152' title='bbox 197 1693 358 1767; x_wconf 83' lang='lat' dir='ltr'><strong>geometria</strong></span> <span class='ocrx_word' id='word_1_153' title='bbox 379 1692 552 1767; x_wconf 85' lang='lat' dir='ltr'><strong>peregrinae</strong></span> <span class='ocrx_word' id='word_1_154' title='bbox 574 1699 619 1749; x_wconf 87' lang='lat' dir='ltr'><strong>est</strong></span> <span class='ocrx_word' id='word_1_155' title='bbox 635 1691 764 1765; x_wconf 88' lang='lat' dir='ltr'><strong>originis,</strong></span> <span class='ocrx_word' id='word_1_156' title='bbox 788 1706 881 1766; x_wconf 83' lang='lat' dir='ltr'><strong>genus</strong></span> <span class='ocrx_word' id='word_1_157' title='bbox 905 1689 943 1749; x_wconf 90' lang='lat' dir='ltr'><strong>ad</strong></span> <span class='ocrx_word' id='word_1_158' title='bbox 959 1688 1194 1764; x_wconf 88' lang='lat' dir='ltr'><strong>undecangulum</strong></span> <span class='ocrx_word' id='word_1_159' title='bbox 1213 1688 1352 1762; x_wconf 81' lang='lat' dir='ltr'><strong>reterens,</strong></span> <span class='ocrx_word' id='word_1_160' title='bbox 1375 1690 1498 1766; x_wconf 86' lang='lat' dir='ltr'><strong>figuram</strong></span> <span class='ocrx_word' id='word_1_161' title='bbox 1574 1771 1576 1777; x_wconf 13' lang='grc' dir='ltr'><strong><em>γ</em></strong></span> 
     </span>
     <span class='ocr_line' id='line_1_16' title="bbox 146 1776 1499 1854; baseline -0.001 -18"><span class='ocrx_word' id='word_1_162' title='bbox 146 1796 202 1838; x_wconf 92' lang='lat' dir='ltr'><strong>non</strong></span> <span class='ocrx_word' id='word_1_163' title='bbox 233 1778 504 1849; x_wconf 84' lang='lat' dir='ltr'><strong>demonstrabilem,</strong></span> <span class='ocrx_word' id='word_1_164' title='bbox 539 1795 634 1854; x_wconf 89' lang='lat' dir='ltr'><strong>eoque</strong></span> <span class='ocrx_word' id='word_1_165' title='bbox 663 1779 791 1836; x_wconf 89' lang='lat' dir='ltr'><strong>civitatis</strong></span> <span class='ocrx_word' id='word_1_166' title='bbox 821 1776 870 1853; x_wconf 84' lang='lat' dir='ltr'><strong>jus</strong></span> <span class='ocrx_word' id='word_1_167' title='bbox 897 1776 1019 1853; x_wconf 87' lang='lat' dir='ltr'><strong>adipisci</strong></span> <span class='ocrx_word' id='word_1_168' title='bbox 1043 1794 1101 1836; x_wconf 84' lang='lat' dir='ltr'><strong>nou</strong></span> <span class='ocrx_word' id='word_1_169' title='bbox 1129 1785 1244 1854; x_wconf 88' lang='lat' dir='ltr'><strong>potest:</strong></span> <span class='ocrx_word' id='word_1_170' title='bbox 1276 1778 1388 1837; x_wconf 91' lang='lat' dir='ltr'><strong>nullum</strong></span> <span class='ocrx_word' id='word_1_171' title='bbox 1410 1780 1499 1853; x_wconf 88' lang='lat' dir='ltr'><strong>igitur</strong></span> 
     </span>
     <span class='ocr_line' id='line_1_17' title="bbox 145 1864 1499 1941; baseline -0.001 -16"><span class='ocrx_word' id='word_1_172' title='bbox 145 1867 266 1925; x_wconf 88' lang='lat' dir='ltr'><strong>maritus</strong></span> <span class='ocrx_word' id='word_1_173' title='bbox 289 1868 319 1923; x_wconf 91' lang='lat' dir='ltr'><strong>in</strong></span> <span class='ocrx_word' id='word_1_174' title='bbox 339 1867 452 1924; x_wconf 87' lang='lat' dir='ltr'><strong>musica</strong></span> <span class='ocrx_word' id='word_1_175' title='bbox 480 1866 529 1940; x_wconf 89' lang='lat' dir='ltr'><strong>jus</strong></span> <span class='ocrx_word' id='word_1_176' title='bbox 555 1865 645 1924; x_wconf 89' lang='lat' dir='ltr'><strong>babet</strong></span> <span class='ocrx_word' id='word_1_177' title='bbox 667 1867 893 1941; x_wconf 89' lang='lat' dir='ltr'><strong>septemviratus</strong></span> <span class='ocrx_word' id='word_1_178' title='bbox 926 1865 964 1923; x_wconf 90' lang='lat' dir='ltr'><strong>ad</strong></span> <span class='ocrx_word' id='word_1_179' title='bbox 987 1864 1222 1927; x_wconf 81' lang='lat' dir='ltr'><strong>constituendum</strong></span> <span class='ocrx_word' id='word_1_180' title='bbox 1244 1882 1395 1929; x_wconf 85' lang='lat' dir='ltr'><strong>numerum</strong></span> <span class='ocrx_word' id='word_1_181' title='bbox 1420 1866 1499 1924; x_wconf 91' lang='lat' dir='ltr'><strong>divi·</strong></span> 
     </span>
    </p>
   </div>
   <div class='ocr_carea' id='block_1_11' title="bbox 146 1952 1623 2029">
    <p class='ocr_par' dir='ltr' id='par_1_11' title="bbox 146 1952 1623 2029">
     <span class='ocr_line' id='line_1_18' title="bbox 146 1952 1623 2029; baseline 0 -17"><span class='ocrx_word' id='word_1_182' title='bbox 146 1959 259 2013; x_wconf 87' lang='lat' dir='ltr'><strong>sionem</strong></span> <span class='ocrx_word' id='word_1_183' title='bbox 281 1953 481 2012; x_wconf 87' lang='lat' dir='ltr'><strong>monochordi.</strong></span> <span class='ocrx_word' id='word_1_184' title='bbox 528 1952 636 2012; x_wconf 86' lang='lat' dir='ltr'><strong>Contra</strong></span> <span class='ocrx_word' id='word_1_185' title='bbox 658 1954 687 2010; x_wconf 91' lang='lat' dir='ltr'><strong>in</strong></span> <span class='ocrx_word' id='word_1_186' title='bbox 710 1953 999 2028; x_wconf 85' lang='lat' dir='ltr'><strong>meteorologiamos</strong></span> <span class='ocrx_word' id='word_1_187' title='bbox 1022 1958 1067 2011; x_wconf 88' lang='lat' dir='ltr'><strong>est</strong></span> <span class='ocrx_word' id='word_1_188' title='bbox 1089 1953 1177 2011; x_wconf 89' lang='lat' dir='ltr'><strong>alius.</strong></span> <span class='ocrx_word' id='word_1_189' title='bbox 1221 1952 1296 2012; x_wconf 84' lang='lat' dir='ltr'><strong>iiam</strong></span> <span class='ocrx_word' id='word_1_190' title='bbox 1318 1957 1498 2029; x_wconf 88' lang='lat' dir='ltr'><strong>utquisque</strong></span> <span class='ocrx_word' id='word_1_191' title='bbox 1538 2010 1543 2021; x_wconf 86' lang='grc'>,</span> <span class='ocrx_word' id='word_1_192' title='bbox 1610 1981 1623 2003; x_wconf 73' lang='lat' dir='ltr'><strong>e</strong></span> 
     </span>
    </p>
   </div>
   <div class='ocr_carea' id='block_1_12' title="bbox 146 2036 1499 2379">
    <p class='ocr_par' dir='ltr' id='par_1_12' title="bbox 146 2036 1499 2379">
     <span class='ocr_line' id='line_1_19' title="bbox 147 2036 1499 2123; baseline -0.001 -22"><span class='ocrx_word' id='word_1_193' title='bbox 147 2044 207 2118; x_wconf 87' lang='lat' dir='ltr'><strong>ipse</strong></span> <span class='ocrx_word' id='word_1_194' title='bbox 231 2042 339 2100; x_wconf 89' lang='lat' dir='ltr'><strong>nobilis</strong></span> <span class='ocrx_word' id='word_1_195' title='bbox 363 2058 416 2099; x_wconf 85' lang='lat' dir='ltr'><strong>sen</strong></span> <span class='ocrx_word' id='word_1_196' title='bbox 439 2049 503 2099; x_wconf 91' lang='lat' dir='ltr'><strong>ortu</strong></span> <span class='ocrx_word' id='word_1_197' title='bbox 525 2058 577 2099; x_wconf 91' lang='lat' dir='ltr'><strong>seu</strong></span> <span class='ocrx_word' id='word_1_198' title='bbox 593 2041 704 2099; x_wconf 89' lang='lat' dir='ltr'><strong>meritis</strong></span> <span class='ocrx_word' id='word_1_199' title='bbox 727 2036 901 2123; x_wconf 86' lang='lat' dir='ltr'><strong>(scibilitate</strong></span> <span class='ocrx_word' id='word_1_200' title='bbox 915 2042 955 2099; x_wconf 77' lang='lat' dir='ltr'><strong>alc.</strong></span> <span class='ocrx_word' id='word_1_201' title='bbox 972 2045 1024 2099; x_wconf 87' lang='lat' dir='ltr'><strong>aut</strong></span> <span class='ocrx_word' id='word_1_202' title='bbox 1039 2036 1255 2120; x_wconf 80' lang='lat' dir='ltr'><strong>congruentia),</strong></span> <span class='ocrx_word' id='word_1_203' title='bbox 1279 2043 1321 2099; x_wconf 88' lang='lat' dir='ltr'><strong>ita</strong></span> <span class='ocrx_word' id='word_1_204' title='bbox 1342 2041 1499 2117; x_wconf 88' lang='lat' dir='ltr'><strong>plurimum</strong></span> 
     </span>
     <span class='ocr_line' id='line_1_20' title="bbox 148 2126 1496 2204; baseline 0.001 -19"><span class='ocrx_word' id='word_1_205' title='bbox 148 2131 225 2187; x_wconf 88' lang='lat' dir='ltr'><strong>valet</strong></span> <span class='ocrx_word' id='word_1_206' title='bbox 248 2130 431 2199; x_wconf 81' lang='lat' dir='ltr'><strong>auctoritate,</strong></span> <span class='ocrx_word' id='word_1_207' title='bbox 454 2126 558 2204; x_wconf 86' lang='lat' dir='ltr'><strong>reliqui</strong></span> <span class='ocrx_word' id='word_1_208' title='bbox 581 2127 708 2187; x_wconf 89' lang='lat' dir='ltr'><strong>volitant</strong></span> <span class='ocrx_word' id='word_1_209' title='bbox 730 2127 812 2187; x_wconf 89' lang='lat' dir='ltr'><strong>velut</strong></span> <span class='ocrx_word' id='word_1_210' title='bbox 830 2129 967 2202; x_wconf 74' lang='lat' dir='ltr'><strong>umbrae,</strong></span> <span class='ocrx_word' id='word_1_211' title='bbox 990 2128 1162 2187; x_wconf 76' lang='lat' dir='ltr'><strong>resinarum</strong></span> <span class='ocrx_word' id='word_1_212' title='bbox 1176 2129 1252 2186; x_wconf 87' lang='lat' dir='ltr'><strong>ratio</strong></span> <span class='ocrx_word' id='word_1_213' title='bbox 1267 2127 1390 2187; x_wconf 86' lang='lat' dir='ltr'><strong>habetur</strong></span> <span class='ocrx_word' id='word_1_214' title='bbox 1405 2128 1496 2187; x_wconf 88' lang='lat' dir='ltr'><strong>nulla.</strong></span> 
     </span>
     <span class='ocr_line' id='line_1_21' title="bbox 146 2214 1498 2293; baseline -0.001 -19"><span class='ocrx_word' id='word_1_215' title='bbox 146 2216 200 2276; x_wconf 87' lang='lat' dir='ltr'><strong>Hie</strong></span> <span class='ocrx_word' id='word_1_216' title='bbox 221 2220 311 2293; x_wconf 85' lang='lat' dir='ltr'><strong>igitur</strong></span> <span class='ocrx_word' id='word_1_217' title='bbox 333 2215 428 2275; x_wconf 88' lang='lat' dir='ltr'><strong>octilis</strong></span> <span class='ocrx_word' id='word_1_218' title='bbox 442 2215 491 2274; x_wconf 90' lang='lat' dir='ltr'><strong>vel</strong></span> <span class='ocrx_word' id='word_1_219' title='bbox 506 2214 682 2291; x_wconf 87' lang='lat' dir='ltr'><strong>sasquedrus</strong></span> <span class='ocrx_word' id='word_1_220' title='bbox 705 2224 734 2274; x_wconf 88' lang='lat' dir='ltr'><strong>et</strong></span> <span class='ocrx_word' id='word_1_221' title='bbox 756 2214 937 2293; x_wconf 88' lang='lat' dir='ltr'><strong>seqnedrus,</strong></span> <span class='ocrx_word' id='word_1_222' title='bbox 970 2214 1141 2290; x_wconf 83' lang='lat' dir='ltr'><strong>posthabito</strong></span> <span class='ocrx_word' id='word_1_223' title='bbox 1163 2231 1217 2272; x_wconf 89' lang='lat' dir='ltr'><strong>suo</strong></span> <span class='ocrx_word' id='word_1_224' title='bbox 1237 2215 1303 2291; x_wconf 85' lang='lat' dir='ltr'><strong>jure</strong></span> <span class='ocrx_word' id='word_1_225' title='bbox 1325 2218 1353 2272; x_wconf 89' lang='lat' dir='ltr'><strong>in</strong></span> <span class='ocrx_word' id='word_1_226' title='bbox 1377 2219 1498 2288; x_wconf 80' lang='lat' dir='ltr'><strong>musica,</strong></span> 
     </span>
     <span class='ocr_line' id='line_1_22' title="bbox 147 2302 1498 2379; baseline -0.001 -17"><span class='ocrx_word' id='word_1_227' title='bbox 147 2307 214 2379; x_wconf 90' lang='lat' dir='ltr'><strong>qnia</strong></span> <span class='ocrx_word' id='word_1_228' title='bbox 237 2305 393 2363; x_wconf 85' lang='lat' dir='ltr'><strong>subtenaas</strong></span> <span class='ocrx_word' id='word_1_229' title='bbox 416 2303 526 2361; x_wconf 89' lang='lat' dir='ltr'><strong>habent</strong></span> <span class='ocrx_word' id='word_1_230' title='bbox 548 2302 709 2379; x_wconf 87' lang='lat' dir='ltr'><strong>ignobiles,</strong></span> <span class='ocrx_word' id='word_1_231' title='bbox 740 2314 808 2362; x_wconf 89' lang='lat' dir='ltr'><strong>sunt</strong></span> <span class='ocrx_word' id='word_1_232' title='bbox 831 2304 866 2361; x_wconf 91' lang='lat' dir='ltr'><strong>de</strong></span> <span class='ocrx_word' id='word_1_233' title='bbox 888 2302 1015 2379; x_wconf 91' lang='lat' dir='ltr'><strong>populo,</strong></span> <span class='ocrx_word' id='word_1_234' title='bbox 1050 2303 1135 2377; x_wconf 85' lang='lat' dir='ltr'><strong>cujus</strong></span> <span class='ocrx_word' id='word_1_235' title='bbox 1157 2310 1289 2378; x_wconf 88' lang='lat' dir='ltr'><strong>potestas</strong></span> <span class='ocrx_word' id='word_1_236' title='bbox 1312 2303 1410 2375; x_wconf 88' lang='lat' dir='ltr'><strong>nulla,</strong></span> <span class='ocrx_word' id='word_1_237' title='bbox 1440 2305 1498 2361; x_wconf 86' lang='lat' dir='ltr'><strong>uisi</strong></span> 
     </span>
    </p>
   </div>
   <div class='ocr_carea' id='block_1_13' title="bbox 35 2388 1586 2555">
    <p class='ocr_par' dir='ltr' id='par_1_13' title="bbox 35 2388 1586 2555">
     <span class='ocr_line' id='line_1_23' title="bbox 146 2388 1586 2466; baseline -0.001 -16"><span class='ocrx_word' id='word_1_238' title='bbox 146 2410 195 2466; x_wconf 89' lang='lat' dir='ltr'><strong>per</strong></span> <span class='ocrx_word' id='word_1_239' title='bbox 217 2393 383 2450; x_wconf 85' lang='lat' dir='ltr'><strong>absentiam</strong></span> <span class='ocrx_word' id='word_1_240' title='bbox 406 2393 637 2465; x_wconf 82' lang='lat' dir='ltr'><strong>magistratuum,</strong></span> <span class='ocrx_word' id='word_1_241' title='bbox 661 2400 782 2466; x_wconf 87' lang='lat' dir='ltr'><strong>urgente</strong></span> <span class='ocrx_word' id='word_1_242' title='bbox 803 2391 880 2449; x_wconf 92' lang='lat' dir='ltr'><strong>mole</strong></span> <span class='ocrx_word' id='word_1_243' title='bbox 903 2393 1097 2465; x_wconf 80' lang='lat' dir='ltr'><strong>negotiorum</strong></span> <span class='ocrx_word' id='word_1_244' title='bbox 1141 2388 1209 2448; x_wconf 89' lang='lat' dir='ltr'><strong>Hoc</strong></span> <span class='ocrx_word' id='word_1_245' title='bbox 1231 2398 1285 2462; x_wconf 90' lang='lat' dir='ltr'><strong>est,</strong></span> <span class='ocrx_word' id='word_1_246' title='bbox 1309 2393 1334 2449; x_wconf 93' lang='lat' dir='ltr'><strong>si</strong></span> <span class='ocrx_word' id='word_1_247' title='bbox 1357 2390 1406 2449; x_wconf 91' lang='lat' dir='ltr'><strong>din</strong></span> <span class='ocrx_word' id='word_1_248' title='bbox 1425 2389 1499 2449; x_wconf 90' lang='lat' dir='ltr'><strong>nulli</strong></span> <span class='ocrx_word' id='word_1_249' title='bbox 1578 2404 1586 2425; x_wconf 90' lang='lat'><strong>·</strong></span> 
     </span>
     <span class='ocr_line' id='line_1_24' title="bbox 35 2476 1499 2555; baseline -0.003 -16"><span class='ocrx_word' id='word_1_250' title='bbox 35 2482 37 2499; x_wconf 85' lang='lat'><em>&#39;</em></span> <span class='ocrx_word' id='word_1_251' title='bbox 148 2486 243 2539; x_wconf 80' lang='lat' dir='ltr'><strong>essem</strong></span> <span class='ocrx_word' id='word_1_252' title='bbox 266 2486 402 2555; x_wconf 86' lang='lat' dir='ltr'><strong>aspectus</strong></span> <span class='ocrx_word' id='word_1_253' title='bbox 424 2480 561 2555; x_wconf 91' lang='lat' dir='ltr'><strong>primarii,</strong></span> <span class='ocrx_word' id='word_1_254' title='bbox 585 2478 714 2538; x_wconf 87' lang='lat' dir='ltr'><strong>lacerent</strong></span> <span class='ocrx_word' id='word_1_255' title='bbox 735 2480 866 2537; x_wconf 82' lang='lat' dir='ltr'><strong>fortassis</strong></span> <span class='ocrx_word' id='word_1_256' title='bbox 889 2476 1001 2554; x_wconf 87' lang='lat' dir='ltr'><strong>aliquid</strong></span> <span class='ocrx_word' id='word_1_257' title='bbox 1025 2480 1113 2538; x_wconf 86' lang='lat' dir='ltr'><strong>etism</strong></span> <span class='ocrx_word' id='word_1_258' title='bbox 1135 2477 1165 2535; x_wconf 92' lang='lat' dir='ltr'><strong>bi</strong></span> <span class='ocrx_word' id='word_1_259' title='bbox 1188 2486 1341 2554; x_wconf 85' lang='lat' dir='ltr'><strong>aspectus,</strong></span> <span class='ocrx_word' id='word_1_260' title='bbox 1365 2495 1499 2554; x_wconf 89' lang='lat' dir='ltr'><strong>praeser-</strong></span> 
     </span>
    </p>
   </div>
   <div class='ocr_carea' id='block_1_14' title="bbox 149 2564 1500 2729">
    <p class='ocr_par' dir='ltr' id='par_1_14' title="bbox 149 2564 1500 2729">
     <span class='ocr_line' id='line_1_25' title="bbox 149 2564 1498 2642; baseline -0.001 -18"><span class='ocrx_word' id='word_1_261' title='bbox 149 2567 242 2625; x_wconf 85' lang='lat' dir='ltr'><strong>timei</strong></span> <span class='ocrx_word' id='word_1_262' title='bbox 268 2566 358 2625; x_wconf 84' lang='lat' dir='ltr'><strong>Terra</strong></span> <span class='ocrx_word' id='word_1_263' title='bbox 379 2566 501 2625; x_wconf 88' lang='lat' dir='ltr'><strong>humore</strong></span> <span class='ocrx_word' id='word_1_264' title='bbox 522 2565 610 2642; x_wconf 90' lang='lat' dir='ltr'><strong>plena</strong></span> <span class='ocrx_word' id='word_1_265' title='bbox 633 2567 685 2640; x_wconf 88' lang='lat' dir='ltr'><strong>sit,</strong></span> <span class='ocrx_word' id='word_1_266' title='bbox 720 2583 778 2640; x_wconf 92' lang='lat' dir='ltr'><strong>quo</strong></span> <span class='ocrx_word' id='word_1_267' title='bbox 802 2582 871 2625; x_wconf 90' lang='lat' dir='ltr'><strong>casu</strong></span> <span class='ocrx_word' id='word_1_268' title='bbox 895 2582 926 2624; x_wconf 89' lang='lat' dir='ltr'><strong>se</strong></span> <span class='ocrx_word' id='word_1_269' title='bbox 957 2567 1051 2640; x_wconf 87' lang='lat' dir='ltr'><strong>ipsam</strong></span> <span class='ocrx_word' id='word_1_270' title='bbox 1075 2574 1215 2623; x_wconf 80' lang='lat' dir='ltr'><strong>exonerat</strong></span> <span class='ocrx_word' id='word_1_271' title='bbox 1236 2564 1413 2641; x_wconf 87' lang='lat' dir='ltr'><strong>quandoque</strong></span> <span class='ocrx_word' id='word_1_272' title='bbox 1435 2566 1498 2624; x_wconf 88' lang='lat' dir='ltr'><strong>sine</strong></span> 
     </span>
     <span class='ocr_line' id='line_1_26' title="bbox 149 2651 1500 2729; baseline -0.001 -17"><span class='ocrx_word' id='word_1_273' title='bbox 149 2657 222 2712; x_wconf 88' lang='lat' dir='ltr'><strong>omui</strong></span> <span class='ocrx_word' id='word_1_274' title='bbox 246 2653 509 2728; x_wconf 84' lang='lat' dir='ltr'><strong>configurationem</strong></span> <span class='ocrx_word' id='word_1_275' title='bbox 531 2653 659 2712; x_wconf 89' lang='lat' dir='ltr'><strong>stimulo.</strong></span> <span class='ocrx_word' id='word_1_276' title='bbox 707 2654 746 2710; x_wconf 85' lang='lat' dir='ltr'><strong>At</strong></span> <span class='ocrx_word' id='word_1_277' title='bbox 768 2655 839 2728; x_wconf 85' lang='lat' dir='ltr'><strong>quia</strong></span> <span class='ocrx_word' id='word_1_278' title='bbox 859 2651 1031 2729; x_wconf 88' lang='lat' dir='ltr'><strong>plerumque</strong></span> <span class='ocrx_word' id='word_1_279' title='bbox 1052 2660 1171 2729; x_wconf 86' lang='lat' dir='ltr'><strong>praesto</strong></span> <span class='ocrx_word' id='word_1_280' title='bbox 1193 2659 1262 2711; x_wconf 91' lang='lat' dir='ltr'><strong>sunt</strong></span> <span class='ocrx_word' id='word_1_281' title='bbox 1282 2654 1421 2729; x_wconf 87' lang='lat' dir='ltr'><strong>primarii,</strong></span> <span class='ocrx_word' id='word_1_282' title='bbox 1444 2670 1500 2711; x_wconf 91' lang='lat' dir='ltr'><strong>na·</strong></span> 
     </span>
    </p>
   </div>
   <div class='ocr_carea' id='block_1_15' title="bbox 35 2739 1501 2998">
    <p class='ocr_par' dir='ltr' id='par_1_15' title="bbox 35 2739 1501 2998">
     <span class='ocr_line' id='line_1_27' title="bbox 35 2739 1499 2818; baseline -0.001 -19"><span class='ocrx_word' id='word_1_283' title='bbox 35 2774 36 2777; x_wconf 61' lang='lat'><em>=</em></span> <span class='ocrx_word' id='word_1_284' title='bbox 150 2748 209 2799; x_wconf 82' lang='lat' dir='ltr'><strong>tura</strong></span> <span class='ocrx_word' id='word_1_285' title='bbox 239 2740 407 2799; x_wconf 88' lang='lat' dir='ltr'><strong>sublunaris</strong></span> <span class='ocrx_word' id='word_1_286' title='bbox 446 2742 483 2800; x_wconf 90' lang='lat' dir='ltr'><strong>ab</strong></span> <span class='ocrx_word' id='word_1_287' title='bbox 516 2743 552 2800; x_wconf 89' lang='lat' dir='ltr'><strong>iis</strong></span> <span class='ocrx_word' id='word_1_288' title='bbox 588 2741 710 2818; x_wconf 83' lang='lat' dir='ltr'><strong>fatigata</strong></span> <span class='ocrx_word' id='word_1_289' title='bbox 745 2756 804 2798; x_wconf 88' lang='lat' dir='ltr'><strong>non</strong></span> <span class='ocrx_word' id='word_1_290' title='bbox 841 2742 930 2798; x_wconf 88' lang='lat' dir='ltr'><strong>sentit</strong></span> <span class='ocrx_word' id='word_1_291' title='bbox 960 2740 1094 2799; x_wconf 84' lang='lat' dir='ltr'><strong>stimulos</strong></span> <span class='ocrx_word' id='word_1_292' title='bbox 1122 2739 1177 2797; x_wconf 92' lang='lat' dir='ltr'><strong>bos</strong></span> <span class='ocrx_word' id='word_1_293' title='bbox 1207 2742 1342 2801; x_wconf 82' lang='lat' dir='ltr'><strong>minores.</strong></span> <span class='ocrx_word' id='word_1_294' title='bbox 1387 2739 1499 2799; x_wconf 87' lang='lat' dir='ltr'><strong>Decilis</strong></span> 
     </span>
     <span class='ocr_line' id='line_1_28' title="bbox 35 2827 1499 2908; baseline 0.002 -22"><span class='ocrx_word' id='word_1_295' title='bbox 35 2849 37 2886; x_wconf 75' lang='grc' dir='ltr'>ι</span> <span class='ocrx_word' id='word_1_296' title='bbox 149 2846 214 2889; x_wconf 84' lang='lat' dir='ltr'><strong>rero</strong></span> <span class='ocrx_word' id='word_1_297' title='bbox 239 2839 270 2890; x_wconf 87' lang='lat' dir='ltr'><strong>et</strong></span> <span class='ocrx_word' id='word_1_298' title='bbox 292 2827 450 2901; x_wconf 89' lang='lat' dir='ltr'><strong>tridecilis,</strong></span> <span class='ocrx_word' id='word_1_299' title='bbox 479 2847 515 2887; x_wconf 88' lang='lat' dir='ltr'><strong>ex</strong></span> <span class='ocrx_word' id='word_1_300' title='bbox 537 2830 642 2888; x_wconf 87' lang='lat' dir='ltr'><strong>illustri</strong></span> <span class='ocrx_word' id='word_1_301' title='bbox 666 2828 783 2905; x_wconf 88' lang='lat' dir='ltr'><strong>quidem</strong></span> <span class='ocrx_word' id='word_1_302' title='bbox 807 2837 875 2888; x_wconf 87' lang='lat' dir='ltr'><strong>sunt</strong></span> <span class='ocrx_word' id='word_1_303' title='bbox 898 2828 1025 2908; x_wconf 81' lang='lat' dir='ltr'><strong>familia,</strong></span> <span class='ocrx_word' id='word_1_304' title='bbox 1054 2827 1207 2886; x_wconf 85' lang='lat' dir='ltr'><strong>divisionis</strong></span> <span class='ocrx_word' id='word_1_305' title='bbox 1230 2829 1329 2889; x_wconf 74' lang='lat' dir='ltr'><strong>cuculi</strong></span> <span class='ocrx_word' id='word_1_306' title='bbox 1353 2829 1499 2902; x_wconf 87' lang='lat' dir='ltr'><strong>denariae,</strong></span> 
     </span>
     <span class='ocr_line' id='line_1_29' title="bbox 35 2915 1501 2998; baseline 0.001 -24"><span class='ocrx_word' id='word_1_307' title='bbox 35 2939 36 2948; x_wconf 52' lang='lat'>¹</span> <span class='ocrx_word' id='word_1_308' title='bbox 150 2934 221 2992; x_wconf 88' lang='lat' dir='ltr'><strong>quae</strong></span> <span class='ocrx_word' id='word_1_309' title='bbox 243 2920 336 2975; x_wconf 85' lang='lat' dir='ltr'><strong>utitur</strong></span> <span class='ocrx_word' id='word_1_310' title='bbox 359 2918 545 2993; x_wconf 88' lang='lat' dir='ltr'><strong>proportione</strong></span> <span class='ocrx_word' id='word_1_311' title='bbox 561 2916 669 2988; x_wconf 88' lang='lat' dir='ltr'><strong>divina,</strong></span> <span class='ocrx_word' id='word_1_312' title='bbox 692 2934 785 2991; x_wconf 86' lang='lat' dir='ltr'><strong>genus</strong></span> <span class='ocrx_word' id='word_1_313' title='bbox 807 2924 906 2976; x_wconf 90' lang='lat' dir='ltr'><strong>tamen</strong></span> <span class='ocrx_word' id='word_1_314' title='bbox 930 2933 1016 2974; x_wconf 87' lang='lat' dir='ltr'><strong>suum</strong></span> <span class='ocrx_word' id='word_1_315' title='bbox 1039 2916 1124 2975; x_wconf 89' lang='lat' dir='ltr'><strong>lactis</strong></span> <span class='ocrx_word' id='word_1_316' title='bbox 1139 2932 1198 2975; x_wconf 91' lang='lat' dir='ltr'><strong>non</strong></span> <span class='ocrx_word' id='word_1_317' title='bbox 1214 2915 1397 2976; x_wconf 89' lang='lat' dir='ltr'><strong>illustrarunt</strong></span> <span class='ocrx_word' id='word_1_318' title='bbox 1418 2917 1501 2998; x_wconf 89' lang='lat' dir='ltr'><strong>(quia</strong></span> 
     </span>
    </p>
   </div>
   <div class='ocr_carea' id='block_1_16' title="bbox 122 3002 1526 4916">
    <p class='ocr_par' dir='ltr' id='par_1_16' title="bbox 122 3002 1501 4129">
     <span class='ocr_line' id='line_1_30' title="bbox 148 3002 1500 3082; baseline 0.004 -22"><span class='ocrx_word' id='word_1_319' title='bbox 148 3005 177 3062; x_wconf 90' lang='lat' dir='ltr'><strong>in</strong></span> <span class='ocrx_word' id='word_1_320' title='bbox 197 3002 293 3063; x_wconf 91' lang='lat' dir='ltr'><strong>solido</strong></span> <span class='ocrx_word' id='word_1_321' title='bbox 311 3021 373 3062; x_wconf 86' lang='lat' dir='ltr'><strong>non</strong></span> <span class='ocrx_word' id='word_1_322' title='bbox 398 3003 563 3063; x_wconf 90' lang='lat' dir='ltr'><strong>omnimode</strong></span> <span class='ocrx_word' id='word_1_323' title='bbox 579 3002 760 3082; x_wconf 88' lang='lat' dir='ltr'><strong>congruunt),</strong></span> <span class='ocrx_word' id='word_1_324' title='bbox 783 3021 837 3064; x_wconf 92' lang='lat' dir='ltr'><strong>nee</strong></span> <span class='ocrx_word' id='word_1_325' title='bbox 860 3006 960 3080; x_wconf 85' lang='lat' dir='ltr'><strong>eapite</strong></span> <span class='ocrx_word' id='word_1_326' title='bbox 974 3013 1042 3063; x_wconf 88' lang='lat' dir='ltr'><strong>sunt</strong></span> <span class='ocrx_word' id='word_1_327' title='bbox 1055 3003 1194 3077; x_wconf 82' lang='lat' dir='ltr'><strong>familiae,</strong></span> <span class='ocrx_word' id='word_1_328' title='bbox 1218 3012 1248 3063; x_wconf 87' lang='lat' dir='ltr'><strong>et</strong></span> <span class='ocrx_word' id='word_1_329' title='bbox 1269 3006 1294 3063; x_wconf 92' lang='lat' dir='ltr'><strong>si</strong></span> <span class='ocrx_word' id='word_1_330' title='bbox 1319 3005 1389 3081; x_wconf 89' lang='lat' dir='ltr'><strong>quid</strong></span> <span class='ocrx_word' id='word_1_331' title='bbox 1412 3008 1500 3065; x_wconf 87' lang='lat' dir='ltr'><strong>etiarn</strong></span> 
     </span>
     <span class='ocr_line' id='line_1_31' title="bbox 149 3087 1500 3176; baseline 0 -27"><span class='ocrx_word' id='word_1_332' title='bbox 149 3097 271 3166; x_wconf 81' lang='lat' dir='ltr'><strong>possunt</strong></span> <span class='ocrx_word' id='word_1_333' title='bbox 293 3087 504 3172; x_wconf 83' lang='lat' dir='ltr'><strong>(congruentes</strong></span> <span class='ocrx_word' id='word_1_334' title='bbox 526 3091 711 3167; x_wconf 90' lang='lat' dir='ltr'><strong>aliquatenus</strong></span> <span class='ocrx_word' id='word_1_335' title='bbox 733 3094 762 3149; x_wconf 91' lang='lat' dir='ltr'><strong>in</strong></span> <span class='ocrx_word' id='word_1_336' title='bbox 785 3092 875 3168; x_wconf 87' lang='lat' dir='ltr'><strong>plano</strong></span> <span class='ocrx_word' id='word_1_337' title='bbox 900 3095 1047 3168; x_wconf 89' lang='lat' dir='ltr'><strong>etiamque</strong></span> <span class='ocrx_word' id='word_1_338' title='bbox 1079 3108 1146 3150; x_wconf 89' lang='lat' dir='ltr'><strong>cum</strong></span> <span class='ocrx_word' id='word_1_339' title='bbox 1168 3091 1236 3151; x_wconf 88' lang='lat' dir='ltr'><strong>aliis</strong></span> <span class='ocrx_word' id='word_1_340' title='bbox 1257 3095 1288 3150; x_wconf 94' lang='lat' dir='ltr'><strong>iu</strong></span> <span class='ocrx_word' id='word_1_341' title='bbox 1311 3090 1438 3176; x_wconf 86' lang='lat' dir='ltr'><strong>solido),</strong></span> <span class='ocrx_word' id='word_1_342' title='bbox 1471 3093 1500 3150; x_wconf 89' lang='lat' dir='ltr'><strong>id</strong></span> 
     </span>
     <span class='ocr_line' id='line_1_32' title="bbox 150 3178 1499 3256; baseline 0.001 -19"><span class='ocrx_word' id='word_1_343' title='bbox 150 3197 231 3238; x_wconf 71' lang='lat' dir='ltr'><strong>oraine</strong></span> <span class='ocrx_word' id='word_1_344' title='bbox 253 3181 429 3255; x_wconf 85' lang='lat' dir='ltr'><strong>praeripitur</strong></span> <span class='ocrx_word' id='word_1_345' title='bbox 451 3181 522 3253; x_wconf 84' lang='lat' dir='ltr'><strong>ipsis</strong></span> <span class='ocrx_word' id='word_1_346' title='bbox 554 3181 592 3238; x_wconf 90' lang='lat' dir='ltr'><strong>ab</strong></span> <span class='ocrx_word' id='word_1_347' title='bbox 615 3180 805 3256; x_wconf 87' lang='lat' dir='ltr'><strong>optimatibus</strong></span> <span class='ocrx_word' id='word_1_348' title='bbox 835 3198 871 3239; x_wconf 83' lang='lat' dir='ltr'><strong>ex</strong></span> <span class='ocrx_word' id='word_1_349' title='bbox 894 3179 959 3238; x_wconf 88' lang='lat' dir='ltr'><strong>aliis</strong></span> <span class='ocrx_word' id='word_1_350' title='bbox 982 3178 1116 3252; x_wconf 81' lang='lat' dir='ltr'><strong>familiis,</strong></span> <span class='ocrx_word' id='word_1_351' title='bbox 1145 3186 1198 3238; x_wconf 91' lang='lat' dir='ltr'><strong>ant</strong></span> <span class='ocrx_word' id='word_1_352' title='bbox 1219 3180 1378 3239; x_wconf 81' lang='lat' dir='ltr'><strong>offuscatur</strong></span> <span class='ocrx_word' id='word_1_353' title='bbox 1400 3198 1499 3240; x_wconf 90' lang='lat' dir='ltr'><strong>eornm</strong></span> 
     </span>
     <span class='ocr_line' id='line_1_33' title="bbox 150 3263 1499 3342; baseline 0.003 -19"><span class='ocrx_word' id='word_1_354' title='bbox 150 3268 239 3342; x_wconf 81' lang='lat' dir='ltr'><strong>gloria</strong></span> <span class='ocrx_word' id='word_1_355' title='bbox 262 3266 417 3342; x_wconf 87' lang='lat' dir='ltr'><strong>splendore</strong></span> <span class='ocrx_word' id='word_1_356' title='bbox 441 3266 553 3340; x_wconf 88' lang='lat' dir='ltr'><strong>majori.</strong></span> <span class='ocrx_word' id='word_1_357' title='bbox 586 3266 661 3324; x_wconf 89' lang='lat' dir='ltr'><strong>Nam</strong></span> <span class='ocrx_word' id='word_1_358' title='bbox 684 3270 709 3325; x_wconf 86' lang='lat' dir='ltr'><strong>si</strong></span> <span class='ocrx_word' id='word_1_359' title='bbox 731 3275 836 3325; x_wconf 89' lang='lat' dir='ltr'><strong>natura</strong></span> <span class='ocrx_word' id='word_1_360' title='bbox 858 3284 911 3342; x_wconf 85' lang='lat' dir='ltr'><strong>per</strong></span> <span class='ocrx_word' id='word_1_361' title='bbox 934 3274 1084 3342; x_wconf 89' lang='lat' dir='ltr'><strong>aspectum</strong></span> <span class='ocrx_word' id='word_1_362' title='bbox 1109 3263 1176 3324; x_wconf 81' lang='lat'><strong>30⁰</strong></span> <span class='ocrx_word' id='word_1_363' title='bbox 1191 3269 1263 3326; x_wconf 90' lang='lat' dir='ltr'><strong>satis</strong></span> <span class='ocrx_word' id='word_1_364' title='bbox 1286 3269 1341 3326; x_wconf 88' lang='lat' dir='ltr'><strong>luit</strong></span> <span class='ocrx_word' id='word_1_365' title='bbox 1364 3272 1499 3338; x_wconf 83' lang='lat' dir='ltr'><strong>exercita,</strong></span> 
     </span>
     <span class='ocr_line' id='line_1_34' title="bbox 150 3351 1500 3430; baseline 0.004 -21"><span class='ocrx_word' id='word_1_366' title='bbox 150 3354 236 3414; x_wconf 84' lang='lat' dir='ltr'><strong>&#39;Perre</strong></span> <span class='ocrx_word' id='word_1_367' title='bbox 259 3357 332 3413; x_wconf 89' lang='lat' dir='ltr'><strong>satis</strong></span> <span class='ocrx_word' id='word_1_368' title='bbox 353 3371 405 3430; x_wconf 86' lang='lat' dir='ltr'><strong>per</strong></span> <span class='ocrx_word' id='word_1_369' title='bbox 428 3353 510 3410; x_wconf 90' lang='lat' dir='ltr'><strong>illum</strong></span> <span class='ocrx_word' id='word_1_370' title='bbox 533 3353 692 3416; x_wconf 82' lang='lat' dir='ltr'><strong>exhausta.</strong></span> <span class='ocrx_word' id='word_1_371' title='bbox 715 3371 819 3429; x_wconf 88' lang='lat' dir='ltr'><strong>pamm</strong></span> <span class='ocrx_word' id='word_1_372' title='bbox 842 3352 1015 3428; x_wconf 84' lang='lat' dir='ltr'><strong>relinquitur</strong></span> <span class='ocrx_word' id='word_1_373' title='bbox 1037 3356 1170 3429; x_wconf 83' lang='lat' dir='ltr'><strong>aspectui</strong></span> <span class='ocrx_word' id='word_1_374' title='bbox 1192 3357 1290 3413; x_wconf 89' lang='lat' dir='ltr'><strong>vicino</strong></span> <span class='ocrx_word' id='word_1_375' title='bbox 1315 3351 1382 3414; x_wconf 87' lang='lat'><strong>36⁰</strong></span> <span class='ocrx_word' id='word_1_376' title='bbox 1405 3356 1500 3415; x_wconf 91' lang='lat' dir='ltr'><strong>imbe-</strong></span> 
     </span>
     <span class='ocr_line' id='line_1_35' title="bbox 151 3438 1501 3519; baseline 0.001 -20"><span class='ocrx_word' id='word_1_377' title='bbox 151 3442 268 3515; x_wconf 88' lang='lat' dir='ltr'><strong>cilliori,</strong></span> <span class='ocrx_word' id='word_1_378' title='bbox 300 3440 379 3517; x_wconf 87' lang='lat' dir='ltr'><strong>quod</strong></span> <span class='ocrx_word' id='word_1_379' title='bbox 412 3450 556 3516; x_wconf 89' lang='lat' dir='ltr'><strong>operetur.</strong></span> <span class='ocrx_word' id='word_1_380' title='bbox 612 3440 776 3499; x_wconf 79' lang='lat' dir='ltr'><strong>Semiserto</strong></span> <span class='ocrx_word' id='word_1_381' title='bbox 810 3440 937 3516; x_wconf 91' lang='lat' dir='ltr'><strong>denique</strong></span> <span class='ocrx_word' id='word_1_382' title='bbox 968 3438 1043 3499; x_wconf 88' lang='lat'><strong>30⁰</strong></span> <span class='ocrx_word' id='word_1_383' title='bbox 1075 3441 1214 3500; x_wconf 84' lang='lat' dir='ltr'><strong>nobilitas</strong></span> <span class='ocrx_word' id='word_1_384' title='bbox 1246 3451 1291 3501; x_wconf 88' lang='lat' dir='ltr'><strong>est</strong></span> <span class='ocrx_word' id='word_1_385' title='bbox 1323 3443 1501 3519; x_wconf 81' lang='lat' dir='ltr'><strong>praecellens</strong></span> 
     </span>
     <span class='ocr_line' id='line_1_36' title="bbox 153 3527 1501 3605; baseline 0.001 -19"><span class='ocrx_word' id='word_1_386' title='bbox 153 3547 185 3586; x_wconf 82' lang='lat' dir='ltr'><strong>ex</strong></span> <span class='ocrx_word' id='word_1_387' title='bbox 208 3529 407 3605; x_wconf 85' lang='lat' dir='ltr'><strong>dodecagono,</strong></span> <span class='ocrx_word' id='word_1_388' title='bbox 431 3537 459 3586; x_wconf 90' lang='lat' dir='ltr'><strong>et</strong></span> <span class='ocrx_word' id='word_1_389' title='bbox 482 3527 577 3586; x_wconf 82' lang='lat' dir='ltr'><strong>scibili</strong></span> <span class='ocrx_word' id='word_1_390' title='bbox 601 3536 630 3587; x_wconf 90' lang='lat' dir='ltr'><strong>et</strong></span> <span class='ocrx_word' id='word_1_391' title='bbox 644 3545 773 3604; x_wconf 81' lang='lat' dir='ltr'><strong>congruo</strong></span> <span class='ocrx_word' id='word_1_392' title='bbox 796 3530 910 3601; x_wconf 88' lang='lat' dir='ltr'><strong>eximie,</strong></span> <span class='ocrx_word' id='word_1_393' title='bbox 934 3545 988 3588; x_wconf 89' lang='lat' dir='ltr'><strong>nee</strong></span> <span class='ocrx_word' id='word_1_394' title='bbox 1004 3529 1181 3588; x_wconf 88' lang='lat' dir='ltr'><strong>connubium</strong></span> <span class='ocrx_word' id='word_1_395' title='bbox 1203 3532 1396 3604; x_wconf 78' lang='lat' dir='ltr'><strong>peregrinum,</strong></span> <span class='ocrx_word' id='word_1_396' title='bbox 1421 3530 1501 3605; x_wconf 90' lang='lat' dir='ltr'><strong>quod</strong></span> 
     </span>
     <span class='ocr_line' id='line_1_37' title="bbox 153 3615 1501 3692; baseline 0.001 -20"><span class='ocrx_word' id='word_1_397' title='bbox 153 3618 181 3673; x_wconf 90' lang='lat' dir='ltr'><strong>iu</strong></span> <span class='ocrx_word' id='word_1_398' title='bbox 201 3619 313 3676; x_wconf 88' lang='lat' dir='ltr'><strong>musica</strong></span> <span class='ocrx_word' id='word_1_399' title='bbox 334 3624 551 3691; x_wconf 82' lang='lat' dir='ltr'><strong>praestruxerat</strong></span> <span class='ocrx_word' id='word_1_400' title='bbox 575 3615 616 3672; x_wconf 93' lang='lat' dir='ltr'><strong>illi</strong></span> <span class='ocrx_word' id='word_1_401' title='bbox 640 3615 750 3675; x_wconf 86' lang='lat' dir='ltr'><strong>aditum</strong></span> <span class='ocrx_word' id='word_1_402' title='bbox 775 3616 811 3672; x_wconf 86' lang='lat' dir='ltr'><strong>ad</strong></span> <span class='ocrx_word' id='word_1_403' title='bbox 828 3615 965 3687; x_wconf 90' lang='lat' dir='ltr'><strong>honores,</strong></span> <span class='ocrx_word' id='word_1_404' title='bbox 988 3618 1017 3673; x_wconf 92' lang='lat' dir='ltr'><strong>in</strong></span> <span class='ocrx_word' id='word_1_405' title='bbox 1040 3615 1252 3692; x_wconf 86' lang='lat' dir='ltr'><strong>meteorologia</strong></span> <span class='ocrx_word' id='word_1_406' title='bbox 1275 3616 1421 3677; x_wconf 86' lang='lat' dir='ltr'><strong>ullatenus</strong></span> <span class='ocrx_word' id='word_1_407' title='bbox 1445 3618 1501 3675; x_wconf 93' lang='lat' dir='ltr'><strong>ob-</strong></span> 
     </span>
     <span class='ocr_line' id='line_1_38' title="bbox 152 3701 1500 3778; baseline 0.001 -17"><span class='ocrx_word' id='word_1_408' title='bbox 152 3711 216 3764; x_wconf 82' lang='lat' dir='ltr'><strong>stat</strong></span> <span class='ocrx_word' id='word_1_409' title='bbox 261 3703 334 3763; x_wconf 87' lang='lat' dir='ltr'><strong>Post</strong></span> <span class='ocrx_word' id='word_1_410' title='bbox 357 3703 434 3762; x_wconf 89' lang='lat' dir='ltr'><strong>huuc</strong></span> <span class='ocrx_word' id='word_1_411' title='bbox 456 3702 677 3778; x_wconf 85' lang='lat' dir='ltr'><strong>dodecagonum</strong></span> <span class='ocrx_word' id='word_1_412' title='bbox 700 3721 777 3778; x_wconf 89' lang='lat' dir='ltr'><strong>quae</strong></span> <span class='ocrx_word' id='word_1_413' title='bbox 801 3711 963 3778; x_wconf 85' lang='lat' dir='ltr'><strong>sequuntur</strong></span> <span class='ocrx_word' id='word_1_414' title='bbox 985 3701 1107 3778; x_wconf 84' lang='lat' dir='ltr'><strong>figurae,</strong></span> <span class='ocrx_word' id='word_1_415' title='bbox 1130 3712 1189 3761; x_wconf 90' lang='lat' dir='ltr'><strong>tam</strong></span> <span class='ocrx_word' id='word_1_416' title='bbox 1213 3706 1242 3760; x_wconf 89' lang='lat' dir='ltr'><strong>in</strong></span> <span class='ocrx_word' id='word_1_417' title='bbox 1265 3704 1358 3762; x_wconf 78' lang='lat' dir='ltr'><strong>tribus</strong></span> <span class='ocrx_word' id='word_1_418' title='bbox 1381 3707 1500 3763; x_wconf 86' lang='lat' dir='ltr'><strong>secretis</strong></span> 
     </span>
     <span class='ocr_line' id='line_1_39' title="bbox 122 3790 1500 3868; baseline 0.002 -22"><span class='ocrx_word' id='word_1_419' title='bbox 122 3790 282 3862; x_wconf 81' lang='lat' dir='ltr'><strong>‘familiis,</strong></span> <span class='ocrx_word' id='word_1_420' title='bbox 313 3792 508 3866; x_wconf 84' lang='lat' dir='ltr'><strong>tetragonica,</strong></span> <span class='ocrx_word' id='word_1_421' title='bbox 541 3793 700 3865; x_wconf 82' lang='lat' dir='ltr'><strong>trigonica,</strong></span> <span class='ocrx_word' id='word_1_422' title='bbox 734 3793 942 3867; x_wconf 88' lang='lat' dir='ltr'><strong>pentagonica,</strong></span> <span class='ocrx_word' id='word_1_423' title='bbox 979 3809 1067 3868; x_wconf 89' lang='lat' dir='ltr'><strong>quam</strong></span> <span class='ocrx_word' id='word_1_424' title='bbox 1094 3793 1123 3848; x_wconf 90' lang='lat' dir='ltr'><strong>in</strong></span> <span class='ocrx_word' id='word_1_425' title='bbox 1152 3793 1278 3849; x_wconf 81' lang='lat' dir='ltr'><strong>mixtura</strong></span> <span class='ocrx_word' id='word_1_426' title='bbox 1300 3792 1500 3866; x_wconf 82' lang='lat' dir='ltr'><strong>quindenaria,</strong></span> 
     </span>
     <span class='ocr_line' id='line_1_40' title="bbox 154 3877 1501 3956; baseline 0.004 -23"><span class='ocrx_word' id='word_1_427' title='bbox 154 3886 350 3954; x_wconf 83' lang='lat' dir='ltr'><strong>praeterquam</strong></span> <span class='ocrx_word' id='word_1_428' title='bbox 385 3877 462 3954; x_wconf 88' lang='lat' dir='ltr'><strong>quod</strong></span> <span class='ocrx_word' id='word_1_429' title='bbox 491 3895 592 3937; x_wconf 90' lang='lat' dir='ltr'><strong>omnes</strong></span> <span class='ocrx_word' id='word_1_430' title='bbox 618 3878 680 3954; x_wconf 87' lang='lat' dir='ltr'><strong>jam</strong></span> <span class='ocrx_word' id='word_1_431' title='bbox 710 3886 779 3938; x_wconf 90' lang='lat' dir='ltr'><strong>sunt</strong></span> <span class='ocrx_word' id='word_1_432' title='bbox 807 3879 970 3938; x_wconf 87' lang='lat' dir='ltr'><strong>nobilitatis</strong></span> <span class='ocrx_word' id='word_1_433' title='bbox 998 3880 1160 3950; x_wconf 81' lang='lat' dir='ltr'><strong>inferioris,</strong></span> <span class='ocrx_word' id='word_1_434' title='bbox 1194 3878 1276 3937; x_wconf 90' lang='lat' dir='ltr'><strong>nulla</strong></span> <span class='ocrx_word' id='word_1_435' title='bbox 1303 3882 1390 3938; x_wconf 88' lang='lat' dir='ltr'><strong>etiam</strong></span> <span class='ocrx_word' id='word_1_436' title='bbox 1414 3879 1501 3956; x_wconf 89' lang='lat' dir='ltr'><strong>plane</strong></span> 
     </span>
     <span class='ocr_line' id='line_1_41' title="bbox 155 3963 1501 4043; baseline 0.003 -21"><span class='ocrx_word' id='word_1_437' title='bbox 155 3965 259 4025; x_wconf 84' lang='lat' dir='ltr'><strong>babent</strong></span> <span class='ocrx_word' id='word_1_438' title='bbox 280 3968 385 4024; x_wconf 89' lang='lat' dir='ltr'><strong>merita</strong></span> <span class='ocrx_word' id='word_1_439' title='bbox 406 3967 525 4041; x_wconf 86' lang='lat' dir='ltr'><strong>propria</strong></span> <span class='ocrx_word' id='word_1_440' title='bbox 540 3963 788 4043; x_wconf 82' lang='lat' dir='ltr'><strong>(congruentiae);</strong></span> <span class='ocrx_word' id='word_1_441' title='bbox 812 3968 911 4043; x_wconf 89' lang='lat' dir='ltr'><strong>itaque</strong></span> <span class='ocrx_word' id='word_1_442' title='bbox 928 3967 994 4043; x_wconf 88' lang='lat' dir='ltr'><strong>lege</strong></span> <span class='ocrx_word' id='word_1_443' title='bbox 1011 3967 1140 4025; x_wconf 87' lang='lat' dir='ltr'><strong>civitatis</strong></span> <span class='ocrx_word' id='word_1_444' title='bbox 1155 3966 1318 4025; x_wconf 88' lang='lat' dir='ltr'><strong>inviolabili</strong></span> <span class='ocrx_word' id='word_1_445' title='bbox 1342 3968 1501 4027; x_wconf 86' lang='lat' dir='ltr'><strong>honoribus</strong></span> 
     </span>
     <span class='ocr_line' id='line_1_42' title="bbox 157 4052 887 4129; baseline 0 -17"><span class='ocrx_word' id='word_1_446' title='bbox 157 4061 184 4112; x_wconf 89' lang='lat' dir='ltr'><strong>et</strong></span> <span class='ocrx_word' id='word_1_447' title='bbox 204 4061 346 4129; x_wconf 89' lang='lat' dir='ltr'><strong>potestate</strong></span> <span class='ocrx_word' id='word_1_448' title='bbox 370 4052 563 4112; x_wconf 80' lang='lat' dir='ltr'><strong>coristituendi</strong></span> <span class='ocrx_word' id='word_1_449' title='bbox 587 4063 723 4128; x_wconf 83' lang='lat' dir='ltr'><strong>aspectus</strong></span> <span class='ocrx_word' id='word_1_450' title='bbox 745 4061 887 4113; x_wconf 86' lang='lat' dir='ltr'><strong>areentur.</strong></span> 
     </span>
    </p>

    <p class='ocr_par' dir='ltr' id='par_1_17' title="bbox 156 4138 1526 4916">
     <span class='ocr_line' id='line_1_43' title="bbox 235 4138 1526 4217; baseline 0.005 -19"><span class='ocrx_word' id='word_1_451' title='bbox 235 4141 276 4198; x_wconf 84' lang='lat' dir='ltr'><strong>Ex</strong></span> <span class='ocrx_word' id='word_1_452' title='bbox 293 4141 340 4198; x_wconf 88' lang='lat' dir='ltr'><strong>his</strong></span> <span class='ocrx_word' id='word_1_453' title='bbox 355 4147 477 4215; x_wconf 86' lang='lat' dir='ltr'><strong>apparet</strong></span> <span class='ocrx_word' id='word_1_454' title='bbox 499 4140 538 4212; x_wconf 91' lang='lat' dir='ltr'><strong>id,</strong></span> <span class='ocrx_word' id='word_1_455' title='bbox 563 4140 641 4216; x_wconf 89' lang='lat' dir='ltr'><strong>quod</strong></span> <span class='ocrx_word' id='word_1_456' title='bbox 657 4144 685 4197; x_wconf 90' lang='lat' dir='ltr'><strong>in</strong></span> <span class='ocrx_word' id='word_1_457' title='bbox 700 4142 917 4217; x_wconf 86' lang='lat' dir='ltr'><strong>prolegomenis</strong></span> <span class='ocrx_word' id='word_1_458' title='bbox 933 4139 1157 4217; x_wconf 86' lang='lat' dir='ltr'><strong>premeridum</strong></span> <span class='ocrx_word' id='word_1_459' title='bbox 1174 4138 1244 4212; x_wconf 86' lang='lat' dir='ltr'><strong>diri,</strong></span> <span class='ocrx_word' id='word_1_460' title='bbox 1266 4143 1301 4198; x_wconf 79' lang='lat' dir='ltr'><strong>ia</strong></span> <span class='ocrx_word' id='word_1_461' title='bbox 1323 4148 1499 4217; x_wconf 74' lang='lat' dir='ltr'><strong>aspectuum</strong></span> <span class='ocrx_word' id='word_1_462' title='bbox 1522 4199 1526 4204; x_wconf 86' lang='lat'>.</span> 
     </span>
     <span class='ocr_line' id='line_1_44' title="bbox 157 4227 1502 4304; baseline 0 -18"><span class='ocrx_word' id='word_1_463' title='bbox 157 4232 357 4288; x_wconf 76' lang='lat' dir='ltr'><strong>mammaeae</strong></span> <span class='ocrx_word' id='word_1_464' title='bbox 378 4229 479 4286; x_wconf 79' lang='lat' dir='ltr'><strong>calere</strong></span> <span class='ocrx_word' id='word_1_465' title='bbox 502 4245 610 4286; x_wconf 83' lang='lat' dir='ltr'><strong>causus</strong></span> <span class='ocrx_word' id='word_1_466' title='bbox 624 4227 758 4288; x_wconf 81' lang='lat' dir='ltr'><strong>diversos</strong></span> <span class='ocrx_word' id='word_1_467' title='bbox 773 4247 940 4304; x_wconf 82' lang='lat' dir='ltr'><strong>eurumque</strong></span> <span class='ocrx_word' id='word_1_468' title='bbox 954 4245 1150 4300; x_wconf 79' lang='lat' dir='ltr'><strong>concurram,</strong></span> <span class='ocrx_word' id='word_1_469' title='bbox 1174 4235 1201 4285; x_wconf 84' lang='lat' dir='ltr'><strong>et</strong></span> <span class='ocrx_word' id='word_1_470' title='bbox 1222 4235 1372 4286; x_wconf 79' lang='lat' dir='ltr'><strong>naturum</strong></span> <span class='ocrx_word' id='word_1_471' title='bbox 1394 4228 1502 4287; x_wconf 78' lang='lat' dir='ltr'><strong>dobere</strong></span> 
     </span>
     <span class='ocr_line' id='line_1_45' title="bbox 158 4313 1501 4392; baseline 0.002 -21"><span class='ocrx_word' id='word_1_472' title='bbox 158 4313 289 4375; x_wconf 68' lang='lat' dir='ltr'><strong>diruam</strong></span> <span class='ocrx_word' id='word_1_473' title='bbox 311 4331 426 4387; x_wconf 80' lang='lat' dir='ltr'><strong>eorum,</strong></span> <span class='ocrx_word' id='word_1_474' title='bbox 451 4319 505 4389; x_wconf 82' lang='lat' dir='ltr'><strong>qui</strong></span> <span class='ocrx_word' id='word_1_475' title='bbox 526 4315 665 4389; x_wconf 77' lang='lat' dir='ltr'><strong>plur-ibas</strong></span> <span class='ocrx_word' id='word_1_476' title='bbox 679 4323 752 4375; x_wconf 82' lang='lat' dir='ltr'><strong>runt</strong></span> <span class='ocrx_word' id='word_1_477' title='bbox 772 4319 913 4375; x_wconf 71' lang='lat' dir='ltr'><strong>incausati</strong></span> <span class='ocrx_word' id='word_1_478' title='bbox 924 4317 1164 4392; x_wconf 65' lang='lat' dir='ltr'><strong>pretereuntium,</strong></span> <span class='ocrx_word' id='word_1_479' title='bbox 1187 4322 1215 4373; x_wconf 78' lang='lat' dir='ltr'><strong>et</strong></span> <span class='ocrx_word' id='word_1_480' title='bbox 1228 4317 1383 4374; x_wconf 77' lang='lat' dir='ltr'><strong>semaa-to</strong></span> <span class='ocrx_word' id='word_1_481' title='bbox 1405 4332 1501 4390; x_wconf 70' lang='lat' dir='ltr'><strong>queae-</strong></span> 
     </span>
     <span class='ocr_line' id='line_1_46' title="bbox 159 4400 1500 4479; baseline 0 -20"><span class='ocrx_word' id='word_1_482' title='bbox 159 4400 223 4459; x_wconf 86' lang='lat' dir='ltr'><strong>dcrn</strong></span> <span class='ocrx_word' id='word_1_483' title='bbox 247 4405 326 4475; x_wconf 79' lang='lat' dir='ltr'><strong>jura</strong></span> <span class='ocrx_word' id='word_1_484' title='bbox 355 4419 413 4459; x_wconf 84' lang='lat' dir='ltr'><strong>erse</strong></span> <span class='ocrx_word' id='word_1_485' title='bbox 441 4406 617 4462; x_wconf 80' lang='lat' dir='ltr'><strong>communia</strong></span> <span class='ocrx_word' id='word_1_486' title='bbox 646 4421 716 4462; x_wconf 84' lang='lat' dir='ltr'><strong>cum</strong></span> <span class='ocrx_word' id='word_1_487' title='bbox 744 4403 916 4479; x_wconf 80' lang='lat' dir='ltr'><strong>quadrato,</strong></span> <span class='ocrx_word' id='word_1_488' title='bbox 955 4405 1089 4460; x_wconf 87' lang='lat' dir='ltr'><strong>nimirum</strong></span> <span class='ocrx_word' id='word_1_489' title='bbox 1126 4401 1326 4460; x_wconf 83' lang='lat' dir='ltr'><strong>effabilitatem</strong></span> <span class='ocrx_word' id='word_1_490' title='bbox 1355 4418 1456 4460; x_wconf 87' lang='lat' dir='ltr'><strong>areae</strong></span> <span class='ocrx_word' id='word_1_491' title='bbox 1471 4404 1500 4459; x_wconf 95' lang='lat' dir='ltr'><strong>in</strong></span> 
     </span>
     <span class='ocr_line' id='line_1_47' title="bbox 161 4486 1502 4565; baseline 0.002 -21"><span class='ocrx_word' id='word_1_492' title='bbox 161 4486 258 4562; x_wconf 78' lang='lat' dir='ltr'><strong>dgora3</strong></span> <span class='ocrx_word' id='word_1_493' title='bbox 281 4489 434 4565; x_wconf 84' lang='lat' dir='ltr'><strong>quaedum</strong></span> <span class='ocrx_word' id='word_1_494' title='bbox 456 4507 526 4548; x_wconf 81' lang='lat' dir='ltr'><strong>cum</strong></span> <span class='ocrx_word' id='word_1_495' title='bbox 547 4491 658 4565; x_wconf 75' lang='lat' dir='ltr'><strong>sextili,</strong></span> <span class='ocrx_word' id='word_1_496' title='bbox 693 4507 733 4551; x_wconf 89' lang='lat' dir='ltr'><strong>ec</strong></span> <span class='ocrx_word' id='word_1_497' title='bbox 758 4490 945 4550; x_wconf 77' lang='lat' dir='ltr'><strong>multifariam</strong></span> <span class='ocrx_word' id='word_1_498' title='bbox 968 4487 1216 4565; x_wconf 86' lang='lat' dir='ltr'><strong>congruentiam</strong></span> <span class='ocrx_word' id='word_1_499' title='bbox 1209 4507 1238 4546; x_wconf 93' lang='lat' dir='ltr'><strong>m</strong></span> <span class='ocrx_word' id='word_1_500' title='bbox 1260 4488 1367 4565; x_wconf 82' lang='lat' dir='ltr'><strong>plan03</strong></span> <span class='ocrx_word' id='word_1_501' title='bbox 1391 4490 1502 4564; x_wconf 78' lang='lat' dir='ltr'><strong>quibus</strong></span> 
     </span>
     <span class='ocr_line' id='line_1_48' title="bbox 156 4574 1500 4654; baseline 0.001 -21"><span class='ocrx_word' id='word_1_502' title='bbox 156 4577 262 4646; x_wconf 77' lang='lat' dir='ltr'><strong>yaaetia</strong></span> <span class='ocrx_word' id='word_1_503' title='bbox 282 4580 377 4652; x_wconf 83' lang='lat' dir='ltr'><strong>copiis</strong></span> <span class='ocrx_word' id='word_1_504' title='bbox 398 4580 570 4635; x_wconf 71' lang='lat' dir='ltr'><strong>rembertus</strong></span> <span class='ocrx_word' id='word_1_505' title='bbox 593 4576 808 4652; x_wconf 87' lang='lat' dir='ltr'><strong>quodammodo</strong></span> <span class='ocrx_word' id='word_1_506' title='bbox 828 4581 982 4654; x_wconf 78' lang='lat' dir='ltr'><strong>potentior</strong></span> <span class='ocrx_word' id='word_1_507' title='bbox 1001 4574 1136 4635; x_wconf 79' lang='lat' dir='ltr'><strong>coedit</strong></span> <span class='ocrx_word' id='word_1_508' title='bbox 1123 4593 1188 4652; x_wconf 79' lang='lat' dir='ltr'><strong>apso</strong></span> <span class='ocrx_word' id='word_1_509' title='bbox 1209 4577 1324 4652; x_wconf 67' lang='lat' dir='ltr'><strong>rendli,</strong></span> <span class='ocrx_word' id='word_1_510' title='bbox 1355 4585 1500 4649; x_wconf 89' lang='lat' dir='ltr'><strong>quatenns</strong></span> 
     </span>
     <span class='ocr_line' id='line_1_49' title="bbox 161 4662 1500 4740; baseline 0.005 -24"><span class='ocrx_word' id='word_1_511' title='bbox 161 4664 284 4721; x_wconf 89' lang='lat' dir='ltr'><strong>nimirum</strong></span> <span class='ocrx_word' id='word_1_512' title='bbox 307 4666 405 4740; x_wconf 87' lang='lat' dir='ltr'><strong>potior</strong></span> <span class='ocrx_word' id='word_1_513' title='bbox 429 4673 473 4722; x_wconf 90' lang='lat' dir='ltr'><strong>est</strong></span> <span class='ocrx_word' id='word_1_514' title='bbox 496 4663 731 4738; x_wconf 78' lang='lat' dir='ltr'><strong>dodecagonicae</strong></span> <span class='ocrx_word' id='word_1_515' title='bbox 764 4682 849 4724; x_wconf 89' lang='lat' dir='ltr'><strong>areae</strong></span> <span class='ocrx_word' id='word_1_516' title='bbox 873 4666 1030 4726; x_wconf 79' lang='lat' dir='ltr'><strong>effabilitas</strong></span> <span class='ocrx_word' id='word_1_517' title='bbox 1052 4662 1222 4722; x_wconf 83' lang='lat' dir='ltr'><strong>affabilitate</strong></span> <span class='ocrx_word' id='word_1_518' title='bbox 1245 4664 1344 4721; x_wconf 88' lang='lat' dir='ltr'><strong>lateris</strong></span> <span class='ocrx_word' id='word_1_519' title='bbox 1367 4664 1500 4738; x_wconf 84' lang='lat' dir='ltr'><strong>hexago-</strong></span> 
     </span>
     <span class='ocr_line' id='line_1_50' title="bbox 161 4750 1500 4829; baseline 0.001 -21"><span class='ocrx_word' id='word_1_520' title='bbox 161 4751 309 4826; x_wconf 59' lang='lat' dir='ltr'><strong>uicisquia</strong></span> <span class='ocrx_word' id='word_1_521' title='bbox 332 4751 413 4810; x_wconf 87' lang='lat' dir='ltr'><strong>illam</strong></span> <span class='ocrx_word' id='word_1_522' title='bbox 436 4754 567 4827; x_wconf 89' lang='lat' dir='ltr'><strong>sequitur</strong></span> <span class='ocrx_word' id='word_1_523' title='bbox 590 4753 741 4828; x_wconf 82' lang='lat' dir='ltr'><strong>perfectior</strong></span> <span class='ocrx_word' id='word_1_524' title='bbox 774 4756 803 4810; x_wconf 90' lang='lat' dir='ltr'><strong>in</strong></span> <span class='ocrx_word' id='word_1_525' title='bbox 826 4753 917 4829; x_wconf 90' lang='lat' dir='ltr'><strong>plano</strong></span> <span class='ocrx_word' id='word_1_526' title='bbox 940 4751 1138 4828; x_wconf 84' lang='lat' dir='ltr'><strong>congruentia.</strong></span> <span class='ocrx_word' id='word_1_527' title='bbox 1184 4752 1247 4810; x_wconf 86' lang='lat' dir='ltr'><strong>Etsi</strong></span> <span class='ocrx_word' id='word_1_528' title='bbox 1270 4750 1327 4811; x_wconf 87' lang='lat' dir='ltr'><strong>boc</strong></span> <span class='ocrx_word' id='word_1_529' title='bbox 1348 4750 1422 4809; x_wconf 90' lang='lat' dir='ltr'><strong>libro</strong></span> <span class='ocrx_word' id='word_1_530' title='bbox 1447 4750 1500 4810; x_wconf 92' lang='lat' dir='ltr'><strong>IV.</strong></span> 
     </span>
     <span class='ocr_line' id='line_1_51' title="bbox 162 4835 1160 4916; baseline 0.004 -22"><span class='ocrx_word' id='word_1_531' title='bbox 162 4840 337 4900; x_wconf 67' lang='lat' dir='ltr'><strong>emisenum</strong></span> <span class='ocrx_word' id='word_1_532' title='bbox 360 4835 416 4915; x_wconf 79' lang='lat' dir='ltr'><strong>e&#39;go</strong></span> <span class='ocrx_word' id='word_1_533' title='bbox 438 4841 523 4915; x_wconf 91' lang='lat' dir='ltr'><strong>sequi</strong></span> <span class='ocrx_word' id='word_1_534' title='bbox 541 4840 618 4915; x_wconf 89' lang='lat' dir='ltr'><strong>jussi</strong></span> <span class='ocrx_word' id='word_1_535' title='bbox 639 4839 781 4916; x_wconf 82' lang='lat' dir='ltr'><strong>sexdlero,</strong></span> <span class='ocrx_word' id='word_1_536' title='bbox 804 4840 857 4901; x_wconf 89' lang='lat' dir='ltr'><strong>sed</strong></span> <span class='ocrx_word' id='word_1_537' title='bbox 879 4842 982 4902; x_wconf 91' lang='lat' dir='ltr'><strong>eodem</strong></span> <span class='ocrx_word' id='word_1_538' title='bbox 1003 4844 1034 4899; x_wconf 90' lang='lat' dir='ltr'><strong>in</strong></span> <span class='ocrx_word' id='word_1_539' title='bbox 1055 4838 1160 4916; x_wconf 74' lang='lat' dir='ltr'><strong>gradu,</strong></span> 
     </span>
    </p>
   </div>
   <div class='ocr_carea' id='block_1_17' title="bbox 0 0 1800 5625">
    <p class='ocr_par' dir='ltr' id='par_1_18' title="bbox 0 0 1800 5625">
     <span class='ocr_line' id='line_1_52' title="bbox 0 0 1800 5625; baseline 0 0"><span class='ocrx_word' id='word_1_540' title='bbox 0 0 1800 5625; x_wconf 95' lang='lat' dir='ltr'><strong> </strong></span> 
     </span>
    </p>
   </div>
  </div>
 </body>
</html>
