3567 5625
269 454 329 512 176
769 436 773 445 ’
798 446 840 500 De
858 443 1084 515 Propertionihus

264 627 296 684 in
318 626 374 686 hac
395 623 544 685 cantilena
564 622 707 702 ligaturas
736 625 877 702 respicias
900 612 1078 700 syllabarum
1099 618 1188 702 (laad
1209 641 1252 681 aa
1276 631 1352 698 patr
1374 619 1434 704 tor)
1456 640 1564 700 easque
1586 632 1619 683 ut

265 716 385 774 bisonas
408 711 583 788 consideres,
606 719 676 771 tunc
697 714 788 771 inea
809 708 901 789 dpayq
924 727 1003 769 mera
1025 718 1055 770 et
1077 728 1150 788 pura
1172 711 1254 770 nulla
1276 714 1338 770 erit.
1384 712 1425 770 At
1447 715 1472 770 si
1495 729 1619 790 perpen-

267 799 330 877 das,
353 803 500 860 rusticano
524 799 743 872 morcinctum,
766 808 800 858 ut
822 815 858 858 ex
881 813 963 869 sono,
987 801 1038 874 qui
1054 799 1230 875 ‘productius
1254 808 1317 858 erat
1339 798 1496 872 canendus,
1525 800 1619 858 lactus

266 892 303 948 slt
326 890 447 949 hisonus
471 904 626 971 assurgens
648 889 679 944 iu
701 886 768 962 hue,
791 894 821 946 et
843 886 869 944 si
890 885 1012 962 syllabis
1036 886 1115 945 hisce
1137 884 1299 963 simplicem
1314 903 1418 945 sonum
1432 887 1615 962 productmir,

268 979 318 1052 qui
348 983 392 1036 est
420 975 565 1052 ligaturae
593 976 719 1050 primus,
750 975 905 1045 restituas,
938 974 1070 1032 iuvenies
1099 990 1201 1052 puram
1224 970 1335 1053 ἀγωγην
1366 977 1394 1032 iu
1417 974 1463 1034 his
1486 972 1620 1055 (Paeonii

267 1061 397 1143 tanda),
429 1067 498 1122 item
521 1060 715 1143 (immolent),
745 1064 815 1121 item
837 1059 1043 1141 (circadam),
1071 1063 1141 1120 item
1163 1059 1325 1142 (Innocens
1343 1060 1442 1140 patri)
1471 1072 1501 1120 et
1524 1063 1620 1121 brena

268 1153 298 1210 in
322 1147 472 1233 (catera),
496 1154 590 1226 nloaq
613 1167 683 1210 vero
705 1166 801 1221 mera,
825 1148 894 1206 licet
917 1164 973 1205 uon
997 1149 1152 1222 naturalis,
1177 1152 1272 1208 estin
1296 1149 1429 1227 exemplo
1453 1136 1585 1209 ancieo'.

355 1235 607 1313 Quemadmodum
630 1239 718 1314 igitur
740 1255 773 1296 se
795 1234 885 1295 habet
907 1234 1036 1295 sceleton
1061 1236 1099 1295 ad
1123 1253 1227 1312 corpus
1250 1236 1330 1313 apud
1352 1239 1547 1310 anatomicos,
1579 1238 1621 1295 sic

268 1326 431 1385 schabest
454 1328 484 1383 iu
515 1341 573 1384 uuo
597 1330 755 1403 systemate
785 1332 909 1383 octavae
932 1325 998 1382 soni
1019 1326 1140 1384 consoni
1170 1332 1200 1384 et
1228 1325 1303 1383 iuter
1325 1341 1357 1383 se
1385 1333 1501 1383 etcum
1524 1324 1621 1383 radice

184 1436 188 1451 ¹
266 1413 314 1473 vel
336 1414 402 1473 basi
432 1420 557 1473 octavae
588 1411 743 1488 adipeam
772 1409 928 1470 melodiam
959 1429 1011 1469 seu
1043 1418 1169 1471 cantum.
1215 1410 1397 1472 sicutenim
1420 1428 1495 1487 caro,
1518 1410 1620 1490 implet

268 1504 349 1561 siuns
372 1502 482 1567 ossium
505 1517 599 1576 eaque
621 1502 713 1559 vestit
733 1497 771 1559 ad
794 1498 945 1571 decorem,-
961 1498 1083 1574 sichae
1105 1507 1204 1574 partes
1226 1502 1388 1559 recensitae
1414 1500 1535 1575 impleut
1556 1517 1622 1559 sce·

249 1588 347 1649 *leton
378 1595 516 1662 octavae,
548 1590 719 1665 praesertim
741 1583 833 1666 clyqu
862 1593 892 1646 et
923 1608 1054 1661 narsem,
1084 1595 1266 1662 pererrantes
1295 1586 1362 1646 loca
1384 1586 1518 1661 dissona,
1549 1590 1622 1646 inter

170 1696 174 1715 ¹
272 1691 415 1736 consonos
438 1692 527 1735 sonos
550 1675 721 1752 interiecta,
744 1675 926 1733 conformant
948 1681 977 1732 et
1000 1675 1084 1749 qnasi
1108 1682 1262 1752 corporaut
1284 1672 1449 1734 melodiam.

359 1763 398 1823 Π.
422 1762 496 1823 ilum
518 1769 622 1823 cantus
645 1762 781 1822 definitur
803 1764 854 1834 sic,
878 1760 958 1837 quod
981 1761 1149 1821 exordiatur
1170 1779 1189 1821 a
1211 1769 1289 1822 certo
1312 1761 1441 1838 quodam
1463 1778 1545 1835 sono,
1572 1764 1621 1838 qui

1158 1844 1241 1911 basis
1271 1852 1310 1909 sit
1339 1851 1506 1927 systematis
1540 1861 1622 1909 ccta-

325 1897 1122 2021 W
913 1987 941 2052 ἓ
1160 1954 1224 2011 vae,
1247 1936 1276 1994 id
1298 1955 1356 1997 uou
1373 1954 1487 2013 semper
1503 1936 1538 1997 de
1555 1945 1621 1995 actu

273 2042 484 2055 ········-·
1069 2019 1122 2080 5·
1159 2023 1449 2101 estintelligeudum;
1465 2027 1622 2083 cumcuim

272 2112 400 2173 delcetat
422 2114 551 2173 varietas
574 2119 603 2172 et
625 2115 735 2173 seruiat
757 2111 906 2190 emphasi,
930 2112 1102 2190 saepissime
1125 2114 1207 2172 velut
1230 2129 1265 2171 ex
1289 2113 1413 2188 abrupto
1435 2114 1539 2189 incipit
1559 2130 1622 2172 me·
1738 2106 1744 2129 “

271 2200 352 2261 lodis
373 2217 392 2258 a
414 2199 491 2259 clavi
515 2200 562 2260 vel
584 2199 651 2260 loco
673 2201 746 2276 alio,
776 2202 924 2278 potestate
947 2208 1045 2260 tameu
1071 2196 1299 2275 subintelligitur
1325 2201 1498 2278 principium
1527 2199 1622 2272 quod·

272 2291 352 2366 pianr
374 2294 483 2347 certum
504 2290 647 2364 positum,
672 2289 751 2365 quod
779 2306 815 2349 ex
838 2296 901 2347 toto
923 2286 1068 2348 melodiae
1090 2294 1184 2347 tractu
1213 2286 1343 2363 undique
1366 2290 1516 2362 enitescit,
1539 2294 1572 2347 ut
1595 2289 1623 2343 in

271 2376 330 2436 hoc
350 2375 548 2434 vetustissimo
571 2374 747 2437 Germanico
768 2376 855 2436 facile
876 2375 1057 2453 intelligitur,
1084 2377 1140 2436 etsi
1162 2382 1230 2436 actu
1251 2392 1271 2434 a
1293 2375 1314 2433 d
1334 2374 1387 2435 liat
1409 2377 1541 2449 initium,
1573 2393 1623 2435 ra·

276 2464 369 2524 dicem
391 2468 490 2523 munau
512 2479 577 2524 esse
602 2461 637 2522 G.
1094 2456 1099 2465 '
1328 2530 1332 2539 ,

358 2548 414 2608 111.
437 2548 566 2610 Similem
589 2549 680 2611 hahet
702 2545 919 2627 exceptionem,
952 2549 1032 2625 qnod
1057 2557 1160 2611 cautus
1182 2548 1324 2625 regularis
1354 2549 1460 2608 dicitur
1482 2568 1548 2609 cnm
1570 2568 1626 2608 sua

276 2660 345 2717 susq
366 2636 415 2696 vel
437 2660 554 2716 πεττειᾳ
577 2637 726 2698 collimare
756 2638 795 2696 ad
817 2638 883 2697 loca
905 2653 1035 2697 consona
1061 2637 1153 2697 radici
1184 2646 1317 2697 octavae.
1362 2636 1439 2697 Nam
1460 2638 1625 2713 frequenter

273 2724 329 2783 hae
351 2731 448 2801 partes
470 2726 499 2782 in
523 2726 621 2786 medio
643 2723 783 2801 longioris
811 2723 1074 2787 melodiaetractu
1097 2732 1249 2784 versantur
1279 2726 1357 2784 circa
1378 2724 1444 2784 loca
1466 2724 1584 2784 dissona
1606 2743 1626 2784 a

274 2816 367 2889 prima
387 2811 499 2887 radice;
521 2813 574 2873 sed
595 2813 627 2872 id
648 2813 681 2873 lit
702 2815 853 2873 varietatis
875 2830 967 2874 cansa
989 2821 1092 2890 estque
1115 2812 1242 2891 perinde,
1265 2830 1301 2872 ac
1323 2816 1347 2873 si
1370 2814 1458 2889 priori
1481 2812 1625 2873 melodiae

273 2916 352 2959 nova
373 2898 501 2960 melodia
522 2903 700 2974 misceretur,
725 2901 809 2978 cuins
832 2904 861 2958 iu
884 2900 1003 2960 dissono
1027 2901 1078 2960 illo
1101 2917 1211 2960 novum
1233 2900 1382 2977 quoddam
1409 2900 1544 2978 figeretur
1566 2902 1626 2958 ini-

273 2988 355 3058 tlum,
379 2993 431 3046 aut
453 3004 562 3048 novum
583 2990 749 3066 signaretur
771 2996 895 3047 octavae
918 2989 1056 3049 sceleton.
1102 2988 1155 3047 Est
1176 2985 1258 3048 velut
1280 3005 1418 3048 excursus
1441 2992 1469 3046 iu
1493 2990 1626 3050 oratioue

273 3086 327 3134 sen
349 3073 505 3151 digressio,
538 3078 637 3152 itaque
661 3092 719 3136 uon
742 3092 953 3135 commoramur
974 3078 1004 3133 iu
1027 3075 1151 3150 talibus,
1181 3073 1234 3137 'sed
1264 3078 1321 3135 cito
1344 3079 1515 3136 revertimur
1544 3076 1627 3135 velut

275 3162 313 3224 ad
336 3161 497 3238 principale
525 3162 662 3225 sceleton.
709 3162 747 3222 Et
777 3162 917 3240 quamdin
949 3164 1025 3224 circa
1054 3164 1173 3223 dissona
1195 3172 1329 3223 versatur
1351 3185 1419 3242 susq
1448 3171 1477 3222 et
1499 3185 1626 3239 uerrere,

274 3249 475 3325 intelligimus,
498 3257 614 3311 cantum
635 3249 765 3311 noudum
786 3249 875 3327 finiri3
898 3269 966 3309 nam
988 3253 1019 3309 iu
1041 3252 1106 3328 ipso
1128 3269 1199 3312 vero
1220 3250 1277 3310 fine
1299 3251 1479 3312 redeundum
1501 3258 1626 3311 estnon

276 3345 389 3396 mutum
412 3337 451 3396 ad
472 3354 611 3415 consona,
634 3339 805 3416 regulariter
828 3338 961 3416 quidem,
983 3337 1036 3398 sed
1059 3342 1148 3399 etiam
1170 3338 1208 3398 ad
1230 3340 1323 3417 ipsam
1345 3343 1480 3418 propriae
1504 3346 1627 3399 octavae

276 3424 411 3484 radicem.
457 3425 504 3484 Ah
534 3426 590 3487 hae
610 3427 815 3490 articulatioue
839 3432 941 3487 cautus
972 3433 1002 3486 et
1023 3426 1208 3487 affectatione
1230 3429 1485 3486 consonantiarum
1513 3434 1627 3485 veteres

276 3515 364 3572 etiam
386 3512 551 3592 simplicem
575 3522 693 3574 cautum
715 3513 897 3575 harmoniam
919 3514 1027 3573 dixhse
1051 3513 1202 3590 videntur,
1225 3529 1283 3573 uou
1301 3531 1387 3575 secus
1410 3523 1498 3590 atque
1522 3513 1628 3574 decens

276 3608 306 3660 et
327 3607 414 3678 aptus
436 3602 632 3662 membrorum
653 3619 826 3678 responsus,
856 3618 933 3678 quae
955 3602 1071 3661 formae
1087 3604 1185 3661 anima
1206 3607 1270 3676 est,
1300 3601 1453 3662 harmonia
1475 3600 1627 3676 diceretur,

277 3691 362 3764 quasi
382 3687 585 3765 pulchritudo;
607 3689 663 3751 luit
684 3693 762 3751 enim
785 3697 814 3748 et
836 3691 962 3750 feminae
983 3706 1090 3749 nomen
1112 3688 1283 3749 Harmonia

363 3774 416 3834 lv.
440 3773 526 3850 Quod
555 3774 664 3856 ἀγωγην
686 3779 806 3850 attinet,
837 3794 872 3837 ea
901 3794 1015 3837 rursum
1037 3777 1120 3837 varia
1143 3784 1202 3854 est3
1232 3789 1292 3836 nnn
1314 3793 1429 3854 semper
1451 3776 1527 3837 euim
1560 3784 1628 3835 actu
1708 3814 1710 3817 -

278 3864 377 3922 omnia
398 3861 465 3921 loca
495 3865 648 3940 interjecta
669 3867 789 3944 transit,
817 3864 870 3925 sed
898 3882 987 3940 saepe
1017 3863 1158 3924 transsilit
1182 3864 1283 3940 aliqua
1312 3863 1448 3940 saltuque
1470 3864 1560 3923 fertur
1591 3866 1630 3922 ah

277 3966 337 4008 uua
359 3946 397 4008 ad
420 3960 629 4011 consonantem
651 3951 712 4029 illl;
736 3959 839 4027 estque
861 3959 931 4011 tuuc
952 3951 1018 4010 sola
1040 3958 1186 4028 potestate
1202 3950 1310 4033 dynyn,
1334 3959 1364 4011 et
1385 3953 1445 4013 iere
1467 3961 1548 4012 mera
1564 3972 1629 4011 uss·

279 4057 342 4096 rem
363 4033 413 4095 vel
434 4056 515 4114 sosq3
547 4038 598 4114 qui
620 4056 684 4098 mos
707 4045 752 4099 est
773 4039 1023 4115 frequentissimus
1045 4047 1211 4100 nostrorum
1233 4040 1393 4099 tubicinum
1399 4031 1417 4118 ,¹
1437 4053 1502 4099 cum
1524 4038 1631 4097 classi·

280 4139 347 4183 cnm
370 4129 422 4182 aut
443 4125 621 4185 incentivum
652 4135 786 4202 equestre
807 4127 1011 4201 modulantur,
1042 4134 1112 4186 tuuc
1134 4130 1209 4187 enim
1239 4127 1298 4188 iere
1321 4126 1392 4186 nihil
1422 4129 1478 4186 uisi
1501 4126 1629 4187 sceleton

281 4217 405 4274 octavae
427 4209 559 4289 auditum
582 4214 680 4290 cogita
702 4230 741 4274 an
760 4213 848 4289 hujus
869 4216 985 4291 generis
1006 4214 1094 4275 luerit
1114 4214 1166 4275 ille
1188 4222 1321 4275 veterum
1342 4236 1428 4289 cepoe
1448 4212 1560 4294 ὄρθιος.

366 4298 404 4359 V.
429 4296 503 4358 Cum
534 4303 693 4362 concinnus
722 4308 825 4366 cautos
855 4308 969 4363 constet
997 4303 1060 4362 suis
1082 4302 1251 4377 elementis,
1281 4319 1357 4380 quae
1380 4311 1447 4362 sunt
1475 4301 1630 4363 intervalla

282 4387 441 4462 concinna,
463 4389 588 4467 primum
610 4389 664 4450 illa
684 4397 753 4450 suut
774 4388 939 4450 definienda
961 4391 1135 4472 accuratiqs.

365 4474 486 4551 Duplici
508 4493 634 4553 namque
657 4494 745 4538 seusu
767 4476 902 4542 dicuntur
923 4477 1079 4537 intervalla
1103 4480 1247 4538 concinna
1267 4476 1316 4539 vel
1333 4478 1516 4538 inconcinna.
1563 4475 1630 4535 Pri·
1663 4485 1666 4492 '

280 4578 361 4621 mum
381 4564 461 4623 enlm
482 4564 639 4625 intervalla
660 4566 782 4625 seorsim
804 4564 922 4643 singula
955 4573 1088 4641 respectu
1111 4574 1190 4625 ortus
1212 4567 1259 4625 sui
1292 4567 1433 4626 concinna
1454 4564 1503 4623 vel
1526 4563 1631 4624 incon·

281 4652 367 4709 ciuna
389 4648 530 4726 dicuutur,
554 4651 605 4712 illa
628 4652 754 4729 quidem,
776 4670 855 4730 quae
875 4660 982 4713 natura
1004 4652 1132 4713 admittit
1155 4657 1185 4712 iu
1202 4653 1396 4712 divisionibus
1411 4645 1630 4711 intervallorum

282 4753 492 4814 cousouomm,
514 4739 589 4800 haec
610 4757 699 4820 vero,
727 4758 803 4820 quas
826 4757 862 4820 en
884 4743 1152 4822 comparationibus
1176 4743 1431 4801 consonantiarum
1453 4757 1512 4799 uon
1534 4738 1631 4798 resul-

282 4830 360 4899 tant,
391 4825 486 4886 aliena
509 4844 625 4905 prorsus
655 4829 693 4886 ab
716 4827 898 4903 harmonice,
925 4835 959 4888 ut
990 4829 1165 4905 explicatum
1196 4846 1258 4906 cap.
1283 4831 1312 4887 4.
1357 4827 1472 4890 Deinde
1495 4833 1630 4905 respectu

283 4912 374 4994 ipsius
403 4920 506 4973 cantus
535 4932 589 4975 seu
619 4913 765 4977 melodiae
794 4916 947 4977 discrimen
968 4917 1025 4978 hoc
1048 4925 1093 4979 est
1123 4919 1198 4977 inter
1220 4920 1285 4995 ipsa
1308 4918 1395 4977 etiam
1418 4917 1549 4994 musica,
1578 4929 1632 4975 seu
