<?xml version="1.0" encoding="UTF-8"?>
<!DOCTYPE html PUBLIC "-//W3C//DTD XHTML 1.0 Transitional//EN"
    "http://www.w3.org/TR/xhtml1/DTD/xhtml1-transitional.dtd">
<html xmlns="http://www.w3.org/1999/xhtml" xml:lang="en" lang="en">
 <head>
  <title>
</title>
<meta http-equiv="Content-Type" content="text/html;charset=utf-8" />
  <meta name='ocr-system' content='tesseract 3.04.00' />
  <meta name='ocr-capabilities' content='ocr_page ocr_carea ocr_par ocr_line ocrx_word'/>
</head>
<body>
  <div class='ocr_page' id='page_1' title='image "./joanniskepleria24frisgoog/joanniskepleria24frisgoog_0381.png"; bbox 0 0 3567 5625; ppageno 0'>
   <div class='ocr_carea' id='block_1_1' title="bbox 668 357 1515 479">
    <p class='ocr_par' dir='ltr' id='par_1_1' title="bbox 668 357 1515 479">
     <span class='ocr_line' id='line_1_1' title="bbox 668 357 1515 479; baseline -0.004 -15"><span class='ocrx_word' id='word_1_1' title='bbox 668 406 751 464; x_wconf 79' lang='lat' dir='ltr'>niter</span> <span class='ocrx_word' id='word_1_2' title='bbox 767 406 815 464; x_wconf 90' lang='lat'>111.</span> <span class='ocrx_word' id='word_1_3' title='bbox 834 408 924 479; x_wconf 79' lang='lat' dir='ltr'>Caput</span> <span class='ocrx_word' id='word_1_4' title='bbox 940 397 1000 466; x_wconf 82' lang='lat' dir='ltr'>vil.</span> <span class='ocrx_word' id='word_1_5' title='bbox 1164 430 1170 456; x_wconf 67' lang='grc' dir='ltr'>ι</span> <span class='ocrx_word' id='word_1_6' title='bbox 1416 357 1418 370; x_wconf 23' lang='lat' dir='ltr'>v</span> <span class='ocrx_word' id='word_1_7' title='bbox 1450 416 1515 478; x_wconf 68' lang='lat' dir='ltr'>m</span> 
     </span>
    </p>
   </div>
   <div class='ocr_carea' id='block_1_2' title="bbox 157 577 1540 1764">
    <p class='ocr_par' dir='ltr' id='par_1_2' title="bbox 159 577 1514 892">
     <span class='ocr_line' id='line_1_2' title="bbox 159 577 1514 655; baseline 0.007 -20"><span class='ocrx_word' id='word_1_8' title='bbox 159 577 348 643; x_wconf 69' lang='lat' dir='ltr'>harmoniam,</span> <span class='ocrx_word' id='word_1_9' title='bbox 376 587 407 636; x_wconf 89' lang='lat' dir='ltr'>ut</span> <span class='ocrx_word' id='word_1_10' title='bbox 424 595 457 636; x_wconf 90' lang='lat' dir='ltr'>ea</span> <span class='ocrx_word' id='word_1_11' title='bbox 473 580 531 636; x_wconf 88' lang='lat' dir='ltr'>sine</span> <span class='ocrx_word' id='word_1_12' title='bbox 549 580 602 637; x_wconf 91' lang='lat' dir='ltr'>hoc</span> <span class='ocrx_word' id='word_1_13' title='bbox 615 582 709 652; x_wconf 82' lang='lat' dir='ltr'>capite</span> <span class='ocrx_word' id='word_1_14' title='bbox 725 598 822 639; x_wconf 86' lang='lat' dir='ltr'>manca</span> <span class='ocrx_word' id='word_1_15' title='bbox 838 581 925 638; x_wconf 81' lang='lat' dir='ltr'>rideri</span> <span class='ocrx_word' id='word_1_16' title='bbox 941 585 1042 654; x_wconf 83' lang='lat' dir='ltr'>possit,</span> <span class='ocrx_word' id='word_1_17' title='bbox 1065 583 1168 655; x_wconf 87' lang='lat' dir='ltr'>quippe</span> <span class='ocrx_word' id='word_1_18' title='bbox 1186 600 1247 642; x_wconf 83' lang='lat' dir='ltr'>esar</span> <span class='ocrx_word' id='word_1_19' title='bbox 1264 587 1400 654; x_wconf 66' lang='lat' dir='ltr'>muninus</span> <span class='ocrx_word' id='word_1_20' title='bbox 1416 589 1514 645; x_wconf 75' lang='lat' dir='ltr'>mutui</span> 
     </span>
     <span class='ocr_line' id='line_1_3' title="bbox 160 641 1514 735; baseline 0.007 -22"><span class='ocrx_word' id='word_1_21' title='bbox 160 657 275 715; x_wconf 80' lang='lat' dir='ltr'>effectus</span> <span class='ocrx_word' id='word_1_22' title='bbox 294 660 331 715; x_wconf 92' lang='lat' dir='ltr'>sit</span> <span class='ocrx_word' id='word_1_23' title='bbox 348 660 499 715; x_wconf 87' lang='lat' dir='ltr'>animorum</span> <span class='ocrx_word' id='word_1_24' title='bbox 516 668 614 716; x_wconf 90' lang='lat' dir='ltr'>motus</span> <span class='ocrx_word' id='word_1_25' title='bbox 649 661 712 716; x_wconf 83' lang='lat' dir='ltr'>Nou</span> <span class='ocrx_word' id='word_1_26' title='bbox 725 661 808 731; x_wconf 72' lang='lat' dir='ltr'>igitur</span> <span class='ocrx_word' id='word_1_27' title='bbox 818 641 895 716; x_wconf 80' lang='lat' dir='ltr'>inter</span> <span class='ocrx_word' id='word_1_28' title='bbox 906 662 1026 719; x_wconf 75' lang='lat' dir='ltr'><strong>elumbes</strong></span> <span class='ocrx_word' id='word_1_29' title='bbox 1038 664 1105 720; x_wconf 86' lang='lat' dir='ltr'>alias</span> <span class='ocrx_word' id='word_1_30' title='bbox 1123 666 1339 735; x_wconf 85' lang='lat' dir='ltr'>comparationes</span> <span class='ocrx_word' id='word_1_31' title='bbox 1354 663 1514 735; x_wconf 83' lang='lat' dir='ltr'>abjicienda,</span> 
     </span>
     <span class='ocr_line' id='line_1_4' title="bbox 160 738 1513 815; baseline 0.004 -20"><span class='ocrx_word' id='word_1_32' title='bbox 160 738 209 795; x_wconf 89' lang='lat' dir='ltr'>sed</span> <span class='ocrx_word' id='word_1_33' title='bbox 226 739 343 795; x_wconf 75' lang='lat' dir='ltr'>seorsim</span> <span class='ocrx_word' id='word_1_34' title='bbox 364 740 393 793; x_wconf 89' lang='lat' dir='ltr'>iu</span> <span class='ocrx_word' id='word_1_35' title='bbox 409 738 540 795; x_wconf 84' lang='lat' dir='ltr'>illustri</span> <span class='ocrx_word' id='word_1_36' title='bbox 533 740 618 810; x_wconf 75' lang='lat' dir='ltr'>ipsius</span> <span class='ocrx_word' id='word_1_37' title='bbox 638 742 728 810; x_wconf 85' lang='lat' dir='ltr'>operis</span> <span class='ocrx_word' id='word_1_38' title='bbox 750 740 812 796; x_wconf 92' lang='lat' dir='ltr'>loco</span> <span class='ocrx_word' id='word_1_39' title='bbox 830 739 990 796; x_wconf 87' lang='lat' dir='ltr'>collocanda</span> <span class='ocrx_word' id='word_1_40' title='bbox 1013 749 1041 797; x_wconf 91' lang='lat' dir='ltr'>et</span> <span class='ocrx_word' id='word_1_41' title='bbox 1065 752 1189 798; x_wconf 87' lang='lat' dir='ltr'>tonorum</span> <span class='ocrx_word' id='word_1_42' title='bbox 1208 743 1376 800; x_wconf 77' lang='lat' dir='ltr'>differentiae</span> <span class='ocrx_word' id='word_1_43' title='bbox 1399 743 1513 815; x_wconf 85' lang='lat' dir='ltr'>abipso</span> 
     </span>
     <span class='ocr_line' id='line_1_5' title="bbox 159 817 1142 892; baseline 0.006 -20"><span class='ocrx_word' id='word_1_44' title='bbox 159 818 211 874; x_wconf 88' lang='lat' dir='ltr'>boc</span> <span class='ocrx_word' id='word_1_45' title='bbox 229 817 331 873; x_wconf 81' lang='lat' dir='ltr'>ellectu</span> <span class='ocrx_word' id='word_1_46' title='bbox 351 818 544 875; x_wconf 76' lang='lat' dir='ltr'>describendae</span> <span class='ocrx_word' id='word_1_47' title='bbox 561 820 627 876; x_wconf 84' lang='lat' dir='ltr'>mihi</span> <span class='ocrx_word' id='word_1_48' title='bbox 645 819 756 876; x_wconf 83' lang='lat' dir='ltr'>luerunt</span> <span class='ocrx_word' id='word_1_49' title='bbox 772 819 835 875; x_wconf 86' lang='lat' dir='ltr'>libri</span> <span class='ocrx_word' id='word_1_50' title='bbox 852 821 906 876; x_wconf 91' lang='lat' dir='ltr'>mei</span> <span class='ocrx_word' id='word_1_51' title='bbox 922 820 972 876; x_wconf 86' lang='lat'>111.</span> <span class='ocrx_word' id='word_1_52' title='bbox 992 824 1081 892; x_wconf 88' lang='lat' dir='ltr'>capite</span> <span class='ocrx_word' id='word_1_53' title='bbox 1100 825 1142 878; x_wconf 84' lang='lat'>11.</span> 
     </span>
    </p>

    <p class='ocr_par' dir='ltr' id='par_1_3' title="bbox 157 897 1540 1764">
     <span class='ocr_line' id='line_1_6' title="bbox 244 897 1540 973; baseline 0.01 -21"><span class='ocrx_word' id='word_1_54' title='bbox 244 898 320 952; x_wconf 85' lang='lat' dir='ltr'>Nota</span> <span class='ocrx_word' id='word_1_55' title='bbox 337 897 373 951; x_wconf 88' lang='grc' dir='ltr'>ΙΙ.</span> <span class='ocrx_word' id='word_1_56' title='bbox 408 897 522 953; x_wconf 88' lang='lat' dir='ltr'>Duabus</span> <span class='ocrx_word' id='word_1_57' title='bbox 546 900 692 955; x_wconf 82' lang='lat' dir='ltr'>decausis</span> <span class='ocrx_word' id='word_1_58' title='bbox 716 901 770 955; x_wconf 89' lang='lat' dir='ltr'>hoc</span> <span class='ocrx_word' id='word_1_59' title='bbox 792 899 854 956; x_wconf 91' lang='lat' dir='ltr'>loco</span> <span class='ocrx_word' id='word_1_60' title='bbox 875 907 997 958; x_wconf 86' lang='lat' dir='ltr'>mutatur</span> <span class='ocrx_word' id='word_1_61' title='bbox 1018 902 1168 958; x_wconf 86' lang='lat' dir='ltr'>animorum</span> <span class='ocrx_word' id='word_1_62' title='bbox 1193 902 1349 973; x_wconf 76' lang='lat' dir='ltr'>dispositio,</span> <span class='ocrx_word' id='word_1_63' title='bbox 1374 904 1418 961; x_wconf 85' lang='lat' dir='ltr'>vel</span> <span class='ocrx_word' id='word_1_64' title='bbox 1441 907 1514 964; x_wconf 88' lang='lat' dir='ltr'>enim</span> <span class='ocrx_word' id='word_1_65' title='bbox 1538 957 1540 968; x_wconf 89' lang='lat'><em>.</em></span> 
     </span>
     <span class='ocr_line' id='line_1_7' title="bbox 159 977 1514 1053; baseline 0.007 -19"><span class='ocrx_word' id='word_1_66' title='bbox 159 977 317 1034; x_wconf 74' lang='lat' dir='ltr'>mnditione</span> <span class='ocrx_word' id='word_1_67' title='bbox 340 984 493 1047; x_wconf 85' lang='lat' dir='ltr'>temporum</span> <span class='ocrx_word' id='word_1_68' title='bbox 518 984 546 1032; x_wconf 89' lang='lat' dir='ltr'>et</span> <span class='ocrx_word' id='word_1_69' title='bbox 568 977 757 1036; x_wconf 84' lang='lat' dir='ltr'>allectionibus</span> <span class='ocrx_word' id='word_1_70' title='bbox 782 980 934 1051; x_wconf 84' lang='lat' dir='ltr'>formisque</span> <span class='ocrx_word' id='word_1_71' title='bbox 957 979 1134 1052; x_wconf 78' lang='lat' dir='ltr'>reipublicae,</span> <span class='ocrx_word' id='word_1_72' title='bbox 1164 982 1206 1037; x_wconf 83' lang='lat' dir='ltr'>rel</span> <span class='ocrx_word' id='word_1_73' title='bbox 1234 989 1315 1038; x_wconf 88' lang='lat' dir='ltr'>cautu</span> <span class='ocrx_word' id='word_1_74' title='bbox 1340 984 1410 1053; x_wconf 90' lang='lat' dir='ltr'>ipso.</span> <span class='ocrx_word' id='word_1_75' title='bbox 1446 987 1514 1044; x_wconf 87' lang='lat' dir='ltr'>illae</span> 
     </span>
     <span class='ocr_line' id='line_1_8' title="bbox 159 1057 1514 1131; baseline 0.007 -18"><span class='ocrx_word' id='word_1_76' title='bbox 159 1057 326 1113; x_wconf 89' lang='lat' dir='ltr'>mutationes</span> <span class='ocrx_word' id='word_1_77' title='bbox 344 1057 530 1127; x_wconf 72' lang='lat' dir='ltr'>santientes,</span> <span class='ocrx_word' id='word_1_78' title='bbox 556 1058 627 1114; x_wconf 87' lang='lat' dir='ltr'>istac</span> <span class='ocrx_word' id='word_1_79' title='bbox 644 1058 818 1129; x_wconf 84' lang='lat' dir='ltr'>subitancae,</span> <span class='ocrx_word' id='word_1_80' title='bbox 844 1066 876 1113; x_wconf 92' lang='lat' dir='ltr'>ut</span> <span class='ocrx_word' id='word_1_81' title='bbox 894 1067 990 1115; x_wconf 87' lang='lat' dir='ltr'>cantus</span> <span class='ocrx_word' id='word_1_82' title='bbox 1008 1060 1082 1131; x_wconf 82' lang='lat' dir='ltr'>ipse3</span> <span class='ocrx_word' id='word_1_83' title='bbox 1107 1060 1171 1118; x_wconf 87' lang='lat' dir='ltr'>illae</span> <span class='ocrx_word' id='word_1_84' title='bbox 1187 1062 1391 1119; x_wconf 84' lang='lat' dir='ltr'>universitatem</span> <span class='ocrx_word' id='word_1_85' title='bbox 1414 1066 1514 1122; x_wconf 79' lang='lat' dir='ltr'>civium</span> 
     </span>
     <span class='ocr_line' id='line_1_9' title="bbox 158 1137 1513 1213; baseline 0.006 -20"><span class='ocrx_word' id='word_1_86' title='bbox 158 1138 292 1205; x_wconf 74' lang='lat' dir='ltr'>attinent,</span> <span class='ocrx_word' id='word_1_87' title='bbox 315 1138 385 1193; x_wconf 86' lang='lat' dir='ltr'>istae</span> <span class='ocrx_word' id='word_1_88' title='bbox 409 1137 532 1207; x_wconf 88' lang='lat' dir='ltr'>singulos</span> <span class='ocrx_word' id='word_1_89' title='bbox 556 1144 653 1193; x_wconf 81' lang='lat' dir='ltr'>cantus</span> <span class='ocrx_word' id='word_1_90' title='bbox 674 1137 822 1194; x_wconf 85' lang='lat' dir='ltr'>auditores.</span> <span class='ocrx_word' id='word_1_91' title='bbox 858 1138 901 1193; x_wconf 91' lang='lat' dir='ltr'>De</span> <span class='ocrx_word' id='word_1_92' title='bbox 920 1140 1007 1208; x_wconf 90' lang='lat' dir='ltr'>prima</span> <span class='ocrx_word' id='word_1_93' title='bbox 1025 1157 1109 1197; x_wconf 84' lang='lat' dir='ltr'>causa</span> <span class='ocrx_word' id='word_1_94' title='bbox 1129 1149 1223 1198; x_wconf 88' lang='lat' dir='ltr'>textus</span> <span class='ocrx_word' id='word_1_95' title='bbox 1243 1142 1333 1199; x_wconf 88' lang='lat' dir='ltr'>clarus</span> <span class='ocrx_word' id='word_1_96' title='bbox 1356 1151 1412 1212; x_wconf 89' lang='lat' dir='ltr'>cst,</span> <span class='ocrx_word' id='word_1_97' title='bbox 1434 1145 1513 1213; x_wconf 86' lang='lat' dir='ltr'>cujus</span> 
     </span>
     <span class='ocr_line' id='line_1_10' title="bbox 157 1216 1512 1280; baseline 0.003 -4"><span class='ocrx_word' id='word_1_98' title='bbox 157 1221 227 1276; x_wconf 89' lang='lat' dir='ltr'>haec</span> <span class='ocrx_word' id='word_1_99' title='bbox 251 1233 368 1273; x_wconf 79' lang='lat' dir='ltr'>mmma:</span> <span class='ocrx_word' id='word_1_100' title='bbox 393 1217 485 1272; x_wconf 86' lang='lat' dir='ltr'>studia</span> <span class='ocrx_word' id='word_1_101' title='bbox 507 1217 608 1274; x_wconf 76' lang='grc' dir='ltr'>ιιιιιι</span> <span class='ocrx_word' id='word_1_102' title='bbox 631 1216 661 1273; x_wconf 90' lang='lat' dir='ltr'>iu</span> <span class='ocrx_word' id='word_1_103' title='bbox 684 1232 773 1272; x_wconf 86' lang='lat' dir='ltr'>mores</span> <span class='ocrx_word' id='word_1_104' title='bbox 791 1224 820 1272; x_wconf 88' lang='lat' dir='ltr'>et</span> <span class='ocrx_word' id='word_1_105' title='bbox 837 1219 1008 1275; x_wconf 89' lang='lat' dir='ltr'>consuetudo</span> <span class='ocrx_word' id='word_1_106' title='bbox 1034 1221 1066 1275; x_wconf 87' lang='lat' dir='ltr'>fit</span> <span class='ocrx_word' id='word_1_107' title='bbox 1083 1222 1169 1278; x_wconf 89' lang='lat' dir='ltr'>altera</span> <span class='ocrx_word' id='word_1_108' title='bbox 1192 1229 1300 1280; x_wconf 86' lang='lat' dir='ltr'>ustura·</span> <span class='ocrx_word' id='word_1_109' title='bbox 1334 1223 1431 1280; x_wconf 65' lang='lat' dir='ltr'>&amp;udis</span> <span class='ocrx_word' id='word_1_110' title='bbox 1448 1241 1512 1280; x_wconf 78' lang='lat' dir='ltr'>vero</span> 
     </span>
     <span class='ocr_line' id='line_1_11' title="bbox 159 1289 1513 1371; baseline 0.001 -16"><span class='ocrx_word' id='word_1_111' title='bbox 159 1300 214 1355; x_wconf 84' lang='lat' dir='ltr'>alia</span> <span class='ocrx_word' id='word_1_112' title='bbox 231 1296 303 1353; x_wconf 89' lang='lat' dir='ltr'>aliae</span> <span class='ocrx_word' id='word_1_113' title='bbox 320 1304 471 1366; x_wconf 87' lang='lat' dir='ltr'>temporum</span> <span class='ocrx_word' id='word_1_114' title='bbox 483 1298 663 1353; x_wconf 74' lang='lat' dir='ltr'>necessitates</span> <span class='ocrx_word' id='word_1_115' title='bbox 681 1297 866 1366; x_wconf 85' lang='lat' dir='ltr'>suppeditent.</span> <span class='ocrx_word' id='word_1_116' title='bbox 904 1297 976 1354; x_wconf 84' lang='lat' dir='ltr'>Huic</span> <span class='ocrx_word' id='word_1_117' title='bbox 987 1289 1130 1355; x_wconf 86' lang='lat' dir='ltr'>mutationi</span> <span class='ocrx_word' id='word_1_118' title='bbox 1142 1316 1246 1356; x_wconf 89' lang='lat' dir='ltr'>morum</span> <span class='ocrx_word' id='word_1_119' title='bbox 1257 1300 1430 1371; x_wconf 87' lang='lat' dir='ltr'>publicorum</span> <span class='ocrx_word' id='word_1_120' title='bbox 1441 1318 1513 1359; x_wconf 91' lang='lat' dir='ltr'>com</span> 
     </span>
     <span class='ocr_line' id='line_1_12' title="bbox 159 1375 1513 1451; baseline 0.002 -16"><span class='ocrx_word' id='word_1_121' title='bbox 159 1384 275 1449; x_wconf 87' lang='lat' dir='ltr'>paratur</span> <span class='ocrx_word' id='word_1_122' title='bbox 291 1375 405 1432; x_wconf 85' lang='lat' dir='ltr'>mutatio</span> <span class='ocrx_word' id='word_1_123' title='bbox 423 1377 575 1432; x_wconf 82' lang='lat' dir='ltr'>tonorum&#39;</span> <span class='ocrx_word' id='word_1_124' title='bbox 567 1393 595 1430; x_wconf 88' lang='lat' dir='ltr'>ru</span> <span class='ocrx_word' id='word_1_125' title='bbox 613 1385 695 1434; x_wconf 85' lang='lat' dir='ltr'>cantu</span> <span class='ocrx_word' id='word_1_126' title='bbox 721 1386 749 1432; x_wconf 91' lang='lat' dir='ltr'>et</span> <span class='ocrx_word' id='word_1_127' title='bbox 766 1377 840 1432; x_wconf 87' lang='lat' dir='ltr'>illam</span> <span class='ocrx_word' id='word_1_128' title='bbox 858 1394 1029 1448; x_wconf 88' lang='lat' dir='ltr'>consequeus</span> <span class='ocrx_word' id='word_1_129' title='bbox 1052 1380 1166 1434; x_wconf 83' lang='lat' dir='ltr'>mutatio</span> <span class='ocrx_word' id='word_1_130' title='bbox 1192 1378 1346 1438; x_wconf 76' lang='lat' dir='ltr'>affectuum.</span> <span class='ocrx_word' id='word_1_131' title='bbox 1380 1381 1513 1451; x_wconf 73' lang='lat' dir='ltr'>Quamuis</span> 
     </span>
     <span class='ocr_line' id='line_1_13' title="bbox 159 1455 1513 1546; baseline 0.005 -36"><span class='ocrx_word' id='word_1_132' title='bbox 159 1456 244 1527; x_wconf 89' lang='lat' dir='ltr'>igitur</span> <span class='ocrx_word' id='word_1_133' title='bbox 267 1455 320 1509; x_wconf 84' lang='lat' dir='ltr'>hae</span> <span class='ocrx_word' id='word_1_134' title='bbox 337 1456 518 1545; x_wconf 63' lang='lat' dir='ltr'>mundorum</span> <span class='ocrx_word' id='word_1_135' title='bbox 544 1471 642 1514; x_wconf 82' lang='lat' dir='ltr'>causae</span> <span class='ocrx_word' id='word_1_136' title='bbox 665 1457 720 1512; x_wconf 90' lang='lat' dir='ltr'>sint</span> <span class='ocrx_word' id='word_1_137' title='bbox 742 1455 955 1526; x_wconf 77' lang='lat' dir='ltr'>diversissimae,</span> <span class='ocrx_word' id='word_1_138' title='bbox 985 1476 1040 1514; x_wconf 89' lang='lat' dir='ltr'>non</span> <span class='ocrx_word' id='word_1_139' title='bbox 1062 1458 1166 1516; x_wconf 77' lang='lat' dir='ltr'>frustra</span> <span class='ocrx_word' id='word_1_140' title='bbox 1195 1466 1286 1518; x_wconf 89' lang='lat' dir='ltr'>temen</span> <span class='ocrx_word' id='word_1_141' title='bbox 1311 1460 1513 1546; x_wconf 73' lang='lat' dir='ltr'>conjunguntur</span> 
     </span>
     <span class='ocr_line' id='line_1_14' title="bbox 160 1529 1516 1610; baseline 0.007 -21"><span class='ocrx_word' id='word_1_142' title='bbox 160 1534 258 1589; x_wconf 80' lang='lat' dir='ltr'>eodem</span> <span class='ocrx_word' id='word_1_143' title='bbox 274 1534 343 1590; x_wconf 91' lang='lat' dir='ltr'>looo.</span> <span class='ocrx_word' id='word_1_144' title='bbox 379 1535 449 1588; x_wconf 87' lang='lat' dir='ltr'>Num</span> <span class='ocrx_word' id='word_1_145' title='bbox 468 1535 491 1588; x_wconf 93' lang='lat' dir='ltr'>si</span> <span class='ocrx_word' id='word_1_146' title='bbox 508 1533 650 1602; x_wconf 75' lang='lat' dir='ltr'>legislator</span> <span class='ocrx_word' id='word_1_147' title='bbox 667 1543 715 1590; x_wconf 88' lang='lat' dir='ltr'>aut</span> <span class='ocrx_word' id='word_1_148' title='bbox 733 1535 890 1591; x_wconf 87' lang='lat' dir='ltr'>moderator</span> <span class='ocrx_word' id='word_1_149' title='bbox 906 1536 1074 1606; x_wconf 89' lang='lat' dir='ltr'>reipublicae</span> <span class='ocrx_word' id='word_1_150' title='bbox 1092 1538 1174 1604; x_wconf 83' lang='lat' dir='ltr'>sciat,</span> <span class='ocrx_word' id='word_1_151' title='bbox 1192 1539 1240 1610; x_wconf 91' lang='lat' dir='ltr'>qui</span> <span class='ocrx_word' id='word_1_152' title='bbox 1256 1546 1338 1594; x_wconf 93' lang='lat' dir='ltr'>tonus</span> <span class='ocrx_word' id='word_1_153' title='bbox 1357 1555 1426 1609; x_wconf 89' lang='lat' dir='ltr'>quos</span> <span class='ocrx_word' id='word_1_154' title='bbox 1444 1529 1516 1598; x_wconf 72' lang='lat' dir='ltr'>eicit</span> 
     </span>
     <span class='ocr_line' id='line_1_15' title="bbox 160 1611 1513 1688; baseline 0.005 -22"><span class='ocrx_word' id='word_1_155' title='bbox 160 1612 304 1667; x_wconf 79' lang='lat' dir='ltr'>affectus</span> <span class='ocrx_word' id='word_1_156' title='bbox 296 1629 324 1667; x_wconf 88' lang='lat' dir='ltr'>ru</span> <span class='ocrx_word' id='word_1_157' title='bbox 341 1612 494 1669; x_wconf 88' lang='lat' dir='ltr'>homiuibus</span> <span class='ocrx_word' id='word_1_158' title='bbox 512 1611 637 1683; x_wconf 77' lang='lat' dir='ltr'>singulis,</span> <span class='ocrx_word' id='word_1_159' title='bbox 663 1613 798 1670; x_wconf 90' lang='lat' dir='ltr'>delectum</span> <span class='ocrx_word' id='word_1_160' title='bbox 821 1615 933 1670; x_wconf 90' lang='lat' dir='ltr'>habebit</span> <span class='ocrx_word' id='word_1_161' title='bbox 950 1622 1077 1672; x_wconf 86' lang='lat' dir='ltr'>tonorum</span> <span class='ocrx_word' id='word_1_162' title='bbox 1100 1634 1134 1672; x_wconf 82' lang='lat' dir='ltr'>ex</span> <span class='ocrx_word' id='word_1_163' title='bbox 1153 1633 1218 1685; x_wconf 86' lang='lat' dir='ltr'>usu,</span> <span class='ocrx_word' id='word_1_164' title='bbox 1236 1617 1513 1688; x_wconf 62' lang='lat' dir='ltr'>,accommodabitque</span> 
     </span>
     <span class='ocr_line' id='line_1_16' title="bbox 157 1689 1512 1764; baseline 0.004 -21"><span class='ocrx_word' id='word_1_165' title='bbox 157 1689 210 1744; x_wconf 88' lang='lat' dir='ltr'>boc</span> <span class='ocrx_word' id='word_1_166' title='bbox 228 1689 375 1745; x_wconf 79' lang='lat' dir='ltr'>discrimen</span> <span class='ocrx_word' id='word_1_167' title='bbox 392 1692 434 1745; x_wconf 90' lang='lat' dir='ltr'>rel</span> <span class='ocrx_word' id='word_1_168' title='bbox 451 1690 615 1759; x_wconf 76' lang='lat' dir='ltr'>generditer</span> <span class='ocrx_word' id='word_1_169' title='bbox 632 1691 667 1748; x_wconf 90' lang='lat' dir='ltr'>ad</span> <span class='ocrx_word' id='word_1_170' title='bbox 686 1708 751 1749; x_wconf 87' lang='lat' dir='ltr'>suae</span> <span class='ocrx_word' id='word_1_171' title='bbox 770 1689 935 1762; x_wconf 88' lang='lat' dir='ltr'>reipublicae</span> <span class='ocrx_word' id='word_1_172' title='bbox 953 1694 1081 1764; x_wconf 81' lang='lat' dir='ltr'>formam,</span> <span class='ocrx_word' id='word_1_173' title='bbox 1105 1694 1180 1750; x_wconf 85' lang='lat' dir='ltr'>vel</span> <span class='ocrx_word' id='word_1_174' title='bbox 1171 1712 1199 1750; x_wconf 87' lang='grc' dir='ltr'>ιι</span> <span class='ocrx_word' id='word_1_175' title='bbox 1217 1696 1308 1764; x_wconf 88' lang='lat' dir='ltr'>specie</span> <span class='ocrx_word' id='word_1_176' title='bbox 1331 1695 1366 1750; x_wconf 88' lang='lat' dir='ltr'>ad</span> <span class='ocrx_word' id='word_1_177' title='bbox 1384 1710 1512 1763; x_wconf 85' lang='lat' dir='ltr'>praesen·</span> 
     </span>
    </p>
   </div>
   <div class='ocr_carea' id='block_1_3' title="bbox 159 1769 1613 1843">
    <p class='ocr_par' dir='ltr' id='par_1_4' title="bbox 159 1769 1613 1843">
     <span class='ocr_line' id='line_1_17' title="bbox 159 1769 1613 1843; baseline 0.003 -19"><span class='ocrx_word' id='word_1_178' title='bbox 159 1779 201 1824; x_wconf 88' lang='lat' dir='ltr'>tes</span> <span class='ocrx_word' id='word_1_179' title='bbox 217 1769 387 1838; x_wconf 85' lang='lat' dir='ltr'>reipublicae</span> <span class='ocrx_word' id='word_1_180' title='bbox 403 1771 596 1838; x_wconf 73' lang='lat' dir='ltr'>necessitates,</span> <span class='ocrx_word' id='word_1_181' title='bbox 620 1787 692 1826; x_wconf 88' lang='lat' dir='ltr'>nunc</span> <span class='ocrx_word' id='word_1_182' title='bbox 709 1772 760 1827; x_wconf 90' lang='lat' dir='ltr'>hos</span> <span class='ocrx_word' id='word_1_183' title='bbox 785 1778 891 1842; x_wconf 81' lang='lat' dir='ltr'>vetans,</span> <span class='ocrx_word' id='word_1_184' title='bbox 910 1788 982 1828; x_wconf 89' lang='lat' dir='ltr'>nunc</span> <span class='ocrx_word' id='word_1_185' title='bbox 1000 1771 1074 1840; x_wconf 87' lang='lat' dir='ltr'>illos;</span> <span class='ocrx_word' id='word_1_186' title='bbox 1100 1771 1163 1841; x_wconf 86' lang='lat' dir='ltr'>quia</span> <span class='ocrx_word' id='word_1_187' title='bbox 1186 1789 1219 1826; x_wconf 83' lang='lat' dir='ltr'>ex</span> <span class='ocrx_word' id='word_1_188' title='bbox 1242 1779 1318 1829; x_wconf 91' lang='lat' dir='ltr'>motu</span> <span class='ocrx_word' id='word_1_189' title='bbox 1336 1772 1513 1843; x_wconf 77' lang='lat' dir='ltr'>siugudarium</span> <span class='ocrx_word' id='word_1_190' title='bbox 1609 1790 1613 1796; x_wconf 77' lang='grc'>’</span> 
     </span>
    </p>
   </div>
   <div class='ocr_carea' id='block_1_4' title="bbox 158 1847 1575 2080">
    <p class='ocr_par' dir='ltr' id='par_1_5' title="bbox 158 1847 1575 2080">
     <span class='ocr_line' id='line_1_18' title="bbox 158 1847 1575 1920; baseline 0.003 -19"><span class='ocrx_word' id='word_1_191' title='bbox 158 1847 309 1903; x_wconf 80' lang='lat' dir='ltr'>mimorum</span> <span class='ocrx_word' id='word_1_192' title='bbox 332 1849 442 1905; x_wconf 87' lang='lat' dir='ltr'>tandem</span> <span class='ocrx_word' id='word_1_193' title='bbox 467 1866 516 1920; x_wconf 88' lang='lat' dir='ltr'>per</span> <span class='ocrx_word' id='word_1_194' title='bbox 537 1850 714 1905; x_wconf 88' lang='lat' dir='ltr'>imitationem</span> <span class='ocrx_word' id='word_1_195' title='bbox 740 1852 832 1907; x_wconf 82' lang='lat' dir='ltr'>existit</span> <span class='ocrx_word' id='word_1_196' title='bbox 854 1858 946 1907; x_wconf 89' lang='lat' dir='ltr'>motus</span> <span class='ocrx_word' id='word_1_197' title='bbox 973 1852 1058 1906; x_wconf 90' lang='lat' dir='ltr'>totius</span> <span class='ocrx_word' id='word_1_198' title='bbox 1082 1851 1282 1908; x_wconf 87' lang='lat' dir='ltr'>communitatis</span> <span class='ocrx_word' id='word_1_199' title='bbox 1305 1851 1402 1907; x_wconf 83' lang='lat' dir='ltr'>civium</span> <span class='ocrx_word' id='word_1_200' title='bbox 1428 1859 1456 1906; x_wconf 89' lang='lat' dir='ltr'>et</span> <span class='ocrx_word' id='word_1_201' title='bbox 1479 1867 1514 1906; x_wconf 86' lang='lat' dir='ltr'>ex</span> <span class='ocrx_word' id='word_1_202' title='bbox 1572 1853 1575 1858; x_wconf 86' lang='grc'><strong>’</strong></span> 
     </span>
     <span class='ocr_line' id='line_1_19' title="bbox 159 1928 1512 2000; baseline 0.001 -18"><span class='ocrx_word' id='word_1_203' title='bbox 159 1928 256 1983; x_wconf 86' lang='lat' dir='ltr'>crebra</span> <span class='ocrx_word' id='word_1_204' title='bbox 272 1930 450 2000; x_wconf 81' lang='lat' dir='ltr'>usurpatione</span> <span class='ocrx_word' id='word_1_205' title='bbox 466 1930 609 1989; x_wconf 83' lang='lat' dir='ltr'>melodiae.</span> <span class='ocrx_word' id='word_1_206' title='bbox 619 1936 723 2000; x_wconf 87' lang='lat' dir='ltr'>certae,</span> <span class='ocrx_word' id='word_1_207' title='bbox 747 1944 817 2000; x_wconf 88' lang='lat' dir='ltr'>quae</span> <span class='ocrx_word' id='word_1_208' title='bbox 834 1929 999 1999; x_wconf 85' lang='lat' dir='ltr'>peculiarem</span> <span class='ocrx_word' id='word_1_209' title='bbox 1017 1929 1100 1984; x_wconf 87' lang='lat' dir='ltr'>hebet</span> <span class='ocrx_word' id='word_1_210' title='bbox 1117 1929 1273 1999; x_wconf 80' lang='lat' dir='ltr'>emphasin,</span> <span class='ocrx_word' id='word_1_211' title='bbox 1292 1930 1450 1986; x_wconf 86' lang='lat' dir='ltr'>coalescunt</span> <span class='ocrx_word' id='word_1_212' title='bbox 1467 1929 1512 1985; x_wconf 85' lang='lat' dir='ltr'>de-</span> 
     </span>
     <span class='ocr_line' id='line_1_20' title="bbox 158 2009 526 2080; baseline 0.005 -16"><span class='ocrx_word' id='word_1_213' title='bbox 158 2009 239 2080; x_wconf 88' lang='lat' dir='ltr'>nique</span> <span class='ocrx_word' id='word_1_214' title='bbox 256 2024 347 2063; x_wconf 88' lang='lat' dir='ltr'>mores</span> <span class='ocrx_word' id='word_1_215' title='bbox 365 2010 526 2066; x_wconf 76' lang='lat' dir='ltr'>mnumiles.</span> 
     </span>
    </p>
   </div>
   <div class='ocr_carea' id='block_1_5' title="bbox 247 2085 1608 2159">
    <p class='ocr_par' dir='ltr' id='par_1_6' title="bbox 247 2085 1608 2159">
     <span class='ocr_line' id='line_1_21' title="bbox 247 2085 1608 2159; baseline 0.004 -19"><span class='ocrx_word' id='word_1_216' title='bbox 247 2086 293 2142; x_wconf 90' lang='lat' dir='ltr'>Sic</span> <span class='ocrx_word' id='word_1_217' title='bbox 311 2086 518 2143; x_wconf 88' lang='lat' dir='ltr'>Lacedaemonii</span> <span class='ocrx_word' id='word_1_218' title='bbox 535 2088 650 2143; x_wconf 74' lang='lat' dir='ltr'>formam</span> <span class='ocrx_word' id='word_1_219' title='bbox 668 2087 832 2157; x_wconf 88' lang='lat' dir='ltr'>reipublicae</span> <span class='ocrx_word' id='word_1_220' title='bbox 849 2088 978 2159; x_wconf 75' lang='lat' dir='ltr'>legesque</span> <span class='ocrx_word' id='word_1_221' title='bbox 996 2085 1133 2142; x_wconf 81' lang='lat' dir='ltr'>habebunt</span> <span class='ocrx_word' id='word_1_222' title='bbox 1149 2088 1288 2158; x_wconf 88' lang='lat' dir='ltr'>militares,</span> <span class='ocrx_word' id='word_1_223' title='bbox 1307 2089 1466 2158; x_wconf 68' lang='lat' dir='ltr'>muntem</span> <span class='ocrx_word' id='word_1_224' title='bbox 1480 2097 1514 2145; x_wconf 79' lang='lat' dir='ltr'>et</span> <span class='ocrx_word' id='word_1_225' title='bbox 1607 2123 1608 2136; x_wconf 43' lang='grc' dir='ltr'>ι</span> 
     </span>
    </p>
   </div>
   <div class='ocr_carea' id='block_1_6' title="bbox 156 2165 1587 3676">
    <p class='ocr_par' dir='ltr' id='par_1_7' title="bbox 156 2165 1587 3569">
     <span class='ocr_line' id='line_1_22' title="bbox 158 2165 1515 2238; baseline 0.002 -19"><span class='ocrx_word' id='word_1_226' title='bbox 158 2165 347 2221; x_wconf 85' lang='lat' dir='ltr'>austeritatem</span> <span class='ocrx_word' id='word_1_227' title='bbox 364 2166 514 2236; x_wconf 65' lang='lat' dir='ltr'>spirantem</span> <span class='ocrx_word' id='word_1_228' title='bbox 533 2168 626 2237; x_wconf 82' lang='lat' dir='ltr'>itaque</span> <span class='ocrx_word' id='word_1_229' title='bbox 644 2166 776 2238; x_wconf 87' lang='lat' dir='ltr'>quasdam</span> <span class='ocrx_word' id='word_1_230' title='bbox 795 2174 893 2224; x_wconf 88' lang='lat' dir='ltr'>cantus</span> <span class='ocrx_word' id='word_1_231' title='bbox 912 2166 1013 2223; x_wconf 84' lang='lat' dir='ltr'>formas</span> <span class='ocrx_word' id='word_1_232' title='bbox 1027 2168 1207 2221; x_wconf 84' lang='lat' dir='ltr'>exturbarunt</span> <span class='ocrx_word' id='word_1_233' title='bbox 1225 2167 1361 2222; x_wconf 83' lang='lat' dir='ltr'>eciritate</span> <span class='ocrx_word' id='word_1_234' title='bbox 1380 2183 1439 2223; x_wconf 89' lang='lat' dir='ltr'>sus.</span> <span class='ocrx_word' id='word_1_235' title='bbox 1469 2166 1515 2223; x_wconf 89' lang='lat' dir='ltr'>Sic</span> 
     </span>
     <span class='ocr_line' id='line_1_23' title="bbox 160 2244 1514 2314; baseline 0.001 -14"><span class='ocrx_word' id='word_1_236' title='bbox 160 2244 285 2313; x_wconf 82' lang='lat' dir='ltr'>Romani,</span> <span class='ocrx_word' id='word_1_237' title='bbox 304 2245 460 2303; x_wconf 84' lang='lat' dir='ltr'>Britanniae</span> <span class='ocrx_word' id='word_1_238' title='bbox 477 2254 579 2303; x_wconf 83' lang='lat' dir='ltr'>statum</span> <span class='ocrx_word' id='word_1_239' title='bbox 596 2246 748 2314; x_wconf 80' lang='lat' dir='ltr'>formaturi,</span> <span class='ocrx_word' id='word_1_240' title='bbox 767 2247 921 2303; x_wconf 77' lang='lat' dir='ltr'>enervaturi</span> <span class='ocrx_word' id='word_1_241' title='bbox 939 2246 1042 2303; x_wconf 89' lang='lat' dir='ltr'>scilicet</span> <span class='ocrx_word' id='word_1_242' title='bbox 1066 2244 1208 2300; x_wconf 88' lang='lat' dir='ltr'>militarem</span> <span class='ocrx_word' id='word_1_243' title='bbox 1222 2246 1414 2302; x_wconf 82' lang='lat' dir='ltr'>Britannorum</span> <span class='ocrx_word' id='word_1_244' title='bbox 1431 2245 1514 2302; x_wconf 81' lang='lat' dir='ltr'>virtu·</span> 
     </span>
     <span class='ocr_line' id='line_1_24' title="bbox 157 2323 1512 2393; baseline 0.001 -14"><span class='ocrx_word' id='word_1_245' title='bbox 157 2331 219 2391; x_wconf 82' lang='lat' dir='ltr'>tem,</span> <span class='ocrx_word' id='word_1_246' title='bbox 238 2323 447 2380; x_wconf 81' lang='lat' dir='ltr'>adsuefecerunt</span> <span class='ocrx_word' id='word_1_247' title='bbox 466 2341 561 2381; x_wconf 88' lang='lat' dir='ltr'>eorum</span> <span class='ocrx_word' id='word_1_248' title='bbox 574 2325 747 2393; x_wconf 79' lang='lat' dir='ltr'>jnreututem</span> <span class='ocrx_word' id='word_1_249' title='bbox 763 2327 881 2382; x_wconf 85' lang='lat' dir='ltr'>theatris</span> <span class='ocrx_word' id='word_1_250' title='bbox 906 2335 933 2379; x_wconf 91' lang='lat' dir='ltr'>et</span> <span class='ocrx_word' id='word_1_251' title='bbox 952 2325 1077 2382; x_wconf 89' lang='lat' dir='ltr'>cantibus</span> <span class='ocrx_word' id='word_1_252' title='bbox 1095 2323 1211 2379; x_wconf 84' lang='lat' dir='ltr'>lascivis.</span> <span class='ocrx_word' id='word_1_253' title='bbox 1248 2323 1317 2379; x_wconf 88' lang='lat' dir='ltr'>Vide</span> <span class='ocrx_word' id='word_1_254' title='bbox 1335 2324 1388 2379; x_wconf 91' lang='lat' dir='ltr'>hac</span> <span class='ocrx_word' id='word_1_255' title='bbox 1406 2325 1440 2379; x_wconf 90' lang='lat' dir='ltr'>de</span> <span class='ocrx_word' id='word_1_256' title='bbox 1458 2341 1512 2380; x_wconf 85' lang='lat' dir='ltr'>ma·</span> 
     </span>
     <span class='ocr_line' id='line_1_25' title="bbox 157 2401 1513 2476; baseline 0.001 -21"><span class='ocrx_word' id='word_1_257' title='bbox 157 2402 225 2456; x_wconf 87' lang='lat' dir='ltr'>teria</span> <span class='ocrx_word' id='word_1_258' title='bbox 243 2402 333 2456; x_wconf 88' lang='lat' dir='ltr'>locum</span> <span class='ocrx_word' id='word_1_259' title='bbox 351 2405 488 2472; x_wconf 78' lang='lat' dir='ltr'>egregium</span> <span class='ocrx_word' id='word_1_260' title='bbox 506 2411 535 2459; x_wconf 91' lang='lat' dir='ltr'>et</span> <span class='ocrx_word' id='word_1_261' title='bbox 551 2405 633 2474; x_wconf 84' lang='lat' dir='ltr'>plane</span> <span class='ocrx_word' id='word_1_262' title='bbox 651 2406 800 2461; x_wconf 89' lang='lat' dir='ltr'>oratorium</span> <span class='ocrx_word' id='word_1_263' title='bbox 819 2406 893 2476; x_wconf 86' lang='lat' dir='ltr'>apud</span> <span class='ocrx_word' id='word_1_264' title='bbox 912 2407 989 2461; x_wconf 74' lang='lat' dir='ltr'>Viuo,</span> <span class='ocrx_word' id='word_1_265' title='bbox 1009 2404 1159 2458; x_wconf 87' lang='lat' dir='ltr'>Galilaeum</span> <span class='ocrx_word' id='word_1_266' title='bbox 1182 2402 1210 2458; x_wconf 88' lang='lat' dir='ltr'>in</span> <span class='ocrx_word' id='word_1_267' title='bbox 1229 2417 1312 2472; x_wconf 89' lang='lat' dir='ltr'>opere</span> <span class='ocrx_word' id='word_1_268' title='bbox 1329 2401 1440 2469; x_wconf 88' lang='lat' dir='ltr'>Italico,</span> <span class='ocrx_word' id='word_1_269' title='bbox 1466 2401 1513 2456; x_wconf 89' lang='lat' dir='ltr'>ubi</span> 
     </span>
     <span class='ocr_line' id='line_1_26' title="bbox 158 2479 1514 2556; baseline -0.002 -20"><span class='ocrx_word' id='word_1_270' title='bbox 158 2481 191 2536; x_wconf 90' lang='lat' dir='ltr'>de</span> <span class='ocrx_word' id='word_1_271' title='bbox 214 2480 343 2536; x_wconf 86' lang='lat' dir='ltr'>laudibus</span> <span class='ocrx_word' id='word_1_272' title='bbox 366 2483 482 2538; x_wconf 87' lang='lat' dir='ltr'>musices</span> <span class='ocrx_word' id='word_1_273' title='bbox 504 2490 624 2542; x_wconf 82' lang='grc' dir='ltr'>ιιιιιιιι</span> <span class='ocrx_word' id='word_1_274' title='bbox 647 2485 711 2553; x_wconf 80' lang='lat' dir='ltr'>agit.</span> <span class='ocrx_word' id='word_1_275' title='bbox 746 2485 834 2541; x_wconf 88' lang='lat' dir='ltr'>Hodie</span> <span class='ocrx_word' id='word_1_276' title='bbox 856 2501 965 2556; x_wconf 89' lang='lat' dir='ltr'>quoque</span> <span class='ocrx_word' id='word_1_277' title='bbox 988 2482 1061 2553; x_wconf 90' lang='lat' dir='ltr'>apud</span> <span class='ocrx_word' id='word_1_278' title='bbox 1086 2483 1190 2537; x_wconf 81' lang='lat' dir='ltr'>Tuscus</span> <span class='ocrx_word' id='word_1_279' title='bbox 1215 2496 1299 2534; x_wconf 88' lang='lat' dir='ltr'>unum</span> <span class='ocrx_word' id='word_1_280' title='bbox 1320 2481 1408 2538; x_wconf 86' lang='lat' dir='ltr'>solum</span> <span class='ocrx_word' id='word_1_281' title='bbox 1431 2479 1514 2550; x_wconf 89' lang='lat' dir='ltr'>idque</span> 
     </span>
     <span class='ocr_line' id='line_1_27' title="bbox 159 2558 1557 2633; baseline 0 -19"><span class='ocrx_word' id='word_1_282' title='bbox 159 2560 258 2616; x_wconf 87' lang='lat' dir='ltr'>durum</span> <span class='ocrx_word' id='word_1_283' title='bbox 280 2558 360 2615; x_wconf 83' lang='lat' dir='ltr'>valde</span> <span class='ocrx_word' id='word_1_284' title='bbox 383 2567 411 2616; x_wconf 87' lang='lat' dir='ltr'>et</span> <span class='ocrx_word' id='word_1_285' title='bbox 426 2562 593 2617; x_wconf 88' lang='lat' dir='ltr'>inconditum</span> <span class='ocrx_word' id='word_1_286' title='bbox 618 2578 704 2631; x_wconf 77' lang='lat' dir='ltr'>genus</span> <span class='ocrx_word' id='word_1_287' title='bbox 727 2563 859 2619; x_wconf 86' lang='lat' dir='ltr'>melodiae</span> <span class='ocrx_word' id='word_1_288' title='bbox 883 2563 1005 2633; x_wconf 82' lang='lat' dir='ltr'>auditur,</span> <span class='ocrx_word' id='word_1_289' title='bbox 1033 2562 1107 2633; x_wconf 90' lang='lat' dir='ltr'>apud</span> <span class='ocrx_word' id='word_1_290' title='bbox 1129 2576 1180 2615; x_wconf 89' lang='lat' dir='ltr'>uos</span> <span class='ocrx_word' id='word_1_291' title='bbox 1198 2560 1347 2616; x_wconf 86' lang='lat' dir='ltr'>Germanos</span> <span class='ocrx_word' id='word_1_292' title='bbox 1368 2560 1433 2615; x_wconf 90' lang='lat' dir='ltr'>huic</span> <span class='ocrx_word' id='word_1_293' title='bbox 1451 2559 1514 2615; x_wconf 91' lang='lat' dir='ltr'>usui</span> <span class='ocrx_word' id='word_1_294' title='bbox 1555 2603 1557 2608; x_wconf 32' lang='lat' dir='ltr'>s</span> 
     </span>
     <span class='ocr_line' id='line_1_28' title="bbox 159 2637 1512 2712; baseline 0 -19"><span class='ocrx_word' id='word_1_295' title='bbox 159 2638 319 2707; x_wconf 86' lang='lat' dir='ltr'>deputatum</span> <span class='ocrx_word' id='word_1_296' title='bbox 337 2649 381 2696; x_wconf 89' lang='lat' dir='ltr'>est</span> <span class='ocrx_word' id='word_1_297' title='bbox 398 2650 570 2712; x_wconf 87' lang='lat' dir='ltr'>tympanum,</span> <span class='ocrx_word' id='word_1_298' title='bbox 593 2642 690 2711; x_wconf 87' lang='lat' dir='ltr'>junctu</span> <span class='ocrx_word' id='word_1_299' title='bbox 707 2642 774 2697; x_wconf 91' lang='lat' dir='ltr'>tibia</span> <span class='ocrx_word' id='word_1_300' title='bbox 794 2643 940 2712; x_wconf 86' lang='lat' dir='ltr'>campestri</span> <span class='ocrx_word' id='word_1_301' title='bbox 958 2644 997 2697; x_wconf 89' lang='lat' dir='ltr'>sic</span> <span class='ocrx_word' id='word_1_302' title='bbox 1016 2642 1089 2697; x_wconf 87' lang='lat' dir='ltr'>dicta</span> <span class='ocrx_word' id='word_1_303' title='bbox 1107 2648 1135 2694; x_wconf 90' lang='lat' dir='ltr'>et</span> <span class='ocrx_word' id='word_1_304' title='bbox 1152 2639 1219 2693; x_wconf 89' lang='lat' dir='ltr'>tuba</span> <span class='ocrx_word' id='word_1_305' title='bbox 1236 2652 1335 2707; x_wconf 89' lang='lat' dir='ltr'>aenea,</span> <span class='ocrx_word' id='word_1_306' title='bbox 1352 2637 1419 2694; x_wconf 91' lang='lat' dir='ltr'>illud</span> <span class='ocrx_word' id='word_1_307' title='bbox 1437 2637 1512 2708; x_wconf 87' lang='lat' dir='ltr'>pedi·</span> 
     </span>
     <span class='ocr_line' id='line_1_29' title="bbox 157 2713 1513 2792; baseline 0.002 -21"><span class='ocrx_word' id='word_1_308' title='bbox 157 2724 237 2786; x_wconf 88' lang='lat' dir='ltr'>tatus,</span> <span class='ocrx_word' id='word_1_309' title='bbox 256 2718 326 2774; x_wconf 87' lang='lat' dir='ltr'>haec</span> <span class='ocrx_word' id='word_1_310' title='bbox 344 2720 480 2790; x_wconf 83' lang='lat' dir='ltr'>equitatus</span> <span class='ocrx_word' id='word_1_311' title='bbox 497 2720 641 2778; x_wconf 89' lang='lat' dir='ltr'>classicum</span> <span class='ocrx_word' id='word_1_312' title='bbox 657 2737 707 2778; x_wconf 88' lang='lat' dir='ltr'>seu</span> <span class='ocrx_word' id='word_1_313' title='bbox 725 2722 903 2788; x_wconf 65' lang='lat' dir='ltr'>incentivum</span> <span class='ocrx_word' id='word_1_314' title='bbox 924 2730 952 2776; x_wconf 90' lang='lat' dir='ltr'>et</span> <span class='ocrx_word' id='word_1_315' title='bbox 963 2721 1031 2776; x_wconf 90' lang='lat' dir='ltr'>tuba</span> <span class='ocrx_word' id='word_1_316' title='bbox 1041 2720 1150 2792; x_wconf 89' lang='lat' dir='ltr'>quidem</span> <span class='ocrx_word' id='word_1_317' title='bbox 1168 2717 1294 2787; x_wconf 84' lang='lat' dir='ltr'>exprimit</span> <span class='ocrx_word' id='word_1_318' title='bbox 1311 2713 1414 2787; x_wconf 84' lang='lat' dir='ltr'>aliquid</span> <span class='ocrx_word' id='word_1_319' title='bbox 1426 2718 1513 2774; x_wconf 89' lang='lat' dir='ltr'>simile</span> 
     </span>
     <span class='ocr_line' id='line_1_30' title="bbox 157 2795 1512 2872; baseline 0.001 -19"><span class='ocrx_word' id='word_1_320' title='bbox 157 2797 214 2854; x_wconf 91' lang='lat' dir='ltr'>toni</span> <span class='ocrx_word' id='word_1_321' title='bbox 231 2797 333 2869; x_wconf 80' lang='lat' dir='ltr'>octari3</span> <span class='ocrx_word' id='word_1_322' title='bbox 351 2807 379 2855; x_wconf 90' lang='lat' dir='ltr'>at</span> <span class='ocrx_word' id='word_1_323' title='bbox 396 2818 450 2855; x_wconf 89' lang='lat' dir='ltr'>non</span> <span class='ocrx_word' id='word_1_324' title='bbox 469 2801 606 2871; x_wconf 85' lang='lat' dir='ltr'>existimo,</span> <span class='ocrx_word' id='word_1_325' title='bbox 631 2802 807 2872; x_wconf 87' lang='lat' dir='ltr'>praecipuam</span> <span class='ocrx_word' id='word_1_326' title='bbox 825 2801 853 2856; x_wconf 89' lang='lat' dir='ltr'>in</span> <span class='ocrx_word' id='word_1_327' title='bbox 871 2801 925 2857; x_wconf 90' lang='lat' dir='ltr'>hoc</span> <span class='ocrx_word' id='word_1_328' title='bbox 944 2802 997 2856; x_wconf 84' lang='lat' dir='ltr'>rim</span> <span class='ocrx_word' id='word_1_329' title='bbox 1015 2801 1106 2857; x_wconf 87' lang='lat' dir='ltr'>inesse</span> <span class='ocrx_word' id='word_1_330' title='bbox 1124 2798 1160 2855; x_wconf 87' lang='lat' dir='ltr'>sd</span> <span class='ocrx_word' id='word_1_331' title='bbox 1177 2795 1324 2854; x_wconf 82' lang='lat' dir='ltr'>movendos</span> <span class='ocrx_word' id='word_1_332' title='bbox 1336 2798 1446 2855; x_wconf 41' lang='lat' dir='ltr'>*ammos</span> <span class='ocrx_word' id='word_1_333' title='bbox 1464 2799 1512 2855; x_wconf 90' lang='lat' dir='ltr'>mi-</span> 
     </span>
     <span class='ocr_line' id='line_1_31' title="bbox 156 2874 1511 2952; baseline -0.001 -18"><span class='ocrx_word' id='word_1_334' title='bbox 156 2879 248 2949; x_wconf 88' lang='lat' dir='ltr'>litum,</span> <span class='ocrx_word' id='word_1_335' title='bbox 272 2882 433 2950; x_wconf 86' lang='lat' dir='ltr'>praesertim</span> <span class='ocrx_word' id='word_1_336' title='bbox 450 2888 607 2937; x_wconf 88' lang='lat' dir='ltr'>nostrorum</span> <span class='ocrx_word' id='word_1_337' title='bbox 625 2882 833 2950; x_wconf 82' lang='lat' dir='ltr'>Germanorum,</span> <span class='ocrx_word' id='word_1_338' title='bbox 857 2874 904 2952; x_wconf 89' lang='lat' dir='ltr'>qu&#39;i</span> <span class='ocrx_word' id='word_1_339' title='bbox 923 2879 1084 2952; x_wconf 87' lang='lat' dir='ltr'>plerumque</span> <span class='ocrx_word' id='word_1_340' title='bbox 1103 2878 1185 2937; x_wconf 87' lang='lat' dir='ltr'>rudes</span> <span class='ocrx_word' id='word_1_341' title='bbox 1203 2884 1268 2932; x_wconf 90' lang='lat' dir='ltr'>suut</span> <span class='ocrx_word' id='word_1_342' title='bbox 1291 2877 1408 2933; x_wconf 88' lang='lat' dir='ltr'>musices</span> <span class='ocrx_word' id='word_1_343' title='bbox 1427 2885 1455 2933; x_wconf 91' lang='lat' dir='ltr'>et</span> <span class='ocrx_word' id='word_1_344' title='bbox 1471 2878 1511 2933; x_wconf 89' lang='lat' dir='ltr'>in·</span> 
     </span>
     <span class='ocr_line' id='line_1_32' title="bbox 157 2956 1514 3030; baseline -0.002 -14"><span class='ocrx_word' id='word_1_345' title='bbox 157 2974 274 3030; x_wconf 84' lang='lat' dir='ltr'>capaces</span> <span class='ocrx_word' id='word_1_346' title='bbox 295 2959 392 3015; x_wconf 86' lang='lat' dir='ltr'>horum</span> <span class='ocrx_word' id='word_1_347' title='bbox 415 2960 611 3023; x_wconf 69' lang='lat' dir='ltr'>discriminum</span> <span class='ocrx_word' id='word_1_348' title='bbox 635 2959 698 3028; x_wconf 91' lang='lat' dir='ltr'>plus</span> <span class='ocrx_word' id='word_1_349' title='bbox 721 2966 812 3013; x_wconf 86' lang='lat' dir='ltr'>movet</span> <span class='ocrx_word' id='word_1_350' title='bbox 835 2965 863 3013; x_wconf 88' lang='lat' dir='ltr'>et</span> <span class='ocrx_word' id='word_1_351' title='bbox 887 2974 972 3029; x_wconf 88' lang='lat' dir='ltr'>equos</span> <span class='ocrx_word' id='word_1_352' title='bbox 997 2967 1025 3014; x_wconf 89' lang='lat' dir='ltr'>et</span> <span class='ocrx_word' id='word_1_353' title='bbox 1047 2957 1120 3013; x_wconf 82' lang='lat' dir='ltr'>viros</span> <span class='ocrx_word' id='word_1_354' title='bbox 1146 2957 1257 3013; x_wconf 84' lang='lat' dir='ltr'>claritas</span> <span class='ocrx_word' id='word_1_355' title='bbox 1280 2956 1462 3013; x_wconf 88' lang='lat' dir='ltr'>intensissima</span> <span class='ocrx_word' id='word_1_356' title='bbox 1485 2963 1514 3013; x_wconf 87' lang='lat' dir='ltr'>et</span> 
     </span>
     <span class='ocr_line' id='line_1_33' title="bbox 157 3035 1510 3110; baseline 0 -17"><span class='ocrx_word' id='word_1_357' title='bbox 157 3038 271 3109; x_wconf 82' lang='lat' dir='ltr'>clangor</span> <span class='ocrx_word' id='word_1_358' title='bbox 289 3041 369 3095; x_wconf 87' lang='lat' dir='ltr'>seris.</span> <span class='ocrx_word' id='word_1_359' title='bbox 404 3040 494 3095; x_wconf 83' lang='lat' dir='ltr'>Multo</span> <span class='ocrx_word' id='word_1_360' title='bbox 512 3040 541 3096; x_wconf 87' lang='lat' dir='ltr'>id</span> <span class='ocrx_word' id='word_1_361' title='bbox 557 3039 642 3107; x_wconf 76' lang='lat' dir='ltr'>magis</span> <span class='ocrx_word' id='word_1_362' title='bbox 659 3054 753 3095; x_wconf 83' lang='lat' dir='ltr'>verum</span> <span class='ocrx_word' id='word_1_363' title='bbox 771 3048 814 3094; x_wconf 89' lang='lat' dir='ltr'>est</span> <span class='ocrx_word' id='word_1_364' title='bbox 832 3039 867 3094; x_wconf 92' lang='lat' dir='ltr'>de</span> <span class='ocrx_word' id='word_1_365' title='bbox 885 3047 1025 3110; x_wconf 86' lang='lat' dir='ltr'>tympano,</span> <span class='ocrx_word' id='word_1_366' title='bbox 1045 3037 1124 3106; x_wconf 76' lang='lat' dir='ltr'>cujus</span> <span class='ocrx_word' id='word_1_367' title='bbox 1142 3052 1226 3092; x_wconf 87' lang='lat' dir='ltr'>sonus</span> <span class='ocrx_word' id='word_1_368' title='bbox 1244 3036 1340 3092; x_wconf 88' lang='lat' dir='ltr'>unicus</span> <span class='ocrx_word' id='word_1_369' title='bbox 1359 3043 1415 3105; x_wconf 88' lang='lat' dir='ltr'>est,</span> <span class='ocrx_word' id='word_1_370' title='bbox 1437 3035 1510 3093; x_wconf 89' lang='lat' dir='ltr'>modi</span> 
     </span>
     <span class='ocr_line' id='line_1_34' title="bbox 157 3112 1512 3188; baseline -0.002 -15"><span class='ocrx_word' id='word_1_371' title='bbox 157 3134 207 3174; x_wconf 87' lang='lat' dir='ltr'>seu</span> <span class='ocrx_word' id='word_1_372' title='bbox 224 3112 353 3174; x_wconf 81' lang='lat' dir='ltr'>tonorum</span> <span class='ocrx_word' id='word_1_373' title='bbox 371 3118 473 3175; x_wconf 80' lang='lat' dir='ltr'>formae</span> <span class='ocrx_word' id='word_1_374' title='bbox 491 3118 579 3173; x_wconf 89' lang='lat' dir='ltr'>omnis</span> <span class='ocrx_word' id='word_1_375' title='bbox 597 3133 710 3188; x_wconf 82' lang='lat' dir='ltr'>expers3</span> <span class='ocrx_word' id='word_1_376' title='bbox 729 3118 822 3188; x_wconf 84' lang='lat' dir='ltr'>itaque</span> <span class='ocrx_word' id='word_1_377' title='bbox 840 3124 931 3173; x_wconf 81' lang='lat' dir='ltr'>movet</span> <span class='ocrx_word' id='word_1_378' title='bbox 948 3117 1035 3187; x_wconf 87' lang='lat' dir='ltr'>primo</span> <span class='ocrx_word' id='word_1_379' title='bbox 1054 3115 1238 3185; x_wconf 76' lang='lat' dir='ltr'>magnitudine</span> <span class='ocrx_word' id='word_1_380' title='bbox 1246 3116 1307 3185; x_wconf 86' lang='lat' dir='ltr'>ipsa</span> <span class='ocrx_word' id='word_1_381' title='bbox 1318 3115 1379 3173; x_wconf 86' lang='lat' dir='ltr'>soni</span> <span class='ocrx_word' id='word_1_382' title='bbox 1389 3116 1512 3177; x_wconf 81' lang='lat' dir='ltr'>materia·</span> 
     </span>
     <span class='ocr_line' id='line_1_35' title="bbox 156 3195 1513 3267; baseline -0.001 -16"><span class='ocrx_word' id='word_1_383' title='bbox 156 3196 218 3252; x_wconf 81' lang='lat' dir='ltr'>liter</span> <span class='ocrx_word' id='word_1_384' title='bbox 236 3196 312 3264; x_wconf 87' lang='lat' dir='ltr'>(iacit</span> <span class='ocrx_word' id='word_1_385' title='bbox 331 3197 401 3253; x_wconf 89' lang='lat' dir='ltr'>enim</span> <span class='ocrx_word' id='word_1_386' title='bbox 420 3198 546 3252; x_wconf 90' lang='lat' dir='ltr'>subsilire</span> <span class='ocrx_word' id='word_1_387' title='bbox 563 3196 734 3266; x_wconf 84' lang='lat' dir='ltr'>praecordis,</span> <span class='ocrx_word' id='word_1_388' title='bbox 757 3196 796 3251; x_wconf 90' lang='lat' dir='ltr'>sic</span> <span class='ocrx_word' id='word_1_389' title='bbox 815 3206 846 3252; x_wconf 92' lang='lat' dir='ltr'>ut</span> <span class='ocrx_word' id='word_1_390' title='bbox 862 3212 947 3252; x_wconf 91' lang='lat' dir='ltr'>sonus</span> <span class='ocrx_word' id='word_1_391' title='bbox 969 3211 1083 3265; x_wconf 81' lang='lat' dir='ltr'>magnus</span> <span class='ocrx_word' id='word_1_392' title='bbox 1101 3196 1243 3251; x_wconf 84' lang='lat' dir='ltr'>caritatem</span> <span class='ocrx_word' id='word_1_393' title='bbox 1265 3196 1374 3252; x_wconf 90' lang='lat' dir='ltr'>subiens</span> <span class='ocrx_word' id='word_1_394' title='bbox 1391 3195 1513 3267; x_wconf 87' lang='lat' dir='ltr'>psalterii</span> 
     </span>
     <span class='ocr_line' id='line_1_36' title="bbox 158 3270 1513 3344; baseline -0.001 -12"><span class='ocrx_word' id='word_1_395' title='bbox 158 3284 207 3332; x_wconf 91' lang='lat' dir='ltr'>aut</span> <span class='ocrx_word' id='word_1_396' title='bbox 225 3275 370 3331; x_wconf 71' lang='lat' dir='ltr'>metudinis</span> <span class='ocrx_word' id='word_1_397' title='bbox 388 3275 505 3331; x_wconf 86' lang='lat' dir='ltr'>chordas</span> <span class='ocrx_word' id='word_1_398' title='bbox 523 3270 652 3332; x_wconf 78' lang='lat' dir='ltr'>resonare</span> <span class='ocrx_word' id='word_1_399' title='bbox 670 3274 736 3330; x_wconf 88' lang='lat' dir='ltr'>lacit</span> <span class='ocrx_word' id='word_1_400' title='bbox 752 3274 870 3331; x_wconf 85' lang='lat' dir='ltr'>intactas</span> <span class='ocrx_word' id='word_1_401' title='bbox 888 3290 906 3328; x_wconf 89' lang='lat' dir='ltr'>a</span> <span class='ocrx_word' id='word_1_402' title='bbox 923 3274 1052 3344; x_wconf 84' lang='lat' dir='ltr'>plectro),</span> <span class='ocrx_word' id='word_1_403' title='bbox 1071 3272 1169 3333; x_wconf 88' lang='lat' dir='ltr'>deinde</span> <span class='ocrx_word' id='word_1_404' title='bbox 1180 3274 1306 3344; x_wconf 77' lang='lat' dir='ltr'>rhythmo</span> <span class='ocrx_word' id='word_1_405' title='bbox 1325 3291 1373 3330; x_wconf 90' lang='lat' dir='ltr'>seu</span> <span class='ocrx_word' id='word_1_406' title='bbox 1386 3291 1513 3333; x_wconf 84' lang='lat' dir='ltr'>measure</span> 
     </span>
     <span class='ocr_line' id='line_1_37' title="bbox 158 3351 1587 3427; baseline -0.001 -18"><span class='ocrx_word' id='word_1_407' title='bbox 158 3352 296 3424; x_wconf 89' lang='lat' dir='ltr'>pulsuum.</span> <span class='ocrx_word' id='word_1_408' title='bbox 332 3354 478 3409; x_wconf 73' lang='lat' dir='ltr'>Etmanes</span> <span class='ocrx_word' id='word_1_409' title='bbox 496 3370 530 3409; x_wconf 82' lang='grc' dir='ltr'>ιι</span> <span class='ocrx_word' id='word_1_410' title='bbox 548 3355 757 3427; x_wconf 87' lang='lat' dir='ltr'>hujusqnidem</span> <span class='ocrx_word' id='word_1_411' title='bbox 774 3354 921 3409; x_wconf 89' lang='lat' dir='ltr'>rudimenti</span> <span class='ocrx_word' id='word_1_412' title='bbox 941 3352 1058 3409; x_wconf 90' lang='lat' dir='ltr'>musices</span> <span class='ocrx_word' id='word_1_413' title='bbox 1076 3367 1142 3409; x_wconf 85' lang='lat' dir='ltr'>cura</span> <span class='ocrx_word' id='word_1_414' title='bbox 1159 3351 1340 3408; x_wconf 87' lang='lat' dir='ltr'>contemnitur</span> <span class='ocrx_word' id='word_1_415' title='bbox 1355 3352 1384 3407; x_wconf 91' lang='lat' dir='ltr'>in</span> <span class='ocrx_word' id='word_1_416' title='bbox 1402 3353 1511 3425; x_wconf 91' lang='lat' dir='ltr'>quibus·</span> <span class='ocrx_word' id='word_1_417' title='bbox 1584 3402 1587 3407; x_wconf 91' lang='lat'>.</span> 
     </span>
     <span class='ocr_line' id='line_1_38' title="bbox 160 3431 1512 3504; baseline 0.001 -18"><span class='ocrx_word' id='word_1_418' title='bbox 160 3431 222 3486; x_wconf 88' lang='lat' dir='ltr'>dam</span> <span class='ocrx_word' id='word_1_419' title='bbox 240 3431 400 3486; x_wconf 86' lang='lat' dir='ltr'>Germaniae</span> <span class='ocrx_word' id='word_1_420' title='bbox 418 3433 576 3502; x_wconf 83' lang='lat' dir='ltr'>provinciis3</span> <span class='ocrx_word' id='word_1_421' title='bbox 603 3442 646 3489; x_wconf 93' lang='lat' dir='ltr'>est</span> <span class='ocrx_word' id='word_1_422' title='bbox 663 3434 734 3489; x_wconf 92' lang='lat' dir='ltr'>enim</span> <span class='ocrx_word' id='word_1_423' title='bbox 751 3434 799 3489; x_wconf 92' lang='lat' dir='ltr'>ubi</span> <span class='ocrx_word' id='word_1_424' title='bbox 816 3434 845 3490; x_wconf 90' lang='lat' dir='ltr'>in</span> <span class='ocrx_word' id='word_1_425' title='bbox 863 3434 966 3504; x_wconf 90' lang='lat' dir='ltr'>nuptiis</span> <span class='ocrx_word' id='word_1_426' title='bbox 985 3431 1157 3503; x_wconf 89' lang='lat' dir='ltr'>popularium</span> <span class='ocrx_word' id='word_1_427' title='bbox 1179 3439 1308 3500; x_wconf 89' lang='lat' dir='ltr'>tympano</span> <span class='ocrx_word' id='word_1_428' title='bbox 1330 3431 1407 3488; x_wconf 90' lang='lat' dir='ltr'>locus</span> <span class='ocrx_word' id='word_1_429' title='bbox 1426 3432 1512 3488; x_wconf 67' lang='lat' dir='ltr'>datur,</span> 
     </span>
     <span class='ocr_line' id='line_1_39' title="bbox 158 3511 748 3569; baseline 0 0"><span class='ocrx_word' id='word_1_430' title='bbox 158 3511 220 3569; x_wconf 85' lang='lat' dir='ltr'>ullis</span> <span class='ocrx_word' id='word_1_431' title='bbox 239 3512 348 3567; x_wconf 87' lang='lat' dir='ltr'>musicis</span> <span class='ocrx_word' id='word_1_432' title='bbox 366 3512 553 3567; x_wconf 88' lang='lat' dir='ltr'>instrumentis</span> <span class='ocrx_word' id='word_1_433' title='bbox 571 3511 748 3569; x_wconf 84' lang='lat' dir='ltr'>interdicitur.</span> 
     </span>
    </p>

    <p class='ocr_par' dir='ltr' id='par_1_8' title="bbox 248 3602 1512 3676">
     <span class='ocr_line' id='line_1_40' title="bbox 248 3602 1512 3676; baseline -0.004 -12"><span class='ocrx_word' id='word_1_434' title='bbox 248 3610 322 3664; x_wconf 79' lang='lat' dir='ltr'>Nota</span> <span class='ocrx_word' id='word_1_435' title='bbox 339 3606 389 3661; x_wconf 91' lang='lat'><em>111.</em></span> <span class='ocrx_word' id='word_1_436' title='bbox 425 3606 599 3663; x_wconf 84' lang='lat' dir='ltr'>Ptolemaeus</span> <span class='ocrx_word' id='word_1_437' title='bbox 616 3624 710 3663; x_wconf 90' lang='lat' dir='ltr'>omues</span> <span class='ocrx_word' id='word_1_438' title='bbox 729 3616 809 3663; x_wconf 90' lang='lat' dir='ltr'>tonos</span> <span class='ocrx_word' id='word_1_439' title='bbox 826 3607 908 3663; x_wconf 91' lang='lat' dir='ltr'>trium</span> <span class='ocrx_word' id='word_1_440' title='bbox 925 3608 992 3664; x_wconf 87' lang='lat' dir='ltr'>lucit</span> <span class='ocrx_word' id='word_1_441' title='bbox 1009 3622 1151 3676; x_wconf 76' lang='lat' dir='ltr'>generum3</span> <span class='ocrx_word' id='word_1_442' title='bbox 1169 3603 1236 3658; x_wconf 84' lang='lat' dir='ltr'>milri</span> <span class='ocrx_word' id='word_1_443' title='bbox 1252 3602 1280 3657; x_wconf 90' lang='lat' dir='ltr'>in</span> <span class='ocrx_word' id='word_1_444' title='bbox 1292 3603 1346 3658; x_wconf 91' lang='lat' dir='ltr'>hoc</span> <span class='ocrx_word' id='word_1_445' title='bbox 1358 3618 1440 3673; x_wconf 89' lang='lat' dir='ltr'>opere</span> <span class='ocrx_word' id='word_1_446' title='bbox 1458 3605 1512 3660; x_wconf 90' lang='lat' dir='ltr'>duo</span> 
     </span>
    </p>
   </div>
   <div class='ocr_carea' id='block_1_7' title="bbox 61 3682 1511 3759">
    <p class='ocr_par' dir='ltr' id='par_1_9' title="bbox 61 3682 1511 3759">
     <span class='ocr_line' id='line_1_41' title="bbox 61 3682 1511 3759; baseline -0.003 -15"><span class='ocrx_word' id='word_1_447' title='bbox 61 3732 67 3751; x_wconf 83' lang='grc'><strong>.</strong></span> <span class='ocrx_word' id='word_1_448' title='bbox 159 3704 276 3759; x_wconf 61' lang='lat' dir='ltr'>genem</span> <span class='ocrx_word' id='word_1_449' title='bbox 303 3685 400 3741; x_wconf 89' lang='lat' dir='ltr'>durum</span> <span class='ocrx_word' id='word_1_450' title='bbox 422 3694 450 3739; x_wconf 86' lang='lat' dir='ltr'>et</span> <span class='ocrx_word' id='word_1_451' title='bbox 473 3686 567 3753; x_wconf 88' lang='lat' dir='ltr'>molle,</span> <span class='ocrx_word' id='word_1_452' title='bbox 598 3694 662 3741; x_wconf 87' lang='lat' dir='ltr'>suut</span> <span class='ocrx_word' id='word_1_453' title='bbox 679 3686 749 3741; x_wconf 89' lang='lat' dir='ltr'>duae</span> <span class='ocrx_word' id='word_1_454' title='bbox 766 3695 894 3742; x_wconf 88' lang='lat' dir='ltr'>tonorum</span> <span class='ocrx_word' id='word_1_455' title='bbox 913 3686 1086 3745; x_wconf 83' lang='lat' dir='ltr'>differentiae</span> <span class='ocrx_word' id='word_1_456' title='bbox 1107 3691 1202 3740; x_wconf 73' lang='lat' dir='ltr'>conus</span> <span class='ocrx_word' id='word_1_457' title='bbox 1222 3698 1252 3737; x_wconf 93' lang='lat' dir='ltr'>se</span> <span class='ocrx_word' id='word_1_458' title='bbox 1274 3682 1349 3751; x_wconf 88' lang='lat' dir='ltr'>ipsos</span> <span class='ocrx_word' id='word_1_459' title='bbox 1372 3683 1511 3746; x_wconf 58' lang='lat' dir='ltr'>disemus</span> 
     </span>
    </p>
   </div>
   <div class='ocr_carea' id='block_1_8' title="bbox 158 3762 1513 4152">
    <p class='ocr_par' dir='ltr' id='par_1_10' title="bbox 158 3762 1513 4152">
     <span class='ocr_line' id='line_1_42' title="bbox 158 3762 1512 3837; baseline -0.004 -13"><span class='ocrx_word' id='word_1_460' title='bbox 158 3769 228 3824; x_wconf 85' lang='lat' dir='ltr'>Nam</span> <span class='ocrx_word' id='word_1_461' title='bbox 247 3767 349 3837; x_wconf 70' lang='lat' dir='ltr'>pumirs</span> <span class='ocrx_word' id='word_1_462' title='bbox 367 3773 396 3821; x_wconf 88' lang='lat' dir='ltr'>et</span> <span class='ocrx_word' id='word_1_463' title='bbox 414 3764 557 3835; x_wconf 88' lang='lat' dir='ltr'>secundus,</span> <span class='ocrx_word' id='word_1_464' title='bbox 576 3766 686 3835; x_wconf 88' lang='lat' dir='ltr'>quintus</span> <span class='ocrx_word' id='word_1_465' title='bbox 704 3774 733 3821; x_wconf 90' lang='lat' dir='ltr'>et</span> <span class='ocrx_word' id='word_1_466' title='bbox 750 3767 883 3836; x_wconf 88' lang='lat' dir='ltr'>septimus</span> <span class='ocrx_word' id='word_1_467' title='bbox 902 3782 936 3821; x_wconf 82' lang='lat' dir='ltr'>ex</span> <span class='ocrx_word' id='word_1_468' title='bbox 955 3765 1110 3837; x_wconf 80' lang='lat' dir='ltr'>vulgaribus</span> <span class='ocrx_word' id='word_1_469' title='bbox 1128 3770 1235 3820; x_wconf 83' lang='lat' dir='ltr'>tautum</span> <span class='ocrx_word' id='word_1_470' title='bbox 1253 3770 1317 3817; x_wconf 87' lang='lat' dir='ltr'>sunt</span> <span class='ocrx_word' id='word_1_471' title='bbox 1328 3763 1433 3831; x_wconf 80' lang='lat' dir='ltr'>generis</span> <span class='ocrx_word' id='word_1_472' title='bbox 1446 3762 1512 3818; x_wconf 87' lang='lat' dir='ltr'>mol·</span> 
     </span>
     <span class='ocr_line' id='line_1_43' title="bbox 158 3842 1513 3916; baseline -0.005 -13"><span class='ocrx_word' id='word_1_473' title='bbox 158 3848 208 3916; x_wconf 92' lang='lat' dir='ltr'>lis,</span> <span class='ocrx_word' id='word_1_474' title='bbox 236 3845 367 3915; x_wconf 88' lang='lat' dir='ltr'>septimus</span> <span class='ocrx_word' id='word_1_475' title='bbox 386 3852 414 3900; x_wconf 90' lang='lat' dir='ltr'>et</span> <span class='ocrx_word' id='word_1_476' title='bbox 431 3851 543 3900; x_wconf 84' lang='grc' dir='ltr'>ιιιιιιι</span> <span class='ocrx_word' id='word_1_477' title='bbox 569 3852 675 3901; x_wconf 86' lang='grc' dir='ltr'>ιιιιιιι</span> <span class='ocrx_word' id='word_1_478' title='bbox 693 3846 799 3914; x_wconf 82' lang='lat' dir='ltr'>generis</span> <span class='ocrx_word' id='word_1_479' title='bbox 818 3845 891 3915; x_wconf 90' lang='lat' dir='ltr'>duri;</span> <span class='ocrx_word' id='word_1_480' title='bbox 917 3846 969 3900; x_wconf 89' lang='lat' dir='ltr'>soli</span> <span class='ocrx_word' id='word_1_481' title='bbox 987 3846 1084 3901; x_wconf 87' lang='lat' dir='ltr'>tertius</span> <span class='ocrx_word' id='word_1_482' title='bbox 1103 3853 1131 3901; x_wconf 90' lang='lat' dir='ltr'>et</span> <span class='ocrx_word' id='word_1_483' title='bbox 1149 3854 1263 3913; x_wconf 81' lang='lat' dir='ltr'>quartus</span> <span class='ocrx_word' id='word_1_484' title='bbox 1286 3844 1425 3912; x_wconf 76' lang='lat' dir='ltr'>ambigunt</span> <span class='ocrx_word' id='word_1_485' title='bbox 1441 3842 1513 3897; x_wconf 88' lang='lat' dir='ltr'>iuter</span> 
     </span>
     <span class='ocr_line' id='line_1_44' title="bbox 158 3922 1513 3996; baseline -0.005 -14"><span class='ocrx_word' id='word_1_486' title='bbox 158 3934 304 3993; x_wconf 86' lang='lat' dir='ltr'>utrumque</span> <span class='ocrx_word' id='word_1_487' title='bbox 321 3939 417 3991; x_wconf 74' lang='lat' dir='ltr'>genus.</span> <span class='ocrx_word' id='word_1_488' title='bbox 452 3924 592 3981; x_wconf 85' lang='lat' dir='ltr'>Potestats</span> <span class='ocrx_word' id='word_1_489' title='bbox 609 3927 680 3980; x_wconf 84' lang='lat' dir='ltr'>enim</span> <span class='ocrx_word' id='word_1_490' title='bbox 696 3925 836 3981; x_wconf 89' lang='lat' dir='ltr'>imitantur</span> <span class='ocrx_word' id='word_1_491' title='bbox 853 3941 939 3994; x_wconf 74' lang='lat' dir='ltr'>genus</span> <span class='ocrx_word' id='word_1_492' title='bbox 957 3926 1047 3993; x_wconf 83' lang='lat' dir='ltr'>molle,</span> <span class='ocrx_word' id='word_1_493' title='bbox 1065 3928 1157 3996; x_wconf 87' lang='lat' dir='ltr'>specie</span> <span class='ocrx_word' id='word_1_494' title='bbox 1180 3942 1228 3983; x_wconf 90' lang='lat' dir='ltr'>seu</span> <span class='ocrx_word' id='word_1_495' title='bbox 1246 3925 1322 3981; x_wconf 80' lang='lat' dir='ltr'>clave</span> <span class='ocrx_word' id='word_1_496' title='bbox 1339 3922 1513 3992; x_wconf 87' lang='lat' dir='ltr'>systematica</span> 
     </span>
     <span class='ocr_line' id='line_1_45' title="bbox 159 3998 1511 4075; baseline -0.004 -15"><span class='ocrx_word' id='word_1_497' title='bbox 159 4021 245 4074; x_wconf 81' lang='lat' dir='ltr'>genus</span> <span class='ocrx_word' id='word_1_498' title='bbox 264 4002 370 4057; x_wconf 90' lang='lat' dir='ltr'>durum.</span> <span class='ocrx_word' id='word_1_499' title='bbox 408 4003 497 4058; x_wconf 83' lang='lat' dir='ltr'>Causa</span> <span class='ocrx_word' id='word_1_500' title='bbox 513 4002 597 4072; x_wconf 76' lang='lat' dir='ltr'>buius</span> <span class='ocrx_word' id='word_1_501' title='bbox 615 4004 778 4061; x_wconf 78' lang='lat' dir='ltr'>diversitatis</span> <span class='ocrx_word' id='word_1_502' title='bbox 795 4005 868 4061; x_wconf 89' lang='lat' dir='ltr'>inter</span> <span class='ocrx_word' id='word_1_503' title='bbox 885 4020 928 4060; x_wconf 91' lang='lat' dir='ltr'>me</span> <span class='ocrx_word' id='word_1_504' title='bbox 942 4012 975 4060; x_wconf 83' lang='lat' dir='ltr'>et</span> <span class='ocrx_word' id='word_1_505' title='bbox 992 4004 1179 4063; x_wconf 84' lang='lat' dir='ltr'>Ptolemaeum</span> <span class='ocrx_word' id='word_1_506' title='bbox 1196 4012 1246 4075; x_wconf 89' lang='lat' dir='ltr'>est,</span> <span class='ocrx_word' id='word_1_507' title='bbox 1268 4005 1333 4072; x_wconf 88' lang='lat' dir='ltr'>quia</span> <span class='ocrx_word' id='word_1_508' title='bbox 1349 4003 1409 4071; x_wconf 91' lang='lat' dir='ltr'>ipse</span> <span class='ocrx_word' id='word_1_509' title='bbox 1427 3998 1511 4069; x_wconf 85' lang='lat' dir='ltr'>respi-</span> 
     </span>
     <span class='ocr_line' id='line_1_46' title="bbox 163 4080 974 4152; baseline -0.001 -12"><span class='ocrx_word' id='word_1_510' title='bbox 163 4085 200 4140; x_wconf 90' lang='lat' dir='ltr'>cit</span> <span class='ocrx_word' id='word_1_511' title='bbox 216 4081 253 4136; x_wconf 89' lang='lat' dir='ltr'>ad</span> <span class='ocrx_word' id='word_1_512' title='bbox 268 4080 321 4135; x_wconf 88' lang='lat' dir='ltr'>tris</span> <span class='ocrx_word' id='word_1_513' title='bbox 337 4096 438 4149; x_wconf 81' lang='lat' dir='ltr'>genera</span> <span class='ocrx_word' id='word_1_514' title='bbox 455 4080 618 4152; x_wconf 84' lang='lat' dir='ltr'>artificialia,</span> <span class='ocrx_word' id='word_1_515' title='bbox 637 4098 686 4152; x_wconf 80' lang='lat' dir='ltr'>ego</span> <span class='ocrx_word' id='word_1_516' title='bbox 705 4084 740 4139; x_wconf 90' lang='lat' dir='ltr'>ad</span> <span class='ocrx_word' id='word_1_517' title='bbox 758 4084 813 4139; x_wconf 92' lang='lat' dir='ltr'>duo</span> <span class='ocrx_word' id='word_1_518' title='bbox 831 4084 974 4141; x_wconf 84' lang='lat' dir='ltr'>usturslia.</span> 
     </span>
    </p>
   </div>
   <div class='ocr_carea' id='block_1_9' title="bbox 246 4174 1510 4251">
    <p class='ocr_par' dir='ltr' id='par_1_11' title="bbox 246 4174 1510 4251">
     <span class='ocr_line' id='line_1_47' title="bbox 246 4174 1510 4251; baseline -0.003 -17"><span class='ocrx_word' id='word_1_519' title='bbox 246 4179 320 4235; x_wconf 88' lang='lat' dir='ltr'>Nota</span> <span class='ocrx_word' id='word_1_520' title='bbox 337 4176 383 4233; x_wconf 74' lang='lat' dir='ltr'>tv,</span> <span class='ocrx_word' id='word_1_521' title='bbox 419 4179 451 4232; x_wconf 88' lang='lat' dir='ltr'>ln</span> <span class='ocrx_word' id='word_1_522' title='bbox 470 4186 616 4249; x_wconf 81' lang='lat' dir='ltr'>systemate</span> <span class='ocrx_word' id='word_1_523' title='bbox 635 4187 745 4235; x_wconf 82' lang='lat' dir='ltr'>octavae</span> <span class='ocrx_word' id='word_1_524' title='bbox 763 4179 887 4246; x_wconf 87' lang='lat' dir='ltr'>naturali,</span> <span class='ocrx_word' id='word_1_525' title='bbox 906 4180 987 4249; x_wconf 89' lang='lat' dir='ltr'>quale</span> <span class='ocrx_word' id='word_1_526' title='bbox 1004 4196 1057 4235; x_wconf 77' lang='lat' dir='ltr'>vox</span> <span class='ocrx_word' id='word_1_527' title='bbox 1070 4181 1188 4239; x_wconf 89' lang='lat' dir='ltr'>humana</span> <span class='ocrx_word' id='word_1_528' title='bbox 1206 4187 1329 4251; x_wconf 88' lang='lat' dir='ltr'>pererrat</span> <span class='ocrx_word' id='word_1_529' title='bbox 1347 4174 1510 4233; x_wconf 88' lang='lat' dir='ltr'>modulando</span> 
     </span>
    </p>
   </div>
   <div class='ocr_carea' id='block_1_10' title="bbox 46 4256 1594 4408">
    <p class='ocr_par' dir='ltr' id='par_1_12' title="bbox 46 4256 1594 4408">
     <span class='ocr_line' id='line_1_48' title="bbox 46 4256 1511 4333; baseline -0.005 -16"><span class='ocrx_word' id='word_1_530' title='bbox 46 4320 52 4333; x_wconf 39' lang='lat'><strong><em>¹</em></strong></span> <span class='ocrx_word' id='word_1_531' title='bbox 160 4261 313 4317; x_wconf 74' lang='lat' dir='ltr'>mundonem</span> <span class='ocrx_word' id='word_1_532' title='bbox 331 4259 457 4328; x_wconf 89' lang='lat' dir='ltr'>aliquam,</span> <span class='ocrx_word' id='word_1_533' title='bbox 476 4270 540 4314; x_wconf 88' lang='grc' dir='ltr'>ιιιιι</span> <span class='ocrx_word' id='word_1_534' title='bbox 555 4259 616 4316; x_wconf 88' lang='lat' dir='ltr'>loca</span> <span class='ocrx_word' id='word_1_535' title='bbox 633 4261 694 4330; x_wconf 84' lang='lat' dir='ltr'>ists,</span> <span class='ocrx_word' id='word_1_536' title='bbox 713 4260 746 4329; x_wconf 79' lang='lat' dir='ltr'>(i,</span> <span class='ocrx_word' id='word_1_537' title='bbox 765 4276 792 4328; x_wconf 80' lang='lat' dir='ltr'>u,</span> <span class='ocrx_word' id='word_1_538' title='bbox 812 4262 836 4327; x_wconf 88' lang='lat' dir='ltr'>b,</span> <span class='ocrx_word' id='word_1_539' title='bbox 855 4276 877 4328; x_wconf 89' lang='lat' dir='ltr'>c,</span> <span class='ocrx_word' id='word_1_540' title='bbox 896 4260 923 4327; x_wconf 84' lang='lat' dir='ltr'>d,</span> <span class='ocrx_word' id='word_1_541' title='bbox 942 4276 964 4328; x_wconf 86' lang='lat' dir='ltr'>e,</span> <span class='ocrx_word' id='word_1_542' title='bbox 981 4261 1002 4328; x_wconf 75' lang='lat' dir='ltr'>f,</span> <span class='ocrx_word' id='word_1_543' title='bbox 1019 4278 1045 4330; x_wconf 82' lang='lat' dir='ltr'>p,</span> <span class='ocrx_word' id='word_1_544' title='bbox 1065 4258 1174 4316; x_wconf 80' lang='lat' dir='ltr'>diversa</span> <span class='ocrx_word' id='word_1_545' title='bbox 1192 4267 1220 4315; x_wconf 90' lang='lat' dir='ltr'>et</span> <span class='ocrx_word' id='word_1_546' title='bbox 1235 4261 1289 4316; x_wconf 90' lang='lat' dir='ltr'>situ</span> <span class='ocrx_word' id='word_1_547' title='bbox 1307 4274 1356 4314; x_wconf 90' lang='lat' dir='ltr'>seu</span> <span class='ocrx_word' id='word_1_548' title='bbox 1368 4256 1511 4312; x_wconf 86' lang='lat' dir='ltr'>altitudine</span> 
     </span>
     <span class='ocr_line' id='line_1_49' title="bbox 160 4337 1594 4408; baseline -0.007 -11"><span class='ocrx_word' id='word_1_549' title='bbox 160 4341 329 4408; x_wconf 79' lang='lat' dir='ltr'>differentia,</span> <span class='ocrx_word' id='word_1_550' title='bbox 355 4350 383 4394; x_wconf 89' lang='lat' dir='ltr'>et</span> <span class='ocrx_word' id='word_1_551' title='bbox 401 4340 453 4394; x_wconf 91' lang='lat' dir='ltr'>sibi</span> <span class='ocrx_word' id='word_1_552' title='bbox 470 4348 565 4395; x_wconf 89' lang='lat' dir='ltr'>mutuo</span> <span class='ocrx_word' id='word_1_553' title='bbox 583 4340 734 4395; x_wconf 88' lang='lat' dir='ltr'>succedunt</span> <span class='ocrx_word' id='word_1_554' title='bbox 760 4338 830 4393; x_wconf 90' lang='lat' dir='ltr'>serie</span> <span class='ocrx_word' id='word_1_555' title='bbox 849 4337 966 4406; x_wconf 86' lang='lat' dir='ltr'>quadam</span> <span class='ocrx_word' id='word_1_556' title='bbox 990 4338 1195 4407; x_wconf 87' lang='lat' dir='ltr'>sortiunturque</span> <span class='ocrx_word' id='word_1_557' title='bbox 1217 4337 1430 4408; x_wconf 86' lang='lat' dir='ltr'>permutationes</span> <span class='ocrx_word' id='word_1_558' title='bbox 1448 4340 1510 4388; x_wconf 91' lang='lat' dir='ltr'>con·</span> <span class='ocrx_word' id='word_1_559' title='bbox 1590 4352 1594 4359; x_wconf 55' lang='lat'>=</span> 
     </span>
    </p>
   </div>
   <div class='ocr_carea' id='block_1_11' title="bbox 159 4412 1511 4962">
    <p class='ocr_par' dir='ltr' id='par_1_13' title="bbox 159 4412 1511 4962">
     <span class='ocr_line' id='line_1_50' title="bbox 160 4412 1511 4490; baseline -0.006 -16"><span class='ocrx_word' id='word_1_560' title='bbox 160 4429 266 4487; x_wconf 84' lang='lat' dir='ltr'>suetas,</span> <span class='ocrx_word' id='word_1_561' title='bbox 285 4436 335 4490; x_wconf 89' lang='lat' dir='ltr'>per</span> <span class='ocrx_word' id='word_1_562' title='bbox 353 4419 484 4475; x_wconf 81' lang='lat' dir='ltr'>concinna</span> <span class='ocrx_word' id='word_1_563' title='bbox 502 4434 539 4474; x_wconf 89' lang='lat' dir='ltr'>sc.</span> <span class='ocrx_word' id='word_1_564' title='bbox 557 4417 714 4487; x_wconf 81' lang='lat' dir='ltr'>intervalla,</span> <span class='ocrx_word' id='word_1_565' title='bbox 733 4433 803 4487; x_wconf 89' lang='lat' dir='ltr'>quae</span> <span class='ocrx_word' id='word_1_566' title='bbox 821 4425 886 4472; x_wconf 89' lang='lat' dir='ltr'>sunt</span> <span class='ocrx_word' id='word_1_567' title='bbox 903 4424 984 4471; x_wconf 88' lang='lat' dir='ltr'>tonus</span> <span class='ocrx_word' id='word_1_568' title='bbox 1002 4416 1101 4485; x_wconf 88' lang='lat' dir='ltr'>major,</span> <span class='ocrx_word' id='word_1_569' title='bbox 1119 4425 1200 4472; x_wconf 91' lang='lat' dir='ltr'>tonus</span> <span class='ocrx_word' id='word_1_570' title='bbox 1218 4417 1313 4485; x_wconf 87' lang='lat' dir='ltr'>minor,</span> <span class='ocrx_word' id='word_1_571' title='bbox 1332 4412 1511 4470; x_wconf 86' lang='lat' dir='ltr'>semitonium.</span> 
     </span>
     <span class='ocr_line' id='line_1_51' title="bbox 161 4493 1510 4570; baseline -0.005 -16"><span class='ocrx_word' id='word_1_572' title='bbox 161 4500 259 4570; x_wconf 87' lang='lat' dir='ltr'>Itaque</span> <span class='ocrx_word' id='word_1_573' title='bbox 276 4499 390 4555; x_wconf 82' lang='lat' dir='ltr'>mutatio</span> <span class='ocrx_word' id='word_1_574' title='bbox 408 4498 505 4553; x_wconf 77' lang='lat' dir='ltr'>toniG</span> <span class='ocrx_word' id='word_1_575' title='bbox 521 4497 549 4551; x_wconf 89' lang='lat' dir='ltr'>in</span> <span class='ocrx_word' id='word_1_576' title='bbox 566 4504 669 4567; x_wconf 83' lang='grc' dir='ltr'>ιιιιιι,</span> <span class='ocrx_word' id='word_1_577' title='bbox 689 4496 768 4565; x_wconf 89' lang='lat' dir='ltr'>cujus</span> <span class='ocrx_word' id='word_1_578' title='bbox 787 4505 904 4567; x_wconf 77' lang='lat' dir='ltr'>systema</span> <span class='ocrx_word' id='word_1_579' title='bbox 923 4494 1011 4563; x_wconf 79' lang='lat' dir='ltr'>surgit</span> <span class='ocrx_word' id='word_1_580' title='bbox 1028 4495 1062 4549; x_wconf 90' lang='lat' dir='ltr'>sb</span> <span class='ocrx_word' id='word_1_581' title='bbox 1080 4513 1111 4561; x_wconf 86' lang='lat' dir='ltr'>o,</span> <span class='ocrx_word' id='word_1_582' title='bbox 1131 4494 1163 4549; x_wconf 86' lang='lat' dir='ltr'>fit</span> <span class='ocrx_word' id='word_1_583' title='bbox 1173 4510 1224 4564; x_wconf 90' lang='lat' dir='ltr'>per</span> <span class='ocrx_word' id='word_1_584' title='bbox 1235 4502 1355 4551; x_wconf 89' lang='lat' dir='ltr'>tonumc</span> <span class='ocrx_word' id='word_1_585' title='bbox 1372 4493 1510 4562; x_wconf 70' lang='lat' dir='ltr'>maiorem,</span> 
     </span>
     <span class='ocr_line' id='line_1_52' title="bbox 159 4573 1511 4648; baseline -0.006 -14"><span class='ocrx_word' id='word_1_586' title='bbox 159 4580 206 4648; x_wconf 90' lang='lat' dir='ltr'>qui</span> <span class='ocrx_word' id='word_1_587' title='bbox 224 4587 267 4634; x_wconf 89' lang='lat' dir='ltr'>est</span> <span class='ocrx_word' id='word_1_588' title='bbox 284 4578 356 4632; x_wconf 89' lang='lat' dir='ltr'>iuter</span> <span class='ocrx_word' id='word_1_589' title='bbox 374 4576 411 4643; x_wconf 80' lang='lat' dir='ltr'>d,</span> <span class='ocrx_word' id='word_1_590' title='bbox 439 4593 470 4643; x_wconf 86' lang='lat' dir='ltr'>o,</span> <span class='ocrx_word' id='word_1_591' title='bbox 495 4574 543 4629; x_wconf 82' lang='lat' dir='ltr'>sed</span> <span class='ocrx_word' id='word_1_592' title='bbox 561 4575 675 4630; x_wconf 89' lang='lat' dir='ltr'>mutatio</span> <span class='ocrx_word' id='word_1_593' title='bbox 694 4576 752 4629; x_wconf 92' lang='lat' dir='ltr'>toni</span> <span class='ocrx_word' id='word_1_594' title='bbox 777 4591 812 4629; x_wconf 84' lang='lat' dir='ltr'>ex</span> <span class='ocrx_word' id='word_1_595' title='bbox 831 4594 845 4632; x_wconf 87' lang='lat' dir='ltr'>e</span> <span class='ocrx_word' id='word_1_596' title='bbox 868 4576 896 4630; x_wconf 91' lang='lat' dir='ltr'>in</span> <span class='ocrx_word' id='word_1_597' title='bbox 914 4582 1009 4630; x_wconf 86' lang='lat' dir='ltr'>tonum</span> <span class='ocrx_word' id='word_1_598' title='bbox 1027 4589 1061 4627; x_wconf 86' lang='lat' dir='ltr'>ex</span> <span class='ocrx_word' id='word_1_599' title='bbox 1078 4573 1141 4641; x_wconf 72' lang='lat' dir='ltr'>fili</span> <span class='ocrx_word' id='word_1_600' title='bbox 1162 4590 1212 4643; x_wconf 87' lang='lat' dir='ltr'>per</span> <span class='ocrx_word' id='word_1_601' title='bbox 1229 4573 1412 4639; x_wconf 90' lang='lat' dir='ltr'>semitonium,</span> <span class='ocrx_word' id='word_1_602' title='bbox 1439 4588 1511 4641; x_wconf 88' lang='lat' dir='ltr'>quae</span> 
     </span>
     <span class='ocr_line' id='line_1_53' title="bbox 160 4650 1511 4722; baseline -0.006 -9"><span class='ocrx_word' id='word_1_603' title='bbox 160 4667 226 4714; x_wconf 89' lang='lat' dir='ltr'>sunt</span> <span class='ocrx_word' id='word_1_604' title='bbox 241 4655 385 4713; x_wconf 83' lang='lat' dir='ltr'>intervalla</span> <span class='ocrx_word' id='word_1_605' title='bbox 402 4662 538 4710; x_wconf 82' lang='lat' dir='ltr'>consueta</span> <span class='ocrx_word' id='word_1_606' title='bbox 574 4653 644 4708; x_wconf 87' lang='lat' dir='ltr'>Nam</span> <span class='ocrx_word' id='word_1_607' title='bbox 661 4653 834 4709; x_wconf 78' lang='lat' dir='ltr'>Ptolemaeus</span> <span class='ocrx_word' id='word_1_608' title='bbox 851 4653 922 4709; x_wconf 89' lang='lat' dir='ltr'>libro</span> <span class='ocrx_word' id='word_1_609' title='bbox 941 4651 1061 4709; x_wconf 87' lang='lat' dir='ltr'>secundo</span> <span class='ocrx_word' id='word_1_610' title='bbox 1078 4653 1167 4722; x_wconf 88' lang='lat' dir='ltr'>capite</span> <span class='ocrx_word' id='word_1_611' title='bbox 1180 4656 1223 4709; x_wconf 86' lang='lat' dir='ltr'>il</span> <span class='ocrx_word' id='word_1_612' title='bbox 1237 4650 1438 4719; x_wconf 83' lang='lat' dir='ltr'>demonstrarit,</span> <span class='ocrx_word' id='word_1_613' title='bbox 1456 4667 1511 4706; x_wconf 90' lang='lat' dir='ltr'>nou</span> 
     </span>
     <span class='ocr_line' id='line_1_54' title="bbox 160 4730 1511 4804; baseline -0.005 -12"><span class='ocrx_word' id='word_1_614' title='bbox 160 4744 235 4792; x_wconf 85' lang='lat' dir='ltr'>recte</span> <span class='ocrx_word' id='word_1_615' title='bbox 251 4735 319 4801; x_wconf 86' lang='lat' dir='ltr'>lieri</span> <span class='ocrx_word' id='word_1_616' title='bbox 338 4734 412 4803; x_wconf 90' lang='lat' dir='ltr'>quod</span> <span class='ocrx_word' id='word_1_617' title='bbox 430 4733 513 4804; x_wconf 87' lang='lat' dir='ltr'>aliqui</span> <span class='ocrx_word' id='word_1_618' title='bbox 531 4732 632 4788; x_wconf 85' lang='lat' dir='ltr'>iaciant</span> <span class='ocrx_word' id='word_1_619' title='bbox 649 4732 798 4799; x_wconf 89' lang='lat' dir='ltr'>quemlibet</span> <span class='ocrx_word' id='word_1_620' title='bbox 815 4740 911 4789; x_wconf 90' lang='lat' dir='ltr'>tonum</span> <span class='ocrx_word' id='word_1_621' title='bbox 929 4731 1010 4789; x_wconf 86' lang='lat' dir='ltr'>asibi</span> <span class='ocrx_word' id='word_1_622' title='bbox 1021 4734 1145 4801; x_wconf 81' lang='lat' dir='ltr'>proximo</span> <span class='ocrx_word' id='word_1_623' title='bbox 1158 4732 1266 4788; x_wconf 79' lang='lat' dir='ltr'>differre</span> <span class='ocrx_word' id='word_1_624' title='bbox 1279 4730 1429 4797; x_wconf 82' lang='lat' dir='ltr'>semitonio,</span> <span class='ocrx_word' id='word_1_625' title='bbox 1448 4747 1511 4786; x_wconf 88' lang='lat' dir='ltr'>cum</span> 
     </span>
     <span class='ocr_line' id='line_1_55' title="bbox 161 4810 1508 4882; baseline -0.004 -12"><span class='ocrx_word' id='word_1_626' title='bbox 161 4815 230 4870; x_wconf 83' lang='lat' dir='ltr'>haec</span> <span class='ocrx_word' id='word_1_627' title='bbox 246 4814 343 4871; x_wconf 68' lang='lat' dir='ltr'>dirimo</span> <span class='ocrx_word' id='word_1_628' title='bbox 362 4812 514 4882; x_wconf 75' lang='lat' dir='ltr'>systematis</span> <span class='ocrx_word' id='word_1_629' title='bbox 532 4816 644 4867; x_wconf 82' lang='lat' dir='ltr'>octavae</span> <span class='ocrx_word' id='word_1_630' title='bbox 662 4812 700 4879; x_wconf 87' lang='lat' dir='ltr'>(iu</span> <span class='ocrx_word' id='word_1_631' title='bbox 713 4811 857 4867; x_wconf 87' lang='lat' dir='ltr'>semitonia</span> <span class='ocrx_word' id='word_1_632' title='bbox 874 4829 911 4867; x_wconf 89' lang='lat' dir='ltr'>sc.</span> <span class='ocrx_word' id='word_1_633' title='bbox 928 4812 968 4879; x_wconf 74' lang='lat'>12,</span> <span class='ocrx_word' id='word_1_634' title='bbox 987 4811 1043 4865; x_wconf 75' lang='grc' dir='ltr'>ιι·</span> <span class='ocrx_word' id='word_1_635' title='bbox 1034 4827 1088 4880; x_wconf 92' lang='lat' dir='ltr'>1ps1</span> <span class='ocrx_word' id='word_1_636' title='bbox 1081 4810 1237 4880; x_wconf 60' lang='lat' dir='ltr'>uolebant)</span> <span class='ocrx_word' id='word_1_637' title='bbox 1256 4828 1310 4866; x_wconf 90' lang='lat' dir='ltr'>non</span> <span class='ocrx_word' id='word_1_638' title='bbox 1322 4811 1358 4865; x_wconf 90' lang='lat' dir='ltr'>sit</span> <span class='ocrx_word' id='word_1_639' title='bbox 1369 4814 1508 4877; x_wconf 64' lang='lat' dir='ltr'>consueta</span> 
     </span>
     <span class='ocr_line' id='line_1_56' title="bbox 163 4880 1511 4962; baseline -0.007 -9"><span class='ocrx_word' id='word_1_640' title='bbox 163 4880 217 4953; x_wconf 80' lang='lat' dir='ltr'>boc</span> <span class='ocrx_word' id='word_1_641' title='bbox 238 4902 289 4950; x_wconf 87' lang='lat' dir='ltr'>est</span> <span class='ocrx_word' id='word_1_642' title='bbox 306 4908 362 4955; x_wconf 89' lang='lat' dir='ltr'>nun</span> <span class='ocrx_word' id='word_1_643' title='bbox 384 4891 531 4961; x_wconf 73' lang='grc' dir='ltr'>ιιιιιιιιι,</span> <span class='ocrx_word' id='word_1_644' title='bbox 556 4902 686 4960; x_wconf 81' lang='lat' dir='ltr'>qnantum</span> <span class='ocrx_word' id='word_1_645' title='bbox 707 4890 742 4949; x_wconf 85' lang='lat' dir='ltr'>ad</span> <span class='ocrx_word' id='word_1_646' title='bbox 766 4891 874 4948; x_wconf 83' lang='lat' dir='ltr'>unicam</span> <span class='ocrx_word' id='word_1_647' title='bbox 892 4890 1017 4961; x_wconf 84' lang='lat' dir='ltr'>aliquam</span> <span class='ocrx_word' id='word_1_648' title='bbox 1038 4891 1259 4949; x_wconf 77' lang='lat' dir='ltr'>moduhtomm.</span> <span class='ocrx_word' id='word_1_649' title='bbox 1300 4890 1370 4947; x_wconf 82' lang='lat' dir='ltr'>Nam</span> <span class='ocrx_word' id='word_1_650' title='bbox 1393 4894 1511 4962; x_wconf 83' lang='lat' dir='ltr'>systema</span> 
     </span>
    </p>
   </div>
   <div class='ocr_carea' id='block_1_12' title="bbox 0 0 1788 5625">
    <p class='ocr_par' dir='ltr' id='par_1_14' title="bbox 0 0 1788 5625">
     <span class='ocr_line' id='line_1_57' title="bbox 0 0 1788 5625; baseline 0 0"><span class='ocrx_word' id='word_1_651' title='bbox 0 0 1788 5625; x_wconf 95' lang='lat' dir='ltr'> </span> 
     </span>
    </p>
   </div>
  </div>
 </body>
</html>
