3567 5625
306 421 368 489 382
815 417 962 477 Ptolemaei
979 417 1134 478 Harmonia.
1408 422 1416 456 ¹

237 641 241 648 f
303 609 400 663 sumta
414 601 509 661 mlrrus
524 593 595 676 quid
608 601 684 675 sura,
700 613 788 677 quam
805 600 963 678 residuum,
978 604 1007 661 in
1022 604 1120 680 specie
1136 605 1218 662 tensa
1234 600 1325 684 dieta3
1341 602 1392 680 qnl
1408 597 1533 679 deniqne
1548 605 1650 661 curant

304 693 464 764 maximos,
495 689 558 747 sive
581 690 631 764 qni
653 689 765 747 rursurri
788 687 826 749 ad
849 690 975 749 maxima
997 688 1192 749 intervallos
1221 689 1312 751 'Parra
1339 695 1555 767 consequantur
1586 688 1649 747 sive

304 777 341 839 ad
363 775 492 850 minima,
515 774 669 834 diatonicis
691 775 1005 852 accommodabuntur,
1028 775 1109 854 quod
1131 779 1159 835 iu
1184 779 1219 837 iis
1241 776 1401 838 secundum
1423 794 1527 855 genus,
1549 771 1648 837 inten-

304 879 373 924 sum·
393 864 516 936 dictum,
539 878 725 939 nequaquam
748 862 806 922 duo
828 863 983 926 interualla
1006 865 1119 941 reliquo
1141 864 1362 939 miserarium,
1385 875 1414 926 et
1436 867 1507 942 qnia
1528 867 1560 922 in
1581 864 1650 923 nni-

305 969 421 1013 versum
451 951 520 1012 nlnc
544 965 638 1027 genus
668 948 904 1026 enharmonium,
936 951 1005 1012 inde
1036 969 1172 1013 cursuum
1203 954 1392 1013 brevissimus
1426 952 1591 1029 deprimunt
1621 959 1649 1011 et
1698 1021 1701 1030 Α

303 1039 478 1102 contrahunt
505 1035 565 1097 illic
599 1044 733 1109 matun,
755 1038 803 1097 bic
826 1038 1016 1113 celeritatem,
1049 1039 1228 1100 diatonicum
1252 1056 1321 1099 vero
1344 1049 1373 1101 et
1393 1057 1530 1101 cursuum
1553 1041 1650 1099 maxi·

262 1135 267 1146 '
303 1143 368 1186 mas
397 1126 539 1185 diducunt
569 1131 599 1184 et
629 1122 771 1194 dilatant,
806 1125 1017 1187 clrroniaticnar
1047 1125 1165 1187 tandem
1195 1137 1225 1187 et
1252 1144 1354 1186 cursus
1375 1128 1531 1233 mediocris
1552 1125 1650 1186 locum

301 1211 518 1291 quodammodo
540 1205 667 1272 medium
689 1215 762 1271 inter
784 1221 915 1274 exesura
936 1211 1090 1292 reuemW)

387 1317 460 1377 Nota
478 1321 498 1374 1
534 1319 614 1375 Haud
632 1320 714 1390 paulo
737 1320 833 1377 melius
857 1335 929 1377 nnnc
947 1322 1042 1392 incipit
1059 1321 1232 1378 Ptolemaeus
1254 1320 1456 1392 philosophari,
1483 1322 1547 1376 dnm
1566 1322 1648 1379 misse

301 1412 376 1460 motu
401 1401 487 1472 primo
507 1397 603 1455 diurne
621 1400 686 1469 ,iqui
703 1416 733 1454 re
752 1416 815 1454 vera
832 1399 970 1460 volutione
988 1399 1105 1457 Telluris
1131 1400 1239 1469 accidit)
1266 1399 1363 1455 transit
1380 1399 1415 1455 ad
1433 1401 1568 1457 secundos
1587 1417 1649 1457 rere

301 1481 441 1544 coelestes,
459 1486 486 1535 et
504 1478 699 1534 mutationibus
717 1477 933 1549 intervallorum,
952 1495 1022 1552 quae
1040 1479 1200 1548 confingunt
1218 1481 1246 1534 in
1264 1478 1309 1548 iis,
1333 1484 1472 1549 comparat
1489 1480 1647 1535 uarietatem

300 1578 428 1635 generum
446 1565 542 1616 cantum
559 1573 577 1613 a
594 1557 730 1613 vetenbus
749 1565 922 1627 usurpatam3
948 1561 998 1616 etsi
1020 1567 1127 1628 portam
1146 1557 1181 1613 ali
1198 1556 1388 1628 philosophiae
1405 1560 1544 1630 mysteria,
1568 1575 1649 1629 quam

298 1639 408 1710 reperit,
425 1654 479 1692 non
496 1635 654 1707 ingreditur,
672 1651 738 1692 suae
756 1635 893 1694 felicitatis
911 1638 971 1709 ipse
988 1638 1107 1707 ignarus.
1128 1637 1327 1708 Praetereaque
1345 1645 1373 1694 et
1389 1638 1490 1695 titubat
1507 1638 1582 1695 varie
1599 1642 1648 1694 irn-

299 1717 440 1792 pingitque
457 1715 485 1770 in
502 1716 670 1773 harmonicus
688 1716 828 1773 salebrosa
845 1719 897 1783 via,
915 1734 965 1787 per
982 1733 1109 1772 numeros
1120 1716 1270 1782 incedente,
1288 1717 1407 1772 nondum
1426 1717 1568 1787 explorata
1585 1734 1649 1773 rere

299 1805 327 1853 et
343 1796 408 1853 trita
426 1796 522 1851 semita
538 1801 589 1864 per
605 1792 706 1864 figuras
723 1794 828 1865 planas.

367 1894 441 1947 bleta
457 1883 490 1946 ll.
525 1891 595 1946 Nam
606 1891 702 1961 primo,
720 1908 775 1961 quo
793 1892 882 1948 medio
897 1891 1072 1949 Ptolemaeus
1088 1893 1118 1948 in
1129 1892 1277 1948 traditione
1294 1892 1512 1950 harmonicorum
1523 1899 1649 1952 vetem

299 1969 490 2038 oetmcborda,
517 1970 544 2024 in
562 1970 631 2025 baec
648 1968 755 2026 diversa
780 1987 881 2040 genera
907 1971 1116 2041 transformata,
1144 1971 1215 2026 inter
1231 1970 1394 2026 mconcinna
1410 1971 1523 2042 rejecit,
1551 1974 1648 2031 ιοιιειιι

297 2048 386 2106 medio
404 2055 432 2105 et
450 2064 501 2118 ego
519 2049 687 2105 Ptolemaios
704 2051 890 2112 tetrachorda,
909 2052 1020 2120 rejectis
1039 2052 1196 2114 eubsdtuta
1215 2059 1244 2107 et
1262 2052 1371 2107 omnino
1389 2067 1490 2122 genera
1506 2053 1569 2122 ipsa
1586 2057 1649 2122 (nisi

297 2129 327 2184 in
345 2135 482 2198 quantum
494 2127 660 2196 respondent
676 2136 771 2186 nosue
790 2129 882 2185 cantui
901 2129 969 2184 duro
997 2139 1025 2184 et
1043 2129 1128 2201 molli)
1156 2138 1187 2185 nt
1203 2130 1366 2186 inconcinna
1379 2139 1421 2194 ,et
1438 2149 1493 2187 non
1511 2135 1648 2191 naturalia

296 2205 399 2276 rejicio.
434 2204 486 2259 llle
513 2205 621 2275 quidem
649 2204 705 2260 suis
731 2206 774 2261 hic
801 2206 877 2262 falsis
903 2208 1042 2278 principiis
1069 2217 1098 2263 et
1123 2208 1301 2263 numeralium
1324 2209 1461 2264 ιιιιοιιιιιιι
1477 2209 1589 2266 familiis
1606 2219 1650 2267 est

299 2301 381 2353 usus,
409 2299 459 2353 ego
478 2286 545 2341 meis
563 2284 632 2339 reris
651 2285 791 2355 principiis
809 2295 837 2343 et
854 2287 1031 2344 monochordi
1050 2289 1214 2345 sectionibus
1233 2295 1311 2356 utar,
1338 2304 1410 2356 quae
1426 2304 1482 2343 non
1500 2285 1648 2344 admittunt

298 2367 346 2424 illa
362 2364 505 2422 interualla
521 2363 688 2420 Ptolemaios
705 2366 777 2421 inter
794 2367 934 2423 concinna
957 2368 1007 2422 llle
1025 2369 1131 2424 aurium
1146 2368 1278 2436 judicium
1296 2365 1369 2420 circa
1387 2365 1436 2421 illa
1454 2368 1648 2424 constituenda

298 2445 451 2504 contemtim
470 2444 580 2513 babuit,
608 2461 659 2513 ego
676 2445 744 2499 illud
762 2446 803 2501 rel
822 2446 938 2500 maxime
964 2447 1020 2515 pati
1048 2463 1160 2515 possum
1187 2444 1309 2513 adeoque
1327 2454 1425 2501 testem
1451 2445 1540 2500 babeo
1559 2454 1647 2503 tetum

299 2542 385 2598 genus
403 2525 559 2592 humanum,
577 2524 656 2592 cnjus
674 2525 808 2595 interpres
826 2524 988 2581 Plutarchus
1008 2525 1107 2580 alicubi
1125 2531 1332 2589 commemorat,
1348 2525 1405 2589 jam
1423 2542 1475 2580 sua
1491 2531 1586 2579 aetate
1601 2540 1647 2595 pe

297 2606 372 2666 nitus
389 2603 503 2660 desiisse
521 2620 608 2672 genus
625 2604 829 2674 enharmonium
847 2621 899 2659 nec
909 2603 1022 2672 intelligi
1041 2602 1158 2674 amplius
1177 2603 1308 2672 putruisse,
1326 2603 1409 2673 quale
1425 2604 1517 2659 luerit.
1541 2602 1645 2657 Similia

298 2683 453 2741 Macrobius
471 2684 498 2737 in
517 2682 656 2738 Somnium
675 2682 818 2753 Scipionis,
836 2681 985 2738 Plutarcho
1005 2682 1148 2751 posterior,
1168 2682 1202 2736 de
1221 2698 1271 2737 sua
1290 2690 1380 2737 aetate
1397 2682 1488 2737 refert.
1516 2684 1554 2736 At
1571 2684 1645 2752 qued

297 2771 396 2819 natura
413 2762 603 2833 implantatum
621 2755 852 2829 est'hominibns‚
880 2777 935 2817 non
953 2759 1102 2829 amittitur,
1130 2760 1177 2815 sed
1201 2760 1290 2818 excoli
1316 2762 1399 2832 inque
1416 2758 1504 2817 lucem
1531 2761 1648 2830 proferri

299 2843 448 2898 consuerit
468 2841 505 2897 Et
522 2850 553 2895 ιιι
570 2842 639 2905 dem,
656 2841 704 2895 illa
722 2843 774 2895 tria
790 2857 891 2908 genera
909 2855 970 2894 esse
988 2849 1172 2899 consentanea
1190 2841 1281 2895 cantui
1300 2840 1340 2906 (ιιι
1358 2839 1381 2893 si
1399 2841 1462 2910 quis
1479 2841 1648 2898 mordentias

296 2926 405 2977 nostras
423 2929 472 2977 aut
489 2920 631 2977 tremulam
649 2921 722 2975 roris
741 2919 917 2974 vibrationem
935 2926 1039 2987 partem
1059 2919 1124 2973 velit
1142 2920 1232 2975 iacere
1249 2921 1357 2987 generis
1375 2921 1562 2989 enharmonii),
1582 2920 1647 2991 qnid

297 3000 367 3055 baec
384 2998 544 3079 irregularia
561 2998 597 3053 ad
615 2998 816 3067 regularissima
833 2998 1016 3067 perlectorum
1035 2992 1228 3053 concinnerunt
1245 2999 1396 3070 principia?

365 3074 438 3141 Nota
456 3085 505 3140 lll.
542 3086 608 3140 Jure
626 3087 707 3140 etium
726 3086 777 3141 boc
795 3101 927 3176 quaeras,
954 3102 1017 3141 cunr
1033 3084 1207 3142 Ptolemaeus
1225 3089 1396 3147 antecedenti
1414 3098 1443 3144 et
1458 3090 1586 3158 sequenti
1605 3105 1647 3146 ca·

297 3166 401 3237 pitibus
418 3165 453 3220 de
470 3173 545 3220 motu
563 3165 649 3235 primo
668 3171 739 3232 agat,
758 3182 806 3219 cnr
821 3164 878 3233 jam
897 3166 924 3219 in
942 3170 1032 3221 metus
1050 3164 1202 3221 altitudinis
1219 3166 1329 3234 negotio
1343 3167 1461 3243 animun
1478 3168 1508 3224 in
1519 3169 1646 3225 secundis

297 3245 414 3315 mutibus
433 3251 526 3299 teneat
543 3246 728 3312 occupatum?
763 3246 824 3301 Etsi
842 3246 896 3300 boc
913 3261 980 3303 saue
997 3247 1116 3315 optime,
1143 3243 1211 3298 illud
1235 3260 1299 3300 uero
1317 3236 1421 3298 vitiose.
1458 3247 1575 3302 Causa‘
1566 3251 1647 3321 agitur

296 3328 352 3390 est,
381 3323 445 3389 quia
463 3323 636 3388 Ptolemaeus
654 3337 688 3376 ex
709 3341 762 3378 nna
790 3334 866 3392 parte
884 3320 1006 3379 abundm
1024 3342 1078 3381 nno
1099 3339 1200 3393 genere
1218 3331 1327 3396 mutus,
1354 3323 1428 3390 quud
1446 3325 1574 3381 naturale
1592 3346 1646 3385 non

297 3411 351 3471 est,
370 3401 419 3457 sed
437 3402 610 3457 arbitrarium
628 3408 656 3456 et
673 3401 838 3469 abhorrens,
857 3420 890 3456 ex
909 3402 994 3458 altera
1013 3412 1091 3474 parte
1108 3413 1194 3475 eget,
1204 3404 1333 3473 ignorans
1351 3412 1511 3491 aspectumn
1529 3405 1645 3464 alum

296 3497 392 3550 genus,
411 3482 560 3550 quintilem,
580 3480 756 3549 biquintilern,
775 3481 903 3539 ducilem
922 3483 1079 3537 tridecilem
1115 3482 1176 3537 Non
1194 3484 1283 3552 potuit
1299 3484 1383 3550 igitur
1401 3470 1445 3537 bic
1463 3490 1557 3552 eptam
1577 3503 1645 3542 com·

295 3561 465 3629 parationem
485 3570 512 3614 et
531 3560 715 3629 superioribus
734 3561 876 3631 analogam
896 3563 997 3617 lacere.
1028 3563 1076 3615 sed
1095 3562 1206 3617 violarit
1223 3563 1299 3617 hic
1287 3581 1350 3629 Juru
1370 3564 1470 3631 alienu,
1498 3580 1645 3619 excurrens

295 3639 438 3695 admotus
464 3639 633 3707 planetarum
661 3640 800 3708 proprios,
829 3658 889 3696 cunr
909 3653 972 3697 sinte
991 3654 1017 3696 et
1045 3651 1109 3711 post
1127 3641 1161 3696 de
1179 3643 1267 3711 primu
1285 3648 1359 3694 motu
1379 3650 1451 3711 agat.
1487 3641 1546 3696 Nos
1564 3642 1646 3732 igitur

296 3719 369 3776 bunc
395 3721 454 3787 ejus
473 3719 608 3773 deiectum
628 3735 660 3773 ex
689 3718 770 3785 hujus
797 3722 889 3787 operis
917 3720 962 3773 ιιιι
982 3718 1012 3772 l.
1032 3710 1165 3790 rapite'i
1183 3735 1326 3789 possemus
1345 3718 1487 3788 supplere,
1516 3720 1540 3774 si
1558 3720 1645 3774 missis

295 3797 347 3861 hac
364 3799 423 3855 viee
441 3798 595 3853 motibus
587 3814 615 3875 ιιι
642 3797 728 3853 ultum
757 3796 813 3867 (qui
840 3806 906 3853 sunt
922 3797 1036 3871 affectus
1055 3806 1175 3854 mutuum
1203 3799 1371 3868 planetarum
1391 3798 1499 3867 quidem
1518 3800 1644 3883 omnium,

295 3874 343 3928 sed
361 3884 495 3944 qnatenus
513 3874 531 3928 ii
551 3885 615 3929 aurit
627 3868 654 3929 in
667 3874 734 3944 ipsis
753 3892 824 3943 sere,
842 3893 897 3931 non
910 3887 1071 3947 apparenter
1083 3880 1198 3947 tantum)
1218 3878 1377 3944 diceremus,
1396 3877 1449 3933 duo
1467 3895 1529 3933 esse
1547 3895 1645 3950 genera

295 3962 463 4022 aspectuum,
481 3954 594 4009 alterum
614 3972 646 4008 cx
667 3955 832 4010 duodenaria
848 3955 968 4009 sectione
987 3956 1099 4027 zodiaci,
1117 3957 1231 4013 alterum
1251 3974 1285 4013 ex
1298 3957 1422 4020 denaria,
1441 3974 1558 4026 qnorum
1577 3960 1642 4014 illud

295 4031 388 4105 generi
407 4040 503 4088 cautus
522 4032 596 4115 melli
614 4033 786 4102 respondeat,
806 4035 858 4090 hoe
876 4035 943 4088 duro
951 4035 1041 4105 ,qnia
1059 4036 1226 4092 duodenaria
1242 4036 1344 4093 zodiaci
1364 4038 1450 4092 sectio
1467 4054 1529 4093 curn
1549 4039 1644 4093 sectio

296 4112 376 4168 nibus
394 4108 512 4166 chordae
529 4106 636 4180 generis
655 4106 758 4177 mollis,
777 4110 888 4168 denaria
906 4130 970 4168 roro
989 4132 1049 4168 cum
1068 4130 1167 4185 genere
1186 4112 1254 4171 duro
1273 4116 1382 4171 easdem
1400 4112 1502 4185 figuras
1519 4117 1643 4186 progeni·

294 4187 375 4244 trices
393 4188 502 4249 babeat
521 4198 550 4245 ut
569 4189 619 4244 sub
638 4190 739 4244 exitum
759 4188 835 4247 libri
840 4193 890 4247 mei
910 4193 1159 4283 primlostcnsum3
1184 4196 1339 4264 etquidem
1361 4196 1480 4251 utdnac
1499 4196 1644 4267 figurarum

293 4268 395 4325 classes
414 4276 492 4338 sunt,
516 4270 555 4323 ita
573 4268 653 4324 etiam
673 4266 780 4323 duobus
798 4270 1003 4339 proportionum
1023 4238 1168 4343 generibus
1185 4272 1308 4343 singulae
1327 4280 1452 4343 utuntur,
1481 4274 1516 4329 ric
1534 4284 1589 4344 quo
1607 4275 1643 4328 ri

256 4396 261 4407 ,
295 4346 392 4404 deutur
409 4354 483 4404 totns
501 4360 579 4404 mens
600 4347 708 4402 liberi.

378 4436 457 4492 liuta
469 4437 516 4490 1v.
552 4435 596 4490 Ad
623 4435 851 4505 comparationem
877 4438 1091 4505 quantitativum
1110 4456 1165 4497 non
1183 4441 1298 4511 sufficit,
1326 4443 1466 4513 applicare
1490 4443 1556 4499 binc
1583 4441 1643 4499 inde

293 4516 510 4585 mallemus
523 4515 698 4582 differentias,
712 4514 859 4583 mimum,
876 4515 1003 4587 medium,
1016 4519 1162 4575 marimum
1175 4521 1264 4587 nnius,
1281 4521 1399 4592 minimo,
1413 4518 1515 4589 mbo,
1528 4529 1642 4578 mamare

293 4597 416 4654 ιιιιιιιιι.
452 4596 548 4667 Cogita
573 4595 670 4666 igitur,
698 4594 742 4651 cui
768 4596 829 4651 usui
856 4597 1024 4666 comparatio
1042 4597 1111 4655 baec
1137 4615 1268 4669 generum
1285 4616 1348 4655 cun
1372 4601 1541 4671 intervallis,
1570 4603 1641 4659 sier

293 4675 400 4731 ιιιοιιιιι
425 4674 610 4744 multudine
637 4689 764 4730 memora
789 4672 976 4730 ιιιιιιιιιιιιοιι
993 4677 1150 4745 dependet?
1185 4678 1274 4734 Multo
1296 4678 1367 4734 enim
1384 4678 1573 4736 direrslssmra
1587 4680 1641 4751 pla-

293 4760 374 4811 netae
391 4754 496 4813 iaciunt
512 4753 655 4811 intervalla
671 4753 780 4824 singuli,
798 4768 878 4824 quam
897 4753 965 4813 bueo
981 4771 1083 4824 genera
1100 4763 1206 4827 cautus,
1223 4758 1277 4812 etsi
1293 4764 1421 4815 currant
1438 4764 1468 4812 et
1483 4758 1546 4827 ipsa
1563 4762 1639 4815 istan

295 4831 375 4889 uallis
391 4834 554 4903 quibusdam
571 4833 695 4891 niminis
730 4835 856 4904 Denique
873 4833 1048 4891 Ptolemaeus
1073 4837 1193 4907 applicat
1216 4837 1361 4909 maribus
1383 4844 1482 4894 cantus
1500 4837 1639 4895 interualla

294 4911 462 4983 singulorum
479 4913 658 4983 punctatum,
675 4929 730 4969 non
747 4921 821 4971 reete
832 4918 994 4984 comparans
1012 4917 1083 4971 inter
1100 4932 1130 4971 se
1143 4914 1310 4975 diuersarum
1326 4934 1416 4973 rernm
1434 4921 1550 4988 speeies.
1576 4912 1637 4973 Tres
