3567 5625
245 511 325 575 84.
630 535 635 546 ·
684 503 1143 578 bsiigmmnmiirrnoniearuu

245 680 1592 760 mihiiaoimdnmmssminitioexbbroiseimolinollrlisemmibarammuaa

246 771 286 834 ai
308 790 448 853 praesens
470 772 635 832 institutum
655 790 753 835 meum
780 776 938 853 praecipue
966 774 1111 850 iaoemnt,
1137 773 1243 835 seriem
1269 773 1359 834 etiam
1385 786 1483 832 rernm
1512 766 1593 830 iliius

248 861 327 937 libri,
349 863 436 922 nortis
458 858 635 938 quibusdam
657 861 816 938 inuriectia
837 859 1042 939 divisionibus,
1062 864 1093 922 in
1114 859 1210 923 luoem
1229 859 1396 940 proferrem,
1419 873 1525 920 masas
1546 857 1594 916 in·

250 947 394 1024 dicarem,
426 964 477 1010 cur
507 945 652 1024 quaedam
683 946 860 1010 divisionum
887 950 1019 1011 membra
1039 948 1079 1011 ab
1100 947 1223 1011 Euclide
1244 948 1351 1009 ineunt
1373 948 1495 1008 emina:
1525 951 1596 1004 tune

247 1034 365 1098 ‹lemnm
393 1033 429 1097 (ie
452 1034 553 1112 figuris
574 1037 647 1114 ipsis
668 1034 816 1114 agendum
836 1036 900 1102 luit
945 1033 1003 1098 Ubi
1025 1049 1102 1115 qnae
1122 1036 1240 1099 inerunt
1265 1035 1305 1097 ab
1327 1032 1449 1097 Euclide
1471 1032 1595 1094 demon·

205 1155 209 1168 ι
247 1130 341 1185 strata
362 1121 531 1197 clarissimo,
554 1125 585 1181 in
605 1123 642 1184 iis
664 1123 790 1204 simplici
803 1126 1038 1203 propositionum
1051 1122 1228 1203 allegatione
1240 1122 1470 1206 contentnsviui:
1492 1118 1595 1194 multa,

249 1228 326 1289 quaa
346 1217 416 1272 aunt
436 1209 476 1272 ab
498 1208 621 1273 Euclide
643 1208 842 1274 demonstrata
864 1214 915 1273 ria
940 1211 1017 1287 alia,
1043 1219 1163 1291 prepter
1187 1211 1276 1273 iinenr
1304 1208 1378 1272 milri
1406 1209 1597 1289 prepositum.

249 1297 362 1360 seilicet
382 1304 500 1378 proptor
521 1301 769 1377 comparationem
790 1299 950 1378 figurarum
971 1299 1118 1362 scibilium
1140 1307 1171 1361 et
1191 1298 1385 1379 inscibilinm,
1411 1296 1461 1358 irio
1481 1297 1600 1358 inerunt

249 1384 416 1465 repetenda,
439 1385 488 1447 rei
509 1384 657 1464 disjuncta
677 1386 891 1467 conjungenda,
914 1387 965 1449 rel
986 1386 1058 1449 ordo
1080 1385 1247 1454 mutandus.
1283 1386 1504 1460 Definitionum,
1526 1399 1598 1462 pro·

250 1475 439 1554 positionum,
460 1471 674 1536 theorematum
696 1476 802 1538 sedem
824 1478 962 1537 continno
984 1485 1104 1537 numero
1118 1492 1185 1537 snm
1201 1474 1383 1554 complexus,
1404 1480 1438 1533 nt
1455 1474 1486 1532 in
1500 1470 1599 1549 Diop-

250 1562 330 1622 trieis
351 1560 417 1633 ieci,
439 1568 557 1638 propter
568 1559 778 1641 allegationum
799 1562 1054 1640 commoriitatem3
1075 1564 1107 1623 in
1129 1563 1202 1642 ipsis
1223 1564 1314 1625 otiam
1335 1561 1522 1625 lemmatibus
1537 1573 1599 1619 non

250 1655 403 1709 acenratns
425 1648 469 1707 ini
489 1665 543 1709 nec
564 1651 686 1711 nimium
708 1649 745 1713 ele
766 1650 924 1713 vocabulis
938 1650 1097 1727 sollicitas,
1119 1651 1215 1730 mapb
1238 1652 1268 1710 ln
1290 1666 1337 1713 res
1357 1652 1439 1729 ipaas
1460 1651 1600 1721 intentos,

253 1738 362 1814 quippe
384 1736 436 1813 qni
457 1752 516 1796 non
535 1735 599 1814 jam
620 1738 650 1796 in
671 1737 859 1817 philosophia
880 1746 1075 1818 geometram,
1102 1737 1156 1801 sel
1184 1739 1216 1798 in
1237 1738 1295 1800 bae
1315 1737 1494 1816 geometriae
1515 1741 1601 1814 parte

254 1821 464 1902 philosophum
493 1841 588 1902 agane
632 1824 732 1903 Atque
760 1828 874 1887 utinam
902 1825 939 1888 de
966 1826 1053 1888 rebus
1081 1827 1267 1905 geometricis
1298 1825 1395 1888 mbae
1421 1822 1601 1905 popularius,

254 1907 413 1971 dummodo
435 1917 465 1971 et
486 1909 592 1973 darius
621 1920 651 1973 at
677 1913 857 1992 palpabiline
878 1912 1021 1976 dimetere
1043 1915 1215 1994 potuissem.
1258 1912 1319 1975 beel
1344 1929 1447 1992 spero,
1475 1911 1602 1973 lectores

253 2014 365 2075 aeques
386 2000 416 2056 in
439 2007 562 2076 utraque
583 2016 625 2075 re,
648 2009 678 2062 et
699 2000 781 2079 qued
801 2004 980 2080 geometrica
993 2001 1173 2082 populariter
1194 2000 1288 2077 uado,
1310 2008 1341 2063 et
1361 1998 1442 2077 qnorl
1462 1999 1603 2060 materiae

257 2085 466 2147 obscuritatem
486 2085 630 2148 industria
643 2091 759 2150 vincere
774 2104 834 2150 uon
847 2093 942 2168 potul,
964 2106 1061 2152 meam
1082 2106 1203 2168 operam
1225 2088 1296 2150 boni
1310 2088 1504 2149 cemultnros.
1528 2083 1604 2162 Qni-

255 2172 312 2234 bns
335 2175 425 2234 etiarn
445 2172 503 2234 boe
525 2175 563 2237 ad
585 2182 745 2237 extremum
769 2174 807 2237 lo
830 2176 955 2251 consilii,
976 2184 1011 2238 nt
1031 2179 1058 2238 si
1078 2175 1348 2239 mathematicam
1370 2193 1466 2237 rerum
1485 2174 1604 2254 penitus

257 2262 385 2338 imperiti
406 2260 523 2336 ruerint,
551 2264 729 2325 transmissis
752 2264 987 2326 enarrationibus
1008 2266 1083 2326 meis
1113 2263 1194 2328 solas
1215 2262 1316 2343 legant
1344 2265 1559 2342 propositiones
1585 2278 1606 2320 a

126 2336 130 2354 '
256 2345 367 2410 XXX.
392 2364 488 2426 nsque
509 2347 549 2409 ai
569 2348 666 2426 finem,
690 2360 720 2412 at
741 2350 799 2412 lide
820 2349 1164 2431 propositionibna'ipsis
1185 2351 1318 2413 adbibita
1337 2353 1402 2413 sine
1423 2349 1607 2413 bonromae-

255 2437 346 2518 tioue,
369 2443 493 2513 pergant
514 2436 553 2497 ad
574 2435 666 2499 libros
688 2445 817 2514 eeteros,
846 2441 1019 2519 praesertim
1039 2439 1079 2501 ai
1100 2439 1252 2515 nltimnm3
1279 2456 1317 2501 ne
1338 2436 1511 2500 difficultate
1531 2452 1607 2515 pen·

255 2523 442 2583 metriearum
471 2526 758 2602 argumentationum
786 2526 934 2589 absterriti
965 2527 1062 2589 irnotn
1089 2543 1155 2590 sese
1180 2529 1296 2608 privent
1325 2525 1512 2589 harmonicae
1533 2539 1607 2587 con·

256 2609 458 2689 templationis
477 2610 705 2687 jucundissimo.
747 2612 834 2676 Nunc
854 2614 894 2676 ad
915 2631 977 2678 rem
998 2613 1172 2678 metamus
1193 2632 1261 2678 eum
1282 2614 1357 2677 Deo.

827 2937 1034 2952 -ὺ-

473 3198 525 3273 De
551 3197 754 3289 Figuratum
774 3148 1008 3290 ⁴liegrrlariun
1039 3201 1402 3282 demonstrationibus.

688 3402 946 3467 LDeiinitio.
995 3405 1092 3468 Plana
1118 3407 1213 3488 ligura
1243 3409 1385 3489 regularis
1411 3407 1464 3469 ilh
1495 3405 1611 3483 namt,

603 3507 680 3569 quae
707 3494 806 3552 omnia
832 3494 926 3559 lutera
956 3502 986 3554 et
1012 3512 1113 3558 omnes
1142 3496 1267 3575 angulos
1274 3542 1283 3575 ,
1316 3505 1478 3560 extroraum
1499 3511 1610 3572 versos,

602 3577 741 3657 aequales
762 3579 863 3640 habet.

687 3661 725 3718 Ut
742 3661 787 3718 bic
805 3661 919 3730 QPRO:
946 3662 1034 3720 latera
1051 3664 1111 3736 ΟΡ,
1127 3666 1189 3733 PR,
1207 3667 1268 3738 Ro,
1294 3667 1342 3738 ⁰0
1360 3675 1424 3725 aunt
1441 3664 1567 3738 repudia
1584 3673 1614 3723 et

541 3800 545 3811 ‚
600 3739 692 3811 anguli
712 3740 798 3812 orit,
816 3740 904 3810 PRO,
922 3741 1013 3812 ROQ,
1032 3745 1101 3813 OQP
1119 3747 1257 3817 aequales.
1341 3803 1346 3814 ,

686 3815 726 3874 IL
749 3814 949 3877 Definitio.
993 3818 1102 3880 Earum
1122 3822 1269 3899 quaedem
1290 3830 1359 3884 sunt
1380 3823 1491 3901 primae
1513 3828 1543 3883 et
1562 3837 1613 3881 ra·

520 3869 547 3918 R
598 3899 726 3976 dionies,
758 3919 836 3980 quae
865 3921 936 3964 euos
957 3905 1040 3983 ipsae
1061 3913 1200 3972 terminos
1227 3927 1287 3972 non
1317 3908 1475 3986 excedunt,
1505 3909 1613 3987 quibus

260 3988 376 4063 proprie
399 3992 537 4046 convenit
559 3991 658 4068 posita
679 3988 826 4051 definitio:
849 3990 996 4069 quaedum
1017 4002 1086 4056 sunt
1107 4006 1221 4076 auctae,
1245 4015 1392 4077 quaeaua
1412 3996 1614 4060 venitatem

261 4070 414 4220 secedunt,
431 4075 622 4221 tcorfiniinnatis
644 4077 770 4153 aiiqu‘us
798 4077 936 4141 radicalis
963 4079 1104 4145 lateribus
1126 4103 1185 4147 nen
1200 4088 1346 4167 contiguis
1367 4085 1407 4147 ad
1423 4102 1612 4148 concursum:

282 4175 347 4219 rcun
360 4176 430 4220 urs
484 4179 529 4223 ae.

383 4259 431 4312 ng.
446 4260 467 4303 a.
660 4286 662 4291 .
763 4265 814 4319 rae
828 4265 849 4309 a.
1079 4254 1302 4314 UtiricABcDE
1315 4262 1358 4314 eat
1376 4256 1526 4328 perfectum
1537 4259 1614 4330 qnin-

990 4335 1158 4407 quanpninm
1175 4342 1271 4409 estque
1285 4335 1477 4411 liguraprima,
1494 4354 1550 4396 non
1567 4337 1614 4395 ‹ia-

991 4411 1114 4471 siderans
1131 4415 1211 4472 sliam
1228 4416 1391 4488 perfectam,
1418 4432 1453 4474 ex
1476 4434 1531 4490 qua
1547 4435 1614 4477 eon·

991 4493 1143 4551 tinmtione
1159 4493 1275 4552 laterum
1291 4496 1464 4568 prouocatus

942 4572 961 4621 1
1008 4612 1015 4627 .
1079 4572 1117 4631 At
1139 4573 1256 4633 rum
1285 4582 1330 4634 set
1355 4575 1559 4650 quinquangnla
1587 4583 1617 4638 et

994 4647 1082 4721 flaura
1097 4660 1192 4719 aneta,
1217 4654 1380 4713 continuatis
1397 4655 1527 4717 lateribus
1543 4656 1617 4715 binis

995 4744 1052 4787 non
1073 4734 1225 4807 contiguis,
1249 4733 1324 4792 verbi
1344 4736 1493 4796 eaunAB
1515 4741 1545 4794 st
1567 4734 1617 4792 Dc
