3567 5625
790 423 931 495 Ardone
952 417 958 430 ‘
1472 433 1535 494 sss

184 604 320 664 naturali
343 612 373 666 et
394 606 554 681 conspicua
575 611 646 664 uota
668 602 838 681 dispungas,
859 601 911 664 sed
934 604 964 664 in
980 603 1183 682 dispungendo
1197 622 1277 670 ruere
1292 607 1384 668 utaris
1406 608 1536 682 arbitrio,

188 693 258 751 mibi
284 701 381 770 partes
405 695 592 756 terminorum
621 695 695 750 inter
716 709 748 751 sa
772 700 1006 769 comparatorum
1035 710 1141 769 perse
1169 695 1264 769 ipsas,
1295 697 1358 753 aine
1381 695 1536 754 arbitraria

112 785 116 792 ’
186 781 333 840 divisione
355 783 415 840 sint
438 782 622 856 conspicuae.
668 780 761 856 Igitur
784 779 840 838 lroe
856 782 906 836 21.
931 787 1020 849 textu,
1045 779 1114 838 dum
1136 779 1276 858 idipsum
1298 783 1406 856 incipio
1429 781 1536 861 dicere,

182 879 216 930 tu
240 868 435 928 stomacharis
457 868 550 927 veluti
572 885 660 943 super
682 867 914 943 importunitate
936 885 1018 939 mea,
1046 870 1171 943 rupique
1191 875 1219 926 te
1240 871 1285 927 ais
1309 869 1351 927 ad
1371 868 1536 945 defenden-

186 955 260 1014 dum
283 955 462 1030 dipaiwtem
485 957 686 1031 quotentcrii.
732 954 796 1030 Ego
821 970 906 1023 vero,
939 956 993 1013 etsi
1015 971 1073 1012 non
1097 971 1217 1032 possum
1241 955 1338 1029 aliter,
1369 974 1458 1031 quam
1482 975 1535 1017 ve·
1570 963 1577 974 “

185 1044 283 1101 notari
307 1047 457 1120 mysteria,
480 1061 557 1119 quae
581 1055 611 1100 tu
635 1043 682 1102 bic
705 1060 740 1101 ex
763 1039 951 1117 philosophia
966 1040 1167 1118 Ryruagorrea
1189 1044 1299 1120 proruis
1321 1061 1415 1119 arque
1431 1044 1537 1104 cabula
1651 1051 1654 1058 ’

185 1129 404 1205 Hebraeorum,
437 1148 496 1188 non
519 1133 654 1191 existimo
678 1142 775 1188 tarum
798 1138 827 1187 to
851 1136 984 1186 coactum
1007 1147 1026 1186 a
1048 1147 1094 1189 me
1118 1132 1231 1205 potius,
1259 1147 1347 1207 quam
1370 1125 1535 1206 invitatum,

184 1234 238 1277 nee
263 1220 381 1277 invenio
405 1217 527 1294 quidqu
528 1237 575 1290 rm,
599 1216 678 1292 qued
701 1218 914 1292 comparationi
936 1233 1019 1280 meae
1042 1216 1160 1276 officiat.
1206 1217 1258 1276 Est
1286 1220 1405 1277 omnino
1428 1236 1536 1294 magna

185 1307 364 1381 quaternarii
390 1304 533 1382 dignitas,
563 1315 594 1364 ut
616 1304 671 1368 bac
693 1321 751 1362 nen
775 1304 914 1392 obstantq
939 1306 1028 1363 situm
1058 1312 1156 1364 tamen
1188 1306 1217 1364 ιιι
1242 1312 1293 1368 tuo
1322 1305 1377 1366 luit
1404 1305 1534 1385 arbitrio,

185 1392 315 1452 dividere
342 1393 506 1468 subjectum
538 1391 659 1468 aliquod
688 1392 890 1452 harmonicum
907 1367 969 1450 rel
1001 1394 1030 1450 in
1060 1400 1186 1467 quatuor
1217 1392 1263 1451 rel
1294 1395 1383 1452 etiam
1414 1395 1530 1453 iniria.

186 1479 252 1540 Nou
282 1482 360 1540 enim
383 1483 472 1539 uteris
500 1481 610 1558 ubique
639 1480 784 1539 divisione
811 1480 1013 1554 quaternaria,
1045 1479 1189 1540 interdum
1218 1481 1270 1539 tibi
1292 1479 1392 1558 placet
1420 1489 1450 1540 et
1472 1488 1534 1540 ter·

186 1572 278 1641 naria,
303 1577 336 1626 ut
357 1570 492 1643 aequanti
515 1577 596 1628 textu
620 1571 672 1628 22.
696 1566 802 1625 indico.
848 1564 928 1640 Quid
950 1569 976 1624 si
999 1583 1054 1641 ego
1083 1575 1179 1627 tecum
1209 1571 1327 1627 ortuis
1355 1570 1448 1645 ipsius
1472 1567 1534 1627 dis·

186 1667 289 1732 putem
312 1657 482 1734 principiis?
526 1656 572 1714 Aa
597 1658 651 1714 erit
672 1653 744 1712 milri
767 1652 884 1712 difficile
908 1653 1040 1731 probare,
1063 1661 1092 1713 te
1115 1654 1171 1716 hac
1193 1653 1311 1730 quidem
1336 1658 1400 1715 rice
1421 1672 1535 1732 nequa-

183 1761 273 1818 quam
286 1745 449 1819 respexisse
465 1746 556 1820 primo
572 1740 610 1802 ad
630 1742 802 1818 dignitatern
819 1743 1005 1817 quaternarii,
1029 1739 1099 1799 dum
1114 1749 1241 1817 quatuor
1255 1742 1363 1816 gradus
1379 1745 1536 1820 opacitatis

183 1831 315 1902 exhibes,
339 1829 392 1893 aed
414 1829 581 1890 immediate
603 1828 641 1888 ad
665 1845 816 1887 numerum
839 1827 1049 1888 elementorum
1069 1828 1310 1904 quaternarium?
1353 1829 1429 1892 Nam
1445 1830 1535 1907 quid-

183 1918 254 1994 quid
284 1926 330 1977 est
357 1920 387 1975 in
414 1935 536 1978 meaasu
565 1919 720 1993 opacitatis
751 1924 844 1977 terrae
875 1932 963 1991 super
985 1918 1162 1993 opacitatem
1189 1933 1300 1992 aquae,
1332 1916 1363 1976 id
1385 1925 1463 1995 puto'
1480 1918 1534 1978 tibi

185 2023 250 2064 esse
274 2004 397 2080 madum
420 2015 567 2083 quartum,
590 2003 733 2081 quidquid
756 2003 822 2080 pius
845 2005 873 2060 in
889 2020 969 2079 aqua
990 2020 1079 2077 quam
1096 2005 1125 2064 in
1141 2006 1217 2074 aere,
1241 2005 1368 2077 tertium,
1391 2003 1536 2081 quidquid

183 2093 250 2169 plus
274 2095 303 2150 in
327 2097 394 2152 adro
417 2110 505 2168 quarn
528 2095 556 2150 in
581 2095 666 2170 igne,
687 2090 862 2164 secundum,
894 2093 958 2165 ipsu
980 2106 1052 2149 roro
1074 2092 1152 2164 ignis
1176 2090 1385 2151 tenebrositate
1411 2093 1536 2169 primunr

183 2180 289 2239 definis
312 2179 443 2256 gradum.
487 2179 570 2240 Haec
594 2179 729 2255 equidem
753 2177 901 2236 distinctio
924 2185 1045 2238 naturae
1058 2178 1150 2252 ipsius
1173 2184 1226 2251 est,
1249 2179 1273 2235 si
1288 2180 1434 2254 ponimus,
1458 2196 1535 2255 quu-

184 2272 347 2327 ternionem
377 2268 459 2325 illum
490 2267 700 2330 elementorum
729 2267 781 2324 niti
811 2274 933 2324 naturae
962 2266 1121 2342 principiis.
1166 2263 1216 2324 Sia
1238 2267 1314 2324 enirn
1344 2267 1433 2326 etiam
1456 2265 1535 2344 apud

186 2372 232 2413 me
259 2355 380 2413 diunius
402 2354 540 2431 planetae
568 2363 665 2414 motus
689 2369 747 2411 non
770 2369 802 2411 se
825 2356 904 2429 ipso,
936 2351 988 2411 sed
1012 2354 1231 2430 coruparatione
1258 2352 1430 2416 admotum
1460 2354 1537 2418 ute·

180 2445 244 2501 rius
267 2451 364 2519 partes
387 2446 507 2501 sortitur
529 2451 663 2517 quatuor,
688 2449 757 2500 tunc
779 2440 907 2514 scilicet,
942 2457 1006 2498 cum
1029 2457 1168 2500 excessus
1191 2441 1277 2502 nnius
1300 2439 1536 2517 supernitatum

182 2538 227 2590 ter
258 2531 421 2594 continetur
452 2530 482 2588 in
512 2530 602 2588 altero
634 2537 744 2589 exacte.
791 2530 831 2586 At
861 2528 989 2586 vicissim
1014 2530 1102 2588 ctiam
1131 2526 1262 2604 expende
1291 2530 1420 2587 rationes
1442 2545 1534 2601 meas,

182 2618 292 2693 quibua
320 2616 396 2680 banc
426 2620 649 2693 quaternitatem
679 2614 822 2692 graduum
851 2614 989 2676 refellam.
1042 2613 1171 2678 Primum
1203 2613 1348 2678 elementa
1377 2631 1534 2691 corporum

157 2721 241 2764 ,non
265 2713 334 2763 sunt
356 2715 497 2781 quatuor,
528 2706 629 2766 nititur
651 2719 788 2762 uumerus
812 2706 867 2762 iste
891 2702 1046 2761 Platonica
1074 2703 1171 2779 potius
1197 2701 1448 2778 symbolisatione‚
1487 2700 1536 2764 vel

183 2792 372 2854 Aristotelica
395 2791 570 2868 qualitatum
601 2792 833 2863 combinatione,
864 2791 920 2849 nisi
944 2789 1014 2865 quid
1036 2787 1156 2851 aliud
1148 2806 1245 2865 ignem
1269 2789 1414 2862 dicamus,
1445 2806 1535 2866 quam

184 2880 278 2954 illum,
302 2882 353 2956 qui
375 2879 543 2957 depascitur
565 2897 696 2958 corpora
741 2879 802 2938 Nec
825 2895 891 2937 mea
913 2887 958 2936 est
980 2881 1101 2937 novatio
1124 2879 1190 2949 ista,
1216 2880 1337 2953 negarit
1359 2876 1437 2939 idem
1459 2877 1540 2961 cer
1554 2886 1556 2893 ’

133 3002 137 3013 ,
182 2967 279 3031 danus
306 2976 374 3029 ante
405 2986 451 3029 me
481 2967 623 3044 multique
652 2966 712 3025 alii.
766 2965 798 3029 Si
828 2967 1070 3042 compositionem
1102 2966 1284 3042 respicimus,
1326 2982 1361 3025 ex
1399 2975 1475 3029 tarra
1505 2971 1536 3025 et

182 3073 264 3132 aqua
287 3063 423 3115 constmt
444 3054 609 3117 artificialia
635 3055 792 3130 pleraque,
821 3061 866 3111 est
887 3054 937 3112 ubi
961 3055 1049 3113 etiam
1074 3068 1109 3111 ex
1132 3055 1213 3123 aire,
1244 3070 1280 3112 ex
1301 3053 1370 3129 igne
1396 3052 1469 3113 nihil
1491 3052 1534 3127 fit,

184 3142 273 3203 sed
266 3144 341 3219 ignis
369 3145 468 3203 omnia
495 3144 648 3203 consumit.
694 3140 895 3216 Quaecunque
923 3142 1050 3214 vestigia
1072 3141 1138 3215 quis
1169 3140 1244 3213 iguis
1274 3146 1436 3199 monstrare
1464 3140 1536 3199 velit

183 3233 215 3295 in
238 3229 436 3304 naturalibus,
467 3248 502 3290 ea
526 3231 635 3289 formae
658 3231 757 3305 potine
779 3236 830 3286 aut
852 3230 968 3286 animae
990 3235 1074 3298 sunt,
1107 3242 1183 3301 quae
1205 3243 1265 3285 non
1288 3235 1333 3287 est
1359 3227 1535 3287 elementum

186 3335 361 3396 corporeum
393 3317 442 3376 uel
469 3319 667 3381 materiatum,
700 3325 732 3374 ut
761 3324 837 3374 terra
865 3314 913 3373 vel
941 3331 1027 3389 aqua
1079 3311 1131 3372 Sia
1160 3330 1229 3372 vero
1260 3314 1298 3372 ad
1327 3314 1535 3374 resolutionem

184 3408 304 3465 venitur
330 3421 485 3480 corporum
509 3403 695 3473 naturalium,
715 3401 909 3479 jamdudum
934 3402 1055 3471 Arabes,
1079 3398 1276 3475 chymicornm
1301 3409 1415 3467 tuorum
1439 3402 1535 3478 maJo·

182 3510 248 3567 res,
281 3494 339 3553 tria
361 3500 545 3568 agnoverunt
566 3493 723 3568 principia:
750 3489 811 3561 sal,
840 3488 963 3567 sulphur
985 3498 1015 3548 et
1037 3489 1225 3560 mercurium,
1254 3498 1340 3565 puto,
1363 3505 1480 3549 terreum
1505 3490 1534 3547 in

120 3564 133 3584 ‘
186 3581 246 3641 boc
269 3588 388 3639 secutos
411 3582 584 3643 mercurium
608 3579 725 3647 dixisse,
749 3575 889 3653 quiequid
912 3574 1040 3639 exhalat.
1064 3572 1143 3649 quod
1160 3574 1312 3635 odoratum
1335 3583 1448 3647 movet3
1470 3574 1535 3634 aul-

184 3667 275 3746 phur,¹
299 3684 358 3741 quo
381 3670 510 3744 pascitur
532 3668 663 3739 flamma;
686 3664 744 3735 sal,
773 3663 853 3739 quod
876 3668 944 3738 post
967 3660 1225 3734 conflagrationem
1247 3656 1356 3729 residet
1377 3664 1406 3719 in
1429 3665 1535 3722 cineri·

183 3758 250 3815 bus.
298 3753 352 3813 liis
375 3756 463 3830 igitur
485 3754 654 3814 auctoribus
678 3754 754 3827 ignis
776 3759 909 3809 vastator
931 3761 984 3822 est,
1009 3747 1193 3822 diviserant,
1217 3747 1375 3809 dissolutor
1390 3756 1442 3821 est,
1466 3767 1535 3826 pars

184 3843 317 3919 corporis
340 3842 419 3900 baud
443 3852 498 3902 est
540 3841 668 3901 Multa
660 3856 689 3898 ιιι
713 3838 789 3897 banc
811 3837 987 3899 sententiam
1010 3835 1151 3911 disputari
1175 3844 1308 3914 possent,
1338 3853 1414 3912 quae
1437 3845 1533 3896 tamen

185 3931 275 4007 hujus
299 3929 356 3988 loci
379 3947 437 3988 non
460 3936 505 3989 ost
519 3930 661 4005 prolixius
677 3925 830 4003 explicare
876 3923 1068 4000 Quaternario
1083 3925 1172 3997 igitur
1190 3924 1399 3984 elementorum
1415 3940 1535 3985 numero

184 4019 346 4093 dissipato,
376 4004 488 4077 deletur
518 4018 606 4075 etiarn
636 4012 783 4072 distinctio
814 4014 871 4070 ista
895 4010 1077 4111 qualitatum
1107 4028 1346 4088 quarumcunque
1376 4015 1405 4071 iu
1427 4011 1535 4088 padus

186 4114 326 4182 quatuor.
344 4103 485 4169 Deinde
508 4106 558 4179 qui
581 4101 689 4204 gradus
713 4100 839 4179 alieuJus
861 4099 902 4163 rei
925 4105 1067 4171 numerat,
1093 4098 1119 4157 is
1141 4116 1198 4158 non
1223 4099 1339 4177 debet
1332 4117 1361 4157 ιιι
1384 4117 1536 4161 numerum

187 4194 296 4252 reterre
328 4192 374 4251 vel
397 4193 582 4266 negationem
611 4191 651 4249 rei
675 4205 793 4266 puram,
822 4185 871 4245 rel
898 4185 1043 4247 infinitum
1065 4187 1226 4262 quippiam.
1274 4188 1348 4245 At·
1342 4205 1370 4245 m
1393 4186 1439 4245 his
1468 4189 1535 4259 tuis,

184 4280 328 4351 Robore,
360 4278 501 4355 madibus
530 4279 616 4338 video
646 4280 675 4335 in
705 4284 782 4336 terra
803 4275 989 4349 negationem
1016 4271 1234 4345 Innumeram,
1265 4274 1453 4347 obscuritatis
1476 4275 1535 4335 rirn

185 4367 331 4432 infinitam
364 4375 393 4428 et
426 4365 610 4426 illimitatam.
660 4364 726 4425 Hoc
760 4361 878 4440 perinde
912 4369 968 4434 est,
999 4376 1035 4419 ue
1067 4362 1093 4419 si
1123 4363 1189 4436 quia
1223 4359 1345 4432 diceret,
1379 4359 1536 4436 cujuslibet

185 4457 285 4516 lineae
308 4463 366 4515 tres
389 4472 453 4522 esse
476 4461 583 4531 partes,
608 4459 746 4528 punctum
770 4451 854 4523 initii,
877 4449 986 4507 lineam
1009 4451 1104 4523 ipsam
1127 4457 1156 4506 ct
1178 4457 1316 4525 punctum
1339 4448 1435 4508 finale.
1480 4449 1535 4505 At-

191 4562 249 4619 que
280 4543 370 4617 bujus
400 4542 529 4602 delecms
551 4541 764 4599 contessionem
792 4536 884 4596 veluti
908 4533 1056 4610 quandam
1082 4534 1226 4595 babemus
1257 4539 1373 4612 inipso
1403 4537 1535 4597 oratione

188 4642 258 4703 tua,
290 4647 355 4691 cum
379 4633 422 4691 ais
445 4637 560 4691 terrum
583 4645 702 4702 porum
725 4627 772 4684 set
792 4624 870 4687 eust
891 4624 1001 4682 bebere
1021 4623 1140 4700 smarnos
1169 4639 1222 4681 reu
1244 4622 1318 4681 lucis
1346 4623 1481 4697 oioifleue
1501 4626 1536 4685 iu

186 4737 227 4777 ae.
274 4717 375 4777 Tertio
405 4720 431 4775 si
463 4716 622 4791 qualitates
653 4717 732 4791 ipsas
755 4728 922 4782 sumamus,
953 4709 1162 4787 ineptueillae
1185 4709 1368 4769 invenientur
1397 4707 1435 4768 ad
1458 4709 1536 4777 lrunp

187 4806 418 4882 quaternarium.
463 4804 494 4863 Si
526 4803 621 4861 lucam
651 4804 814 4873 intuamur,
841 4799 924 4857 nulla
946 4796 996 4856 lux
1018 4803 1063 4855 est
1089 4798 1120 4855 in
1146 4800 1214 4857 abra
1243 4798 1331 4859 insita
1358 4803 1387 4867 et
1409 4799 1534 4874 propria,

186 4894 271 4954 nulla
293 4895 322 4951 in
344 4909 441 4970 aqua,
470 4889 550 4951 nulla
573 4891 602 4949 in
625 4895 718 4966 terra3
747 4891 772 4947 si
796 4885 1042 4965 pelluciditateur,
1072 4901 1108 4951 ea
1138 4886 1168 4943 in
1191 4885 1309 4949 aethere
1331 4886 1458 4949 maxima
1480 4891 1534 4965 est,
