3567 5625
766 418 909 489 spungia.
1185 419 1191 440 ‘
1445 424 1507 484 tot

158 598 302 669 Robertc,
334 618 409 677 qnae
437 599 514 659 barre
536 599 622 658 nobis
650 599 862 658 contessionem
891 605 1055 673 extorquet·
1096 595 1182 672 Quod
1205 611 1358 675 corporum
1381 599 1509 676 quinque

159 687 310 763 quodlibet
332 696 475 748 mmotur
497 705 533 746 ea
554 689 632 750 olio.
663 694 812 762 tunquam
833 686 913 762 tilius
936 702 971 744 ea
992 693 1094 762 petre,
1124 686 1172 744 uel
1193 687 1296 743 minua
1327 702 1364 744 ea·
1384 689 1508 759 maiori,

159 792 212 834 nec
244 779 423 850 geometriae
446 774 586 852 figuratae
609 784 835 833 consentaneum
867 782 925 845 est,
957 789 1012 832 nec
1041 775 1114 833 meis
1144 773 1387 833 enarrationibus.
1432 774 1509 834 Nam
1570 769 1574 776 ’

159 862 325 921 tetraidron
350 881 386 922 ex
408 864 485 922 cubo
507 864 582 921 sumi
606 862 666 920 dixi
688 864 879 937 geometrice,
911 869 1052 935 tanquam
1076 861 1169 920 Evam
1198 879 1234 920 ex
1259 860 1390 934 Adamo;
1422 862 1510 922 intel·

161 949 226 1024 tigit
249 950 482 1029 similitudinem,
504 954 554 1026 qni
577 951 721 1008 rationem
744 950 940 1024 inscriptionis
957 947 1036 1006 illius
1059 950 1087 1005 in
1113 947 1169 1007 boc
1184 947 1332 1024 intelligit.
1370 947 1510 1010 Dodeca·

161 1036 250 1096 lidron
281 1054 352 1096 vero
381 1056 416 1097 ex
446 1037 504 1096 iliis
529 1036 661 1110 duobus,
694 1045 727 1095 ut
749 1036 841 1094 filium
865 1053 901 1095 ex
925 1043 1049 1110 utroque
1080 1044 1200 1111 parente
1229 1037 1298 1094 orirt
1321 1035 1445 1112 largior,
1479 1047 1510 1098 at

160 1141 218 1182 non
252 1133 284 1183 ut
313 1128 416 1184 minua
446 1143 483 1185 ea
509 1127 632 1198 maiori.
676 1123 750 1182 Nam
782 1125 893 1180 ratione
917 1123 1114 1196 figurationis,
1143 1122 1200 1182 hoc
1229 1133 1273 1181 est
1304 1125 1509 1199 inscriptionis,

160 1211 256 1286 majus
285 1221 330 1270 est
362 1211 562 1272 dodecabdron
596 1212 691 1284 cubo,
724 1213 873 1286 quantitas
905 1225 974 1274 vero
997 1208 1155 1286 figurarum
1187 1211 1347 1268 inmundo
1377 1229 1435 1271 noo
1465 1223 1510 1272 est

160 1318 195 1358 ex
224 1298 414 1373 figuratione,
444 1299 496 1360 scd
526 1317 563 1358 ex
584 1300 761 1358 necessitate
790 1299 886 1373 spatii.
933 1295 1061 1356 Rursum
1093 1296 1249 1357 ootaiidron
1280 1304 1309 1357 et
1339 1299 1510 1360 icosae'dron

160 1387 276 1444 feminis
300 1390 393 1462 magis
415 1387 613 1447 assimilantur
636 1387 701 1446 cubi
725 1395 756 1445 et
778 1383 970 1457 dodeoa‘e'dri,
1002 1402 1089 1460 qoam
1112 1384 1190 1445 filiis.
1235 1384 1297 1443 Nec
1325 1391 1509 1463 propositum

160 1490 258 1533 meum
290 1474 346 1532 tuit
376 1491 554 1549 componere
583 1475 779 1538 bonnoniam
806 1489 827 1529 o
853 1473 1103 1548 proportionibus
1131 1489 1294 1548 corporum
1320 1477 1510 1549 repertorium

161 1560 204 1619 od
227 1563 367 1619 inuicem.
411 1561 604 1622 Harmoniam
626 1564 704 1620 onim
728 1570 921 1635 componunt,
949 1558 1006 1617 hoc
1028 1567 1074 1619 est
1101 1561 1283 1619 constituunt
1313 1560 1373 1619 bini
1397 1567 1510 1622 termini

161 1651 362 1725 proportionis
385 1651 538 1724 probatae.
584 1649 624 1707 At
648 1650 850 1724 proportiones
873 1662 1026 1721 corporum
1047 1649 1288 1722 geometricorum
1311 1650 1436 1710 invicem
1452 1669 1509 1711 non

160 1736 235 1793 fiunt
257 1738 330 1793 mibi
354 1740 466 1795 termini
490 1737 635 1796 ulterioris
658 1734 798 1809 alicujus,
828 1735 962 1792 nimirum
986 1733 1173 1794 harmonicae
1194 1738 1409 1812 proportionis,
1441 1742 1511 1815 qnia

161 1826 235 1881 inter
259 1825 398 1882 terminos
420 1825 509 1884 hosce
532 1840 590 1882 non
612 1825 722 1899 recipio
745 1824 800 1878 nisi
824 1829 921 1878 motus
952 1820 1046 1880 reales
1068 1822 1252 1898 planetarum
1275 1825 1404 1899 ipsorum
1427 1825 1509 1886 diur-

161 1927 226 1969 nos.
274 1909 334 1969 Sed
357 1910 412 1969 boc
434 1912 529 1971 solum
553 1915 581 1968 in
605 1928 636 1970 re
659 1913 742 1976 inest,
765 1908 845 1984 quod
862 1908 926 1983 jam
940 1925 1029 1984 snpra
1045 1913 1153 1982 monui,
1178 1909 1338 1984 quodcum
1355 1913 1510 1989 etfigurae

160 1996 277 2056 solidae
301 1997 434 2073 singulae
457 2002 596 2058 interesse
619 1998 771 2057 debuerint
800 1998 874 2053 inter
896 1996 980 2054 binos
1002 1997 1087 2056 orbes
1117 2007 1146 2056 ct
1168 1996 1356 2059 harmonicae
1386 2019 1511 2079 propor-

162 2088 260 2144 tiones
283 2086 416 2161 sinquiae
439 2088 513 2146 inter
537 2086 621 2145 binos
644 2094 740 2144 motns
764 2086 793 2141 in
817 2082 875 2140 iilis
898 2082 1031 2156 orbibus,
1065 2092 1205 2159 utraeque
1234 2088 1295 2144 suis
1316 2087 1447 2162 juribus,
1467 2100 1510 2154 ,nt

164 2174 255 2248 igitur
279 2172 355 2232 bene
378 2173 435 2231 illis
458 2191 517 2233 noa
540 2172 740 2233 habitantibus
764 2173 838 2230 inter
859 2185 891 2228 se
914 2173 1093 2244 conveniret,
1116 2175 1260 2249 principio
1279 2173 1345 2232 libri
1363 2175 1399 2236 V.
1423 2178 1510 2237 lami-

165 2259 280 2318 liaritas
305 2258 405 2337 aliqua
428 2261 584 2320 conciliata
612 2262 666 2319 luit
689 2262 764 2318 inter
785 2256 1015 2316 cohabitaturus.
1060 2257 1097 2317 Et
1124 2259 1201 2318 cubo
1232 2260 1349 2335 quidem
1380 2277 1511 2325 assertae

165 2356 234 2405 sunt
263 2343 301 2430 ¹),
325 2355 355 2406 et
382 2344 435 2430 7„
466 2366 524 2409 non
548 2346 628 2424 quod
651 2347 743 2405 cubus
773 2344 838 2404 illas
861 2353 891 2402 et
913 2347 1010 2419 pariat
1040 2355 1068 2405 et
1091 2346 1275 2422 harmonicas
1302 2349 1425 2424 efficiat,
1458 2353 1511 2414 sed

162 2437 233 2509 quia
257 2434 306 2493 vel
329 2436 412 2510 origo
436 2438 567 2512 tetrisque
591 2443 727 2509 cognata,
752 2432 798 2490 vel
814 2434 964 2509 quantitas
987 2449 1038 2510 pro
1061 2451 1116 2492 usu
1131 2435 1227 2493 futuro
1251 2441 1439 2511 conveniens,
1463 2442 1511 2501 vol

163 2522 317 2597 dignitatis
346 2527 552 2599 praerogativa
581 2525 714 2600 utrinque
747 2536 822 2596 pene
850 2517 962 2577 eadem.
1008 2518 1110 2596 Neque
1138 2525 1270 2581 ooriuos
1299 2531 1437 2586 motuum
1463 2546 1512 2587 ec·

162 2611 366 2669 mntrioorurn
387 2611 657 2686 proportionaliter
679 2611 779 2669 oritur
800 2625 837 2666 ca
855 2608 1107 2681 proportionibus
1124 2610 1315 2685 repuleriunr
1331 2630 1509 2691 corporum3

164 2695 332 2754 distinctius
361 2698 508 2759 istasunt
540 2695 702 2757 efferenda:
732 2696 822 2753 oritur
853 2710 923 2751 sane
947 2697 1075 2754 varietas
1103 2696 1204 2772 aliqua
1230 2707 1361 2759 motuum
1385 2719 1510 2779 propor-

164 2782 315 2843 tionaliter
345 2801 380 2843 ex
409 2788 597 2863 proportione
626 2799 780 2860 corporum
805 2779 982 2856 regularium
1010 2778 1082 2862 (non
1111 2784 1188 2858 sola,
1221 2785 1274 2845 ssd
1304 2790 1417 2849 sociata
1444 2808 1511 2850 oum

166 2871 232 2930 aliis
258 2873 372 2944 causis,
403 2874 569 2950 dequibus
597 2876 625 2929 in
650 2872 777 2948 Physica
799 2867 928 2929 coelesti
958 2888 1011 2929 seu
1033 2872 1112 2948 Epic
1136 2873 1254 2933 Astron.
1282 2874 1344 2935 libr.
1368 2877 1449 2958 Ν),
1481 2890 1512 2938 at

164 2958 237 3018 haee
267 2960 396 3018 varietas
425 2965 531 3021 attinet
547 2969 656 3019 motus
686 2960 819 3017 binorum
847 2956 1031 3035 planetarum
1063 2963 1137 3019 inter
1159 2978 1192 3020 se
1222 2974 1422 3041 comparatos,
1452 2984 1512 3026 non

164 3049 270 3105 attinet
291 3056 388 3105 motus
412 3047 545 3109 diversos
568 3050 654 3105 nnius
677 3045 812 3124 planctae
836 3047 1022 3117 ecoentrieos,
1046 3047 1240 3123 inquantum
1263 3055 1425 3113 ecoentrici.

253 3132 389 3193 Vicissim
414 3135 465 3194 iila
488 3139 630 3205 varietas,
661 3151 737 3209 quae
761 3140 804 3191 est
827 3132 857 3188 in
879 3134 1008 3190 motibus
1032 3132 1155 3193 diversis
1179 3138 1265 3195 onius
1287 3138 1433 3215 planetae,
1458 3160 1512 3201 ne·

166 3237 317 3296 quaquam
339 3225 429 3279 oritur
451 3241 487 3282 ex
509 3224 696 3300 proportione
719 3235 872 3297 corporum
894 3219 1079 3296 regularium,
1103 3221 1156 3281 sed
1171 3225 1262 3283 oritur
1280 3243 1316 3283 ex
1332 3228 1396 3303 ipsa
1410 3230 1513 3304 cujm-

165 3326 223 3383 qne
260 3307 395 3385 planatae
428 3314 651 3371 eccenulcitate.
704 3307 767 3366 Nec
797 3323 943 3383 compono
975 3307 1153 3368 barmoniae
1181 3319 1309 3385 propter
1338 3316 1514 3384 hujumodi

164 3398 362 3469 variamen,
386 3398 437 3455 sed
461 3416 497 3457 ex
520 3398 576 3457 hac
599 3398 756 3465 varietate,
780 3393 810 3450 id
833 3402 879 3452 est
900 3411 937 3453 ex
959 3397 1102 3468 motibus,
1135 3404 1258 3474 unaque
1282 3399 1317 3460 tle
1341 3420 1431 3463 causa
1455 3403 1512 3463 ort-

164 3482 326 3542 ierentibns
351 3486 379 3541 in
403 3484 565 3558 celeritate,
595 3493 736 3559 tanquam
758 3497 794 3539 ex
816 3482 947 3539 terminis
971 3485 1185 3542 constituuntur
1209 3485 1253 3543 vel
1278 3489 1421 3548 resultant
1442 3509 1513 3565 pro·
1585 3474 1591 3490 ’

164 3572 318 3646 portiones
341 3573 469 3643 eaedem,
494 3590 570 3648 quae
592 3579 661 3631 sunt
683 3578 712 3630 ot
734 3570 991 3645 consonantiarum
1015 3572 1043 3627 in
1067 3570 1196 3631 bunmna
1211 3576 1330 3634 musica.
1378 3578 1512 3654 Denique

163 3660 254 3716 etiam
283 3657 332 3716 hic
362 3658 490 3733 falleris,
522 3658 602 3736 quod
635 3658 769 3734 quamvis
800 3654 874 3713 libro
897 3655 951 3713 lV.
983 3661 1184 3734 proportiones
1215 3660 1283 3721 illae
1314 3662 1511 3737 harmonicae,

163 3762 242 3821 quae
273 3745 387 3820 angulis
417 3746 564 3806 radiorum
597 3745 756 3805 conciliant
786 3740 963 3813 efficaciam,
994 3746 1111 3803 omnino
1143 3744 1332 3808 desumuntur
1364 3772 1381 3810 a
1410 3752 1512 3829 figuris

163 3832 276 3908 planis,
301 3849 358 3890 non
383 3844 478 3895 tamen
502 3838 565 3911 pari
589 3850 678 3910 passu
703 3831 917 3908 proportiones,
943 3849 1018 3907 quas
1041 3835 1115 3892 inter
1138 3833 1320 3911 planetarum
1343 3847 1441 3899 motus
1462 3843 1512 3899 in·
1599 3902 1606 3912 ,

166 3921 245 3992 reni,
269 3919 420 3981 desumtae
442 3931 510 3981 sunt
533 3940 552 3981 a
573 3921 673 3996 figuris
696 3916 817 3987 solidis3
847 3928 946 3977 essent
968 3922 1045 3978 enim
1067 3920 1143 3981 aliae
1174 3924 1237 4000 ipso
1262 3932 1326 3984 ortu
1351 3937 1379 3985 et
1402 3928 1513 4002 ligura·

164 4009 260 4077 tione,
290 4022 355 4065 cum
385 4017 482 4068 tamen
513 4003 649 4068 omnibus
680 4006 772 4065 tribus
795 4004 830 4074 3,
863 4006 935 4066 let
959 4009 977 4065 b
1002 4011 1203 4083 proportiones
1236 4010 1422 4073 harmonicae
1454 4020 1512 4075 sint

165 4093 286 4154 eaedem
309 4104 372 4153 ortu
397 4106 427 4155 et
450 4098 635 4167 formatione,
669 4096 723 4152 nisi
748 4088 827 4167 quod
857 4091 918 4152 alia
946 4093 1051 4153 deinde
1073 4097 1113 4154 sit
1142 4097 1275 4172 supellex
1306 4105 1514 4171 concinnerum

166 4185 195 4239 in
220 4185 258 4254 t,
292 4182 352 4241 alia
375 4186 403 4241 in
427 4186 446 4243 3
471 4196 501 4245 et
524 4188 552 4243 5.
598 4184 697 4257 Atque
725 4180 771 4239 bis
802 4178 905 4239 iisdem
936 4183 1165 4242 correctionibus
1195 4188 1268 4244 meis
1297 4192 1446 4248 summarii
1471 4194 1515 4250 tui

165 4269 258 4328 multa
280 4273 398 4347 insuper
427 4271 492 4331 loca
514 4270 740 4346 comparationis
763 4275 846 4340 tuae,
878 4286 955 4343 qnae
985 4272 1117 4344 sequitur
1147 4289 1213 4347 pag.
1239 4275 1297 4347 38,
1330 4276 1425 4336 diluta
1447 4282 1512 4336 eri·

165 4359 263 4418 stimo.
308 4357 383 4416 Nam
407 4376 472 4417 cum
496 4361 623 4437 epitoma
645 4365 714 4416 tuae
730 4354 899 4415 harmoniae
914 4355 1088 4429 mundanae,
1112 4370 1314 4436 praeterquam
1337 4365 1417 4439 quod
1433 4366 1514 4424 illam

167 4461 232 4504 cum
257 4444 388 4503 doctrina
412 4464 478 4505 mea
501 4447 683 4522 comparari,
706 4440 779 4503 nihil
804 4444 873 4501 mibi
898 4460 982 4518 porro
1006 4454 1139 4520 superest
1161 4451 1279 4523 negotii.

255 4530 745 4608 recompensationem.
770 4545 849 4605 pag.
873 4526 973 4609 33.⁵⁶)

253 4619 374 4680 Praeter
393 4619 455 4695 jam
479 4621 635 4697 dissipatas
657 4627 725 4677 toas
749 4615 952 4677 oblocutiones
974 4618 1023 4676 bic
1046 4617 1133 4677 ctiam
1156 4621 1415 4686 contradictionem
1439 4627 1510 4686 mibi

166 4708 334 4783 exprobras,
359 4707 438 4782 quod
462 4724 520 4767 uno
542 4710 609 4767 loco
632 4707 698 4765 libri
721 4712 779 4766 mei
798 4712 850 4775 (tot.
869 4710 915 4776 82)
942 4722 1079 4764 recenseo
1094 4711 1270 4769 senterniarn
1288 4711 1512 4789 Pythagoraeo-

163 4811 229 4851 rurn
252 4794 288 4855 de
312 4796 518 4871 icorporibus
539 4813 575 4856 ex
591 4793 706 4870 vulgari
722 4795 887 4868 traditione,
911 4793 970 4852 alio
996 4793 1061 4852 loco
1084 4798 1137 4866 (tol.
1159 4800 1218 4868 itt)
1246 4799 1337 4858 dubia
1359 4818 1429 4860 osus
1444 4819 1514 4863 ora.
