3567 5625
287 415 351 476 394
716 479 719 486 1
797 407 947 464 Ptolemaei
964 361 1121 466 harmonia.

286 585 399 642 stabiles
416 586 546 655 quinque.
582 585 629 640 Sin
648 591 738 641 autem
756 585 814 641 sine
832 601 915 642 causa
932 585 1023 655 placet
1041 582 1180 653 duplicare
1196 582 1336 654 diapason,
1354 584 1474 654 placebit
1486 585 1533 639 alii
1550 583 1635 654 tripli·

286 680 359 730 care,
377 669 408 718 ut
424 664 518 733 plures
537 663 636 719 habeat
654 664 780 734 stabiles,
800 665 882 719 etiam
900 663 1037 720 veteribus
1056 664 1151 719 dictos.
1187 664 1242 718 Tot
1258 663 1341 733 igitur
1357 664 1511 719 nominibus
1529 664 1637 719 vacillat

286 741 459 813 septenarius
478 741 617 797 stabilium
635 759 770 799 sonorum.

375 823 448 878 Nota
465 822 513 877 IX.
550 824 574 878 E
593 832 688 879 contra
706 824 876 892 septenarius
895 838 1023 878 numerus
1041 822 1211 892 planetarum
1229 823 1316 878 estin
1335 823 1446 890 antiqua
1464 827 1569 876 tantum
1588 836 1637 876 seu

288 906 454 964 Ptolemaica
472 906 645 973 astronomia,
664 912 695 959 ut
712 905 758 959 illa
776 905 853 960 nobis
872 901 1006 959 terricolis
1024 917 1054 956 se
1072 917 1121 970 per
1140 902 1233 957 oculos
1251 902 1379 970 insinuat,
1397 917 1459 956 cum
1476 901 1577 971 reipsa
1593 918 1636 956 res

289 988 369 1058 longe
386 986 486 1041 habeat
502 985 587 1040 aliter.
625 987 693 1040 Nam
712 986 735 1039 si
754 986 896 1055 primarios
915 984 1041 1054 planetas
1064 982 1211 1038 inmundo
1231 981 1399 1042 consideres,
1425 989 1489 1037 sunt
1505 982 1524 1035 ii
1543 997 1637 1052 secun

288 1068 352 1123 dum
376 1066 555 1137 Goperuicum
578 1081 690 1120 numero
713 1081 772 1120 sex,
805 1065 885 1119 Luna
903 1063 993 1119 Solem
1018 1077 1071 1116 uon
1095 1061 1318 1130 circumvehitur,
1345 1059 1393 1116 sed
1416 1060 1567 1126 Tellurem,
1594 1067 1637 1114 est

287 1146 371 1214 igitur
387 1146 459 1200 inter
477 1144 666 1212 secundarios,
687 1152 716 1200 ut
734 1147 752 1200 4
769 1142 984 1211 circumjoviales
1002 1149 1030 1197 et
1048 1142 1140 1197 ceteri.
1176 1141 1223 1196 Sin
1242 1155 1336 1196 omnes
1354 1154 1527 1195 numeramus
1545 1139 1638 1207 plane-

288 1234 339 1294 tas,
359 1226 441 1282 etiam
458 1224 646 1290 secundarios,
672 1232 699 1279 et
717 1224 766 1294 qui
783 1223 909 1293 planetas
928 1222 996 1277 ulios
1014 1220 1254 1276 circumvehuntur
1276 1220 1391 1290 epicycli
1408 1227 1495 1287 motu,
1517 1219 1575 1287 jam
1593 1234 1638 1271 ex·

287 1305 421 1374 parientia
444 1303 478 1359 ad
499 1304 530 1359 13
548 1318 635 1372 usquc
662 1303 790 1358 excurrit.
826 1302 957 1358 Omnibus
981 1301 1063 1368 igitur
1086 1301 1171 1355 modis
1197 1299 1310 1355 fortuita
1334 1307 1377 1353 cst
1394 1300 1560 1368 conspiratio
1579 1312 1638 1366 sep·

287 1385 452 1439 lanariorum
469 1382 591 1437 istorum.

373 1462 446 1516 Nota
463 1462 495 1514 X.
532 1460 608 1529 Quae
626 1460 671 1515 hic
687 1458 722 1514 de
740 1468 814 1514 motu
833 1460 930 1513 diurrm
948 1460 1032 1514 totius
1045 1458 1137 1513 mundi
1156 1458 1190 1514 ab
1203 1466 1265 1513 ortu
1277 1459 1306 1513 in
1318 1473 1453 1527 occasum,
1472 1462 1501 1512 et
1517 1456 1552 1512 de
1563 1463 1638 1512 motu

288 1541 421 1611 sphaerae
438 1539 553 1594 fixarum
571 1537 727 1594 tardissimo
744 1538 772 1591 in
786 1538 950 1594 contrariam
962 1538 1071 1608 plagam
1085 1538 1218 1606 dicuntur,
1237 1553 1270 1592 ea
1282 1544 1346 1592 sunt
1358 1544 1540 1592 consentanea
1552 1542 1639 1590 astro·

289 1619 396 1674 nomiae
413 1617 603 1672 Ptolemaicae.
639 1617 804 1685 Coperuicus
822 1617 910 1671 reales
928 1617 979 1671 hos
999 1625 1089 1672 motus
1108 1633 1162 1671 nou
1180 1617 1310 1685 agnoseit,
1329 1616 1377 1669 aed
1395 1615 1513 1684 priorem
1531 1614 1638 1684 quidem

288 1697 460 1753 transscribit
478 1695 609 1752 solutioni
628 1695 744 1751 Telluris
763 1697 836 1751 circa
849 1713 928 1751 suum
947 1712 1025 1751 axem
1043 1697 1071 1758 ip
1083 1697 1190 1767 plagam
1204 1695 1365 1766 oppositam,
1384 1695 1564 1764 posteriorem
1576 1708 1639 1749 sero

290 1775 417 1831 emotioni
435 1776 495 1830 axis
513 1773 632 1829 Telluris
650 1790 665 1827 e
685 1790 734 1828 suo
753 1775 808 1829 situ
826 1775 966 1844 parallelo.

376 1855 448 1909 Nota
465 1855 511 1909 xl.
548 1855 580 1908 In
599 1854 765 1909 astronomia
783 1855 924 1924 Copernici
944 1855 1088 1911 dicendum
1106 1855 1152 1910 hic
1169 1863 1252 1920 esset,
1271 1868 1392 1923 apogaea
1410 1853 1565 1922 limitesque
1583 1851 1641 1920 pla·

287 1942 411 1990 netarum
428 1934 526 1989 boreos
551 1941 579 1989 et
595 1935 731 1990 austrinos
750 1942 884 2004 perpetuo
909 1936 960 1990 sub
978 1934 1074 1990 iisdem
1097 1935 1160 1989 fixis
1179 1935 1334 2003 quiescere3
1348 1933 1410 1996 ,hoc
1432 1933 1502 1987 enim
1527 1930 1642 1985 credidit

288 2013 461 2068 Ptolemaeus
481 2014 514 2066 de
533 2014 648 2083 planetis
668 2016 794 2083 quinque.
829 2015 865 2068 At
883 2013 1037 2067 observatio
1056 2012 1184 2080 longioris
1197 2013 1256 2067 aevi
1275 2012 1378 2067 detexit
1393 2013 1488 2079 plura;
1507 2026 1570 2064 nam
1583 2024 1642 2062 suc-

288 2093 390 2148 cedunt
407 2095 488 2147 etiam
506 2095 574 2147 haec
592 2102 694 2162 puncta
711 2094 869 2162 imaginaria
892 2110 910 2148 a
928 2093 983 2148 fixa
1006 2093 1141 2148 adfixam
1164 2093 1253 2160 uliam,
1273 2100 1300 2146 et
1321 2088 1513 2159 inaequalibus
1531 2086 1641 2155 quidem

282 2174 431 2229 'celeritate
449 2173 647 2243 progressibus.

377 2272 450 2328 Nota
467 2274 528 2328 xil.
565 2271 628 2326 Jam
652 2270 725 2339 quod
744 2270 921 2341 sphaerarum
939 2268 1138 2336 magnitudines
1158 2268 1271 2330 attinet,
1297 2281 1345 2321 eae
1367 2264 1443 2320 nullo
1466 2263 1547 2318 modo
1571 2276 1645 2316 men·

291 2366 383 2406 suram
401 2350 514 2406 eandem
533 2351 690 2416 observant,
715 2365 795 2419 qnam
815 2349 977 2403 chordarum
997 2347 1152 2418 longitudo,
1177 2361 1211 2401 ac
1233 2361 1268 2400 ne
1286 2345 1390 2398 eminus
1410 2342 1518 2412 quidem
1546 2356 1645 2411 appro-

292 2432 434 2499 pinquant,
453 2431 500 2486 sed
520 2429 724 2498 generalissima
741 2428 874 2496 quaedam
892 2428 1030 2496 allegatur
1047 2427 1252 2496 proportionum
1273 2421 1555 2490 inaequalissimarum
1574 2419 1646 2473 simi·

290 2510 389 2578 litudo,
415 2518 443 2563 et
468 2509 570 2564 nudum
595 2523 682 2563 meses
701 2523 813 2566 nomeu,
841 2514 868 2561 et
890 2507 1013 2577 opinatio
1039 2506 1073 2560 do
1097 2506 1274 2574 sphaerarum
1298 2502 1498 2573 magnitudine,
1524 2516 1595 2571 quae
1618 2501 1646 2554 in

288 2590 461 2645 astronomia
477 2588 627 2644 Ptolemaei
644 2588 731 2641 libera
748 2586 856 2655 quidem
876 2594 926 2653 est,
945 2586 994 2640 sed
1012 2601 1028 2638 ι
1045 2599 1110 2638 sera
1123 2583 1290 2638 astronomia
1300 2582 1445 2637 refutatur.
1482 2579 1553 2647 Quin
1565 2579 1648 2634 etiam

287 2668 355 2723 ordo
378 2666 552 2736 planetarum
578 2667 715 2722 veteribus
739 2665 859 2721 creditus
881 2667 963 2733 longe
988 2664 1070 2718 habet
1094 2662 1174 2717 aliter
1191 2660 1265 2729 apud
1284 2660 1464 2729 Copernicum
1486 2667 1514 2713 et
1538 2663 1649 2726 praeter

288 2747 456 2816 opinionem.
492 2747 554 2800 Etsi
573 2747 643 2799 enirn
661 2745 689 2799 in
709 2745 836 2813 Saturno,
851 2745 929 2813 Jove,
948 2745 1037 2798 Marte
1055 2741 1147 2796 nullus
1165 2756 1241 2795 error
1259 2739 1370 2807 ordinis,
1389 2744 1418 2792 at
1435 2753 1486 2792 nec
1503 2738 1531 2791 in
1543 2736 1650 2791 Venere

287 2837 316 2882 et
334 2826 484 2893 Mercurio,
512 2834 639 2895 respectu
662 2825 821 2880 inclusionis
845 2834 872 2880 et
890 2823 1163 2892 circumscriptionis3
1190 2828 1219 2875 at
1241 2820 1270 2873 in
1289 2818 1352 2873 Sole
1370 2824 1445 2871 errat
1466 2824 1544 2870 retus
1563 2824 1649 2869 astra

287 2905 389 2971 nomia,
412 2920 472 2957 cum
492 2904 649 2959 certissimis
667 2904 859 2973 experimentis
878 2904 1093 2957 demonstratum
1110 2900 1269 2965 habeamus,
1282 2897 1416 2952 Venerem
1429 2900 1526 2964 (eoque
1538 2903 1567 2947 et
1578 2894 1651 2947 Mer·

288 2984 402 3049 curium)
431 2982 503 3037 circa
520 2982 610 3037 Solem
628 2983 676 3047 ire,
694 2991 750 3036 tam
768 2982 879 3037 altiores
897 2982 944 3036 illo
962 2978 1138 3049 quandoque,
1156 2994 1236 3047 quam
1255 2977 1372 3031 vicissim
1390 2975 1547 3029 humiliores
1566 2974 1652 3037 alias;

288 3071 316 3117 et
340 3061 504 3116 Mercurium
527 3061 635 3129 quidem
653 3061 759 3115 Venere
777 3079 849 3117 nnnc
867 3062 1005 3127 altiorem,
1024 3060 1047 3113 si
1066 3066 1130 3114 suut
1149 3057 1307 3113 humiliores
1326 3056 1405 3123 Sole,
1424 3071 1496 3109 nunc
1514 3070 1548 3109 ea
1565 3053 1652 3108 humi·

287 3141 397 3208 liorem,
417 3141 441 3194 si
459 3140 537 3194 ambo
556 3139 619 3194 Sole
638 3139 756 3193 altiores.
793 3141 889 3208 Itaque
916 3148 947 3194 ιιι
967 3139 1126 3195 emendetur
1143 3138 1187 3191 hic
1206 3137 1273 3191 ordo
1296 3134 1444 3189 secundum
1463 3136 1654 3207 Copernicum‚

289 3218 407 3273 Telluris
432 3226 460 3272 et
478 3218 549 3272 Solis
567 3218 735 3272 conditiones
754 3225 818 3272 sunt
836 3220 1046 3289 permutandae,
1070 3226 1102 3273 ut
1124 3234 1178 3274 non
1198 3217 1257 3284 Sol,
1280 3215 1328 3270 sed
1347 3215 1432 3269 Terra
1460 3212 1576 3267 circuitu
1603 3227 1655 3266 suo

294 3295 396 3352 mediet
420 3296 491 3351 inter
508 3296 645 3365 planetas,
671 3296 717 3351 Sol
735 3311 798 3351 vero
817 3314 864 3352 cor
887 3299 924 3354 sit
940 3299 1059 3353 omnium
1077 3304 1106 3352 et
1129 3302 1261 3361 centrum,
1289 3311 1345 3349 non
1363 3293 1456 3348 Terra.
1500 3292 1537 3346 Ει
1561 3299 1656 3347 tamen

289 3376 378 3430 etiam
396 3375 436 3428 sic
455 3374 591 3443 (restituto
610 3375 797 3442 ordinavero)
816 3376 937 3431 exulabit
956 3393 971 3429 e
990 3392 1102 3431 numero
1122 3377 1208 3442 Luna
1228 3382 1258 3429 ιιι
1276 3389 1347 3443 quae
1366 3371 1501 3427 Tellurem
1521 3370 1656 3431 circumit,

301 3471 387 3524 eoque
405 3470 422 3508 a
440 3463 534 3508 centro
554 3452 723 3521 planetarum
742 3455 822 3508 abest
840 3453 947 3520 lougius
960 3456 1066 3509 Venere
1085 3462 1112 3508 et
1133 3454 1280 3509 Mercurio.
1315 3454 1357 3506 Ita
1377 3459 1439 3506 nete
1451 3450 1656 3520 hyperbolaeon

301 3533 405 3587 nullum
422 3533 535 3588 habebit
553 3532 698 3601 planetam,
716 3538 775 3601 aut,
794 3539 824 3585 ut
840 3532 945 3587 Lunam
964 3532 1076 3603 habeat,
1096 3547 1111 3585 e
1129 3548 1241 3587 numero
1254 3531 1396 3585 eximenda
1413 3536 1441 3584 et
1458 3528 1524 3584 alibi
1542 3526 1658 3582 seorsim

301 3614 353 3670 erit
370 3612 507 3669 tendenda
1588 3678 1592 3685 ,

390 3692 468 3760 Quod
485 3707 550 3745 sero
564 3689 621 3758 jam
639 3688 752 3744 mobiles
771 3689 835 3743 hinc
853 3705 935 3745 sonos
954 3705 1002 3743 scu
1020 3690 1107 3759 locos,
1132 3688 1194 3744 inde
1213 3688 1392 3758 particulares
1410 3685 1578 3754 singulorum
1597 3683 1660 3754 pla

305 3760 429 3827 netarum
449 3769 580 3836 sphaeras
598 3767 706 3838 attinet,
723 3768 768 3822 hic
780 3768 877 3822 iterum
890 3769 1083 3839 impedimenta
1094 3768 1188 3836 multa,
1207 3786 1261 3837 quo
1279 3769 1367 3823 minus
1385 3765 1551 3835 comparatio
1567 3763 1663 3833 possit

304 3849 418 3904 institui.
454 3849 524 3902 Nam
542 3845 828 3914 proslambanomenos
847 3863 902 3901 non
920 3848 1004 3902 habet
1022 3848 1111 3903 socios
1129 3847 1253 3913 mobiles,
1272 3863 1332 3901 cum
1348 3846 1482 3901 Saturnus
1499 3853 1592 3899 umen
1611 3842 1661 3895 ha·

302 3926 366 3981 beat
384 3925 543 3995 epicyclum,
563 3933 590 3979 et
607 3925 687 3979 Luna
705 3925 825 3994 epicyclo
844 3927 964 3982 secundo
984 3941 990 3987 ι
996 3929 1024 3982 in
1038 3928 1203 3982 astronomia
1220 3934 1365 3994 sitrumque
1376 3924 1556 3991 Ptolemaios)
1573 3929 1664 3991 caret,

302 4021 363 4058 cum
382 4004 418 4060 sit
437 4003 511 4073 apud
529 4009 612 4056 neten
631 4004 705 4057 socia
722 4002 839 4072 mobilis,
858 4012 997 4073 paranete.
1034 4005 1104 4059 Nam
1123 4006 1196 4075 quod
1209 4006 1381 4061 Ptolemaeus
1392 4005 1489 4060 Lunae
1500 4020 1550 4074 per
1561 4017 1663 4057 eccen-

302 4085 385 4139 tricos
404 4083 485 4137 etiam
503 4082 600 4137 tribuit
617 4080 713 4151 longos
732 4081 880 4140 descensus
899 4100 1083 4154 ascensusque
1101 4095 1190 4154 (quem
1208 4100 1258 4154 ego
1276 4084 1310 4137 ad
1329 4100 1469 4139 numerum
1481 4081 1666 4151 marginalem

301 4163 335 4217 13
352 4165 380 4217 in
397 4168 475 4215 textu
497 4175 556 4214 sum
581 4160 677 4214 merito
702 4168 824 4229 secutus,
852 4164 952 4234 quippe
975 4164 1089 4234 loquens
1115 4165 1192 4220 velut
1213 4180 1247 4218 ex
1271 4164 1330 4232 ejus
1354 4174 1424 4234 orel,
1451 4161 1587 4217 refutabas
1619 4168 1667 4214 est

302 4243 404 4299 dudum
421 4239 610 4294 astronomicis
628 4239 831 4308 experimentis.
868 4242 923 4298 Sed
941 4257 992 4297 nec
1011 4244 1178 4311 respondent
1197 4242 1378 4314 epicyclorum
1400 4242 1605 4310 magnitudines
1624 4242 1667 4294 iu·

278 4316 283 4323 ’
302 4322 423 4379 serraliis
441 4321 512 4374 inter
529 4317 648 4389 stabiles,
665 4334 753 4388 neque
772 4320 1001 4389 magnitudinibus
1020 4322 1061 4389 (ut
1079 4330 1194 4393 apparet
1211 4339 1245 4379 ex
1263 4339 1304 4391 eo,
1323 4323 1396 4393 quod
1408 4321 1590 4392 triplicandae
1603 4321 1668 4376 fue-

302 4412 365 4455 runt
383 4400 577 4469 proportiones
596 4399 751 4467 systematis
770 4397 889 4467 musici),
917 4414 1005 4468 neque
1024 4400 1199 4456 similitudine
1217 4403 1414 4470 proportionis,
1432 4416 1489 4455 uon
1507 4406 1620 4454 tantum
1638 4398 1669 4452 iu

303 4481 506 4550 comparatione
534 4479 568 4534 ad
594 4493 624 4533 se
642 4485 748 4547 mutuo,
775 4477 824 4532 sed
850 4477 931 4530 etium
956 4477 990 4531 ad
1008 4481 1091 4539 orbes
1108 4494 1188 4548 suos;
1215 4479 1257 4534 his
1277 4480 1347 4532 enim
1373 4478 1496 4534 omnibus
1514 4477 1608 4531 modis
1626 4477 1669 4530 in-

304 4560 431 4629 aequales
450 4565 517 4612 sunt
534 4557 662 4625 utrinque
680 4555 884 4625 proportiones,
913 4562 943 4610 ut
961 4556 1098 4625 epicyclus
1116 4558 1213 4612 Martis
1235 4558 1354 4612 omnium
1370 4558 1518 4625 maximus,
1543 4556 1670 4612 Veneris

304 4637 338 4691 ad
357 4653 438 4692 suum
458 4636 551 4690 orbem
569 4641 743 4702 comparatus
762 4636 842 4689 etiam
856 4633 951 4704 major,
970 4652 1030 4689 crim
1044 4636 1182 4692 stabilium
1195 4651 1322 4691 sonorum
1333 4635 1478 4690 intervalla
1489 4634 1670 4690 solummodo

303 4716 359 4770 sint
376 4714 560 4783 magnhudine
581 4712 746 4783 differentia,
772 4731 855 4769 unum
878 4714 936 4768 toni
956 4714 1123 4783 disjunctim,
1151 4715 1267 4770 alterum
1289 4714 1456 4770 tetrachordi
1480 4713 1670 4772 diatessaron.

303 4796 345 4849 lta
364 4795 442 4850 vides
461 4796 488 4848 in
507 4793 617 4861 tabella,
637 4809 672 4847 ne
690 4776 741 4848 ha‘c
760 4792 868 4861 quidem
885 4793 1068 4859 triplicatione
1085 4794 1292 4864 proportionum
1310 4795 1464 4863 systematis
1483 4793 1589 4861 caseri,
1612 4810 1671 4862 qno

304 4872 392 4926 minus
410 4871 438 4926 in
457 4873 546 4927 Marte
572 4880 599 4928 et
616 4873 722 4927 Venere
741 4873 872 4928 immanes
898 4873 952 4928 sint·
975 4890 1147 4930 numerorum
1165 4874 1409 4949 asuonpmicorum
1432 4889 1450 4929 a
1470 4871 1586 4928 musicis
1614 4876 1672 4929 dis·
