3567 5625
763 443 905 517 Apologia
1337 521 1341 534 .
1447 450 1511 510 tel

158 609 342 671 barmoniae
375 605 555 669 mandanae
588 604 676 691 (puta
709 597 788 670 illius
826 602 991 689 efficaciae)
1022 605 1261 685 fuudcmmtwn
1297 625 1418 669 merum
1453 623 1512 667 ease

157 699 353 774 demeritum,
382 698 527 773 nudoque
555 699 644 759 modo
671 716 691 756 c
723 696 903 758 Christianis
931 695 1169 772 approbandum
1202 695 1248 755 nel
1276 694 1511 756 madmaadnm.

161 785 295 860 Quorum
316 783 429 861 aliquid
456 788 482 844 ai
504 786 581 862 prior
604 802 659 862 ego
688 787 770 847 inte
800 783 952 859 dixissem,
982 783 1049 862 plus
1075 784 1271 844 excusationis
1301 785 1433 843 invenire
1456 800 1513 862 po-

163 875 271 933 tuisset
294 872 368 933 haec
389 881 441 932 tua
463 872 610 933 vindictae
634 872 794 951 cupiditas,
825 888 914 948 quam
936 887 1026 946 nune,
1059 869 1111 928 nbi
1133 874 1220 930 meris
1241 869 1529 950 ,comparationibus

160 978 241 1034 usus,
264 977 366 1038 sepem
387 962 417 1018 in
439 962 563 1037 gratiam
586 960 703 1021 lectoris
726 962 801 1022 inter
824 966 876 1018 tua
898 965 928 1019 et
949 975 1016 1019 mea
1030 957 1199 1019 harmonica
1219 962 1320 1034 struxi,
1343 961 1398 1019 nce
1419 958 1512 1019 ullum

160 1047 199 1107 ad
221 1066 289 1108 eam
311 1046 468 1124 virgultum
500 1066 536 1109 ex
558 1058 609 1108 tuo
633 1047 751 1109 dumeto
775 1047 924 1123 decerpsi,
956 1045 1194 1122 necquidquam
1224 1048 1279 1108 tibi
1302 1047 1416 1129 ¹tu'ceve
1440 1045 1511 1107 doc·

163 1137 257 1196 trinae
281 1137 439 1212 imputavi,
463 1136 543 1213 quod
565 1153 623 1196 uon
646 1145 678 1195 tu
702 1140 764 1213 ipse
787 1135 986 1195 disertissimis
1010 1133 1108 1194 verbis
1129 1133 1257 1195 fatearis.
1369 1149 1371 1153 ⁴

246 1222 282 1282 Iu
306 1223 503 1301 oppugnando
525 1233 608 1283 motu
629 1221 755 1283 Telluris
783 1227 861 1284 circa
882 1221 983 1282 Solem
1006 1217 1152 1303 (meorum
1181 1225 1369 1284 terminorum
1391 1222 1511 1282 harmo-

160 1311 293 1370 nicorum
317 1328 386 1383 uno,
409 1328 463 1370 nec
485 1318 582 1372 umen
604 1313 778 1391 necessario,
795 1319 836 1371 nt
858 1309 967 1386 dutum
989 1309 1137 1370 adfinem
1159 1310 1316 1389 enalyaeos
1339 1309 1429 1390 XII.)
1452 1327 1511 1388 qno

159 1400 254 1475 magis
271 1407 304 1458 tu
319 1401 497 1475 priorarum
511 1398 701 1473 demonstras,
713 1402 774 1476 qui,
798 1415 874 1476 quae
888 1406 959 1460 snut
973 1397 1097 1460 aliorum
1109 1400 1236 1474 invenu,
1258 1417 1294 1459 ea
1310 1401 1340 1457 in
1354 1416 1401 1458 me
1416 1401 1512 1475 potis-

159 1488 266 1544 simum
296 1486 472 1561 exagitanda
503 1489 609 1560 sumis,
642 1487 698 1548 boc
727 1490 822 1550 minus
846 1503 901 1563 ego
924 1503 1045 1563 moveor
1076 1493 1201 1562 tuosque
1228 1490 1303 1547 ictus
1332 1488 1511 1564 persentisco

161 1575 198 1632 ob
230 1591 351 1633 eausam
379 1573 511 1634 eandemi
557 1576 751 1651 Antiquitatis
783 1573 915 1634 desertae
937 1573 1049 1633 invidia
1071 1589 1129 1631 non
1156 1573 1261 1635 adme
1284 1577 1427 1652 pertinet,
1459 1575 1513 1650 qui

161 1660 238 1719 alios
262 1678 379 1738 aequor,
402 1664 570 1722 novationis
592 1664 704 1721 crimini
727 1662 825 1722 locam
846 1662 895 1721 hie
917 1680 974 1722 non
997 1662 1142 1737 praebe03
1166 1678 1225 1721 non
1248 1662 1287 1723 ed
1307 1662 1511 1740 (lopernicum,

163 1757 240 1824 quos
263 1751 340 1808 enim
363 1747 412 1809 ille
434 1752 575 1826 sequitur,
598 1749 642 1810 illi
665 1757 733 1812 sunt
754 1750 842 1827 plane
866 1751 1065 1809 vetustissimi.
1111 1748 1278 1825 Creatnrae,
1304 1749 1368 1810 Soli
1390 1749 1511 1823 scilicet,

160 1837 304 1895 attributa
327 1836 383 1898 Dei
406 1839 574 1896 transscribi
597 1840 685 1898 toties
703 1838 768 1913 jam
790 1839 966 1911 criminaris,
998 1835 1125 1913 quodie
1148 1854 1266 1898 movere
1289 1839 1427 1898 statuitur
1449 1839 1512 1913 ipse

161 1924 321 1983 immobilis
354 1924 492 2001 quodque
515 1926 580 1985 lona
601 1929 698 1985 motus
721 1942 785 1985 esse
808 1925 990 2002 perhibetur,
1018 1923 1138 2001 perinde
1160 1942 1196 1984 ee
1217 1928 1242 1984 si
1264 1943 1352 1986 voces
1373 1942 1433 1984 nou
1455 1928 1514 2002 sint
1628 1967 1633 1980 .

160 2014 353 2086 aequivocae,
378 2029 412 2070 ae
435 2015 461 2072 si
482 2031 542 2072 non
565 2012 642 2094 idem
665 2020 695 2072 et
715 2013 770 2072 tibi
793 2014 850 2089 ipsi
871 2024 972 2089 posset
994 2012 1091 2088 objici,
1116 2014 1254 2073 trinitatis
1275 2015 1434 2091 imaginem
1457 2031 1513 2088 eg·

160 2102 295 2158 noscenti
319 2102 348 2157 in
372 2099 500 2160 hebraea
522 2118 596 2160 voce
618 2099 763 2172 Jehova,
782 2103 939 2177 praecipue
962 2100 1094 2175 loquenti
1116 2099 1152 2159 de
1174 2100 1258 2174 luce,
1292 2104 1367 2180 igni,
1398 2102 1511 2178 spiritu,

17 2190 18 2197 ’
67 2215 72 2238 ι
160 2188 261 2246 anima
293 2187 415 2248 mundi?
460 2187 498 2245 Et
527 2187 598 2264 qnid
627 2187 693 2247 lons
726 2194 772 2247 est
800 2190 857 2248 nisi
879 2187 1124 2248 iusuumentnm‘?
1169 2187 1217 2246 Au
1239 2192 1291 2266 qui
1322 2206 1372 2248 cor
1402 2187 1512 2248 iontem

162 2275 243 2334 vitae
267 2278 381 2349 asserit,
404 2275 429 2333 is
452 2274 644 2350 obliviscitur,
666 2277 824 2351 inspirasse
846 2275 944 2346 Deum
973 2278 1002 2334 iu
1025 2275 1104 2336 hune
1125 2276 1221 2350 ipsum
1243 2277 1353 2336 iontem
1376 2278 1510 2352 spiracu-

161 2360 224 2419 lum
249 2361 352 2421 vissei
398 2361 432 2422 Si
453 2364 527 2424 coeli
547 2365 636 2424 mulb'
658 2370 744 2435 saal,
774 2381 839 2423 aon
861 2367 920 2422 erit
940 2361 1052 2440 eliquia
1079 2363 1191 2422 Terrae
1213 2382 1319 2423 curun
1348 2367 1431 2423 circo
1453 2363 1512 2424 So·

159 2449 243 2507 hm?
287 2448 377 2523 Quasi
400 2467 480 2523 vero,
503 2454 554 2526 qni
576 2450 683 2510 Terrae
705 2467 791 2510 sunm
814 2452 948 2527 assignat
969 2467 1097 2523 cursum,
1127 2453 1153 2509 is
1175 2467 1234 2510 uon
1259 2452 1354 2512 eidem
1376 2460 1407 2509 ct
1428 2468 1512 2510 suam

74 2579 78 2586 «
163 2538 298 2613 assignet
319 2539 485 2613 regionem,
508 2539 537 2596 id
560 2547 605 2598 est
627 2537 756 2612 coelum,
780 2556 832 2616 per
853 2538 933 2615 quod
955 2538 1007 2622 illa
1030 2537 1149 2598 currat?
1392 2538 1395 2541 ’

249 2622 375 2683 Rursum
404 2635 503 2685 eutem
531 2625 665 2686 solennia
686 2626 829 2686 tironibus
851 2644 933 2687 mma
954 2628 1050 2703 rapis,
1082 2631 1254 2701 argumenta
1275 2625 1314 2685 ab
1335 2623 1511 2686 hexhemero
1561 2663 1568 2668 -

160 2712 256 2787 primo
281 2711 410 2776 deducis.
454 2711 525 2772 Jam
546 2716 662 2792 quoties
684 2712 837 2791 respondi,
866 2732 915 2774 me
943 2722 1040 2773 textus
1062 2712 1186 2773 Mosaiei
1216 2729 1275 2772 non
1301 2730 1391 2791 agere
1418 2716 1510 2772 inter-

160 2801 289 2876 pretemi
336 2799 409 2877 Age,
434 2799 481 2860 dic
503 2808 536 2863 ut
558 2803 583 2861 is
604 2802 643 2862 sit
664 2799 887 2878 intelligendus,
911 2801 1154 2879 respondehcque
1176 2800 1214 2861 ad
1238 2804 1380 2878 quaesita
1428 2800 1510 2876 Esto,

162 2895 196 2951 ut
217 2886 423 2948 inhaereamus
445 2887 557 2950 literae.
602 2889 680 2966 Ergo
704 2906 769 2949 cum
788 2891 853 2966 iam
875 2898 955 2950 esset
976 2889 1074 2950 divisa
1093 2888 1146 2949 lnx
1167 2907 1187 2949 a
1208 2890 1345 2965 tenebris,
1368 2905 1427 2949 uno
1444 2888 1510 2949 loco
1624 2958 1630 2970 ι

161 2972 213 3032 lux
239 2984 319 3049 erat,
352 2978 455 3036 ceteris
479 2978 601 3037 materia
630 2976 696 3037 lnce
719 2995 825 3037 vacua.
871 2977 918 3037 De
947 2976 1042 3054 figura
1062 2976 1137 3037 lueis
1166 2994 1204 3037 ne
1226 2981 1419 3055 perconteris,
1450 2993 1511 3036 non

162 3060 232 3120 affui
265 3070 425 3138 spectator,
457 3079 512 3125 nee
540 3063 600 3124 fido
629 3064 677 3125 vel
700 3063 832 3125 Hermeti
860 3065 909 3126 vel
937 3067 1058 3141 picturis
1087 3067 1155 3124 tuis.
1200 3063 1260 3125 Sed
1289 3066 1364 3125 lucis
1392 3060 1511 3141 regione

161 3147 317 3227 designata
335 3151 398 3227 jam
421 3150 506 3212 datur
528 3159 642 3231 tempus
666 3153 791 3229 ejusque
813 3162 928 3231 partas,
958 3170 1082 3228 vespera
1104 3160 1134 3212 et
1155 3169 1251 3213 mane.
1295 3152 1441 3213 Mansisse
1464 3152 1511 3211 dl*
1604 3230 1608 3237 ι

161 3254 226 3296 cam
250 3246 381 3298 cenuum
394 3239 502 3300 Terrae
523 3238 596 3309 loeo,
611 3256 677 3320 sno,
699 3240 832 3301 volutam
856 3256 926 3302 vero
944 3239 1064 3299 Terram
1087 3242 1193 3299 circum
1216 3258 1302 3301 axem
1322 3239 1510 3314 immobilem,

161 3324 261 3400 quoad
284 3325 468 3387 illucesceret
490 3326 688 3404 dieeqnarta.
733 3327 943 3389 Revolntionis
958 3327 1038 3386 illius
1062 3326 1183 3386 diurnae
1199 3326 1264 3387 lons
1279 3328 1334 3387 luit
1349 3326 1438 3401 idem,
1461 3330 1511 3403 qui

159 3429 239 3472 nnnc
262 3421 321 3486 est,
344 3416 519 3491 principium
548 3415 661 3475 scilicet
681 3415 808 3475 animale
838 3418 974 3490 insitum3
1005 3432 1073 3474 nam
1095 3433 1132 3474 ex
1153 3414 1223 3476 Sole
1251 3432 1310 3475 non
1333 3414 1410 3479 bunc
1439 3432 1511 3491 par·

162 3502 238 3559 dnm
261 3505 392 3579 corporis
417 3501 565 3575 humum,
588 3501 642 3563 sed
665 3504 755 3563 centri
782 3510 896 3563 motum
918 3519 1047 3563 annuum
1079 3502 1195 3576 derivo,
1226 3519 1282 3562 nec
1309 3520 1383 3581 opus
1405 3500 1449 3560 illi
1471 3499 1509 3561 ad

158 3588 239 3648 banc
263 3588 478 3649 revolutionem
501 3590 634 3650 diurnam
663 3607 783 3667 corpore
806 3591 942 3667 regulari.
988 3587 1099 3664 Quodsi
1130 3597 1212 3649 motu
1234 3593 1325 3650 eentrl
1346 3598 1417 3649 tune
1433 3605 1510 3648 non·

160 3674 231 3735 dum
255 3684 319 3735 erat
339 3676 488 3753 praedita,
511 3676 610 3737 nullus
632 3680 722 3755 igitur
744 3686 814 3738 tune
834 3677 932 3738 adbuc
954 3680 1092 3737 terminus
1115 3685 1179 3736 erat
1203 3678 1399 3754 proportionis
1422 3675 1510 3736 ullius

159 3762 359 3839 harmoniam,
383 3783 457 3841 qaas
480 3783 535 3842 ego
558 3764 676 3842 quidem
700 3766 804 3849 doceo,
846 3765 893 3824 Tn
915 3767 941 3824 sl
962 3782 1059 3825 meam
1080 3764 1129 3824 hio
1151 3767 1281 3841 inopiam
1304 3781 1405 3825 censes
1427 3758 1512 3824 eom·
1617 3778 1619 3781 ’

160 3853 349 3911 miseratione
371 3852 505 3929 dignam,
537 3870 593 3931 age
614 3853 686 3913 mihi
717 3860 837 3929 erogato
860 3854 1013 3932 quippiam
1042 3853 1078 3913 de
1108 3851 1184 3912 laxis
1207 3855 1266 3912 tuis
1296 3851 1510 3930 significatibus

161 3941 245 3998 vocis
268 3938 429 4014 harmonia,
453 3949 486 3999 nt
508 3949 605 4002 tecum
627 3943 714 4001 etiam
736 3943 837 4017 primis
860 3940 965 4002 diebus
985 3940 1166 4002 harmoniam
1179 3939 1309 4017 aliquam
1332 3942 1433 4015 latam,
1457 3938 1510 3999 sed

161 4044 221 4086 non
245 4027 349 4102 quales
371 4046 427 4106 ego
450 4028 544 4090 uado.
588 4028 670 4088 Nihil
697 4030 774 4088 enim
796 4028 933 4107 impedit,
964 4028 1119 4089 succedere
1147 4044 1241 4087 novas
1263 4028 1433 4089 harmonias
1462 4026 1509 4087 die

161 4123 283 4190 quarto,
307 4133 384 4191 qnae
405 4116 535 4175 nondum
562 4123 646 4177 erant
666 4117 820 4194 prioribus.
864 4117 970 4176 Nonne
992 4116 1223 4178 celebratissima
1243 4115 1297 4174 ille
1318 4125 1370 4175 tua
1391 4115 1510 4175 bumo-

161 4205 211 4260 nia
241 4204 317 4260 inter
338 4220 447 4263 marem
470 4210 499 4262 et
520 4206 659 4265 feminam
686 4207 756 4265 totis
778 4206 908 4281 quinque
930 4203 1034 4265 diebus
1056 4204 1164 4278 deluit,
1194 4205 1245 4264 vix
1267 4202 1385 4264 demnm
1416 4210 1509 4277 sexto,

165 4297 267 4349 croam
287 4289 408 4365 lemine,
433 4292 560 4351 emicuit
893 4334 897 4343 .

249 4375 341 4436 Porro
369 4377 407 4437 ad
429 4381 580 4456 superiora
602 4378 781 4456 (lnporuieus
808 4379 966 4439 tribunalia
994 4381 1115 4452 cumr,
1148 4393 1267 4437 causam
1290 4393 1390 4437 eoram
1407 4373 1508 4451 jndice

162 4462 313 4542 Scriptura
334 4464 479 4545 dicturus,
517 4467 556 4526 Et
585 4484 673 4545 supra
697 4470 837 4528 excusavi
858 4486 920 4542 me,
952 4483 1010 4525 non
1032 4466 1201 4541 litigaturus
1221 4465 1252 4522 in
1274 4464 1331 4524 hoc
1351 4465 1415 4523 loro
1438 4462 1509 4537 (line

161 4551 275 4630 analys.
297 4551 403 4629 XII.),
434 4571 489 4615 nec
511 4563 556 4617 est
578 4572 722 4630 aequum,
754 4563 783 4617 te
805 4556 934 4616 Roberte
956 4553 1033 4612 banc
1063 4569 1146 4613 orare
1168 4568 1303 4626 cansam,
1333 4569 1401 4612 cum
1422 4550 1509 4609 theo-

160 4638 247 4715 logus
269 4657 327 4700 non
351 4642 402 4700 sis.
445 4641 509 4720 Ipsi
530 4641 687 4715 videbunt,
715 4659 770 4703 nee
791 4645 850 4702 tuis
872 4650 990 4702 utentur
1012 4641 1120 4714 oeulis,
1151 4647 1203 4700 tua
1224 4640 1334 4717 lingna.
1378 4639 1453 4699 Nam
1466 4645 1509 4699 tu

162 4724 280 4801 quidem
303 4728 411 4805 oppido
435 4747 524 4805 quam
545 4736 697 4806 suspectus
720 4737 800 4791 actor
822 4731 911 4806 hujus
927 4746 1034 4790 canme
1057 4729 1171 4787 laturus
1184 4728 1283 4787 lucris.
1328 4726 1408 4787 (ledo
1422 4743 1509 4785 nam-

162 4831 219 4889 que
241 4815 324 4875 bosee
350 4816 462 4875 Terrae
490 4836 527 4877 ex
548 4828 601 4877 tua
622 4820 775 4878 sententia
821 4819 951 4878 literam
980 4819 1041 4890 vis,
1074 4833 1112 4875 an
1139 4818 1280 4894 mysticos
1302 4814 1430 4876 sensus?
1474 4813 1507 4874 Si
1601 4889 1605 4902 Ι

161 4900 253 4963 Terre
274 4910 335 4964 stat
357 4903 396 4964 ad
417 4902 539 4981 literam,
562 4906 650 4967 bases
671 4903 794 4967 babebit
815 4905 854 4966 ad
876 4906 1009 4981 literam,
1031 4904 1057 4964 si
1079 4904 1182 4979 bases,
1204 4911 1238 4964 tu
1259 4916 1319 4963 non
1341 4905 1430 4964 beses
1452 4901 1508 4962 oh·

212 5012 307 5066 Kspleri
320 5012 396 5065 opera
407 5012 436 5056 V.
1305 5008 1347 5070 30
