3567 5625
295 392 357 452 366
803 382 955 441 Ptolemaei
972 383 1128 442 Humanis.

382 559 585 616 Translationea
603 558 637 615 de
655 566 720 614 tono
743 559 772 615 in
789 566 884 617 tonum
901 567 1074 630 comparatae
1097 568 1162 615 sunt
1184 560 1379 617 mutationibus
1401 578 1506 617 morum
1522 562 1643 631 publico

294 655 353 693 rum
377 645 405 692 et
425 638 571 694 affectuum
596 655 655 708 esp.
679 639 703 692 7.
740 639 873 696 Videntur
898 648 990 696 autem
1013 639 1167 695 coincidere
1187 640 1255 695 ista:
1286 643 1309 710 ι)
1329 641 1435 710 species
1458 642 1589 711 diapason
1614 645 1643 694 et

294 721 320 788 2)
338 717 396 774 toni
414 732 462 772 sen
480 717 553 772 modi
571 717 676 773 musici.
712 718 750 772 Ει
767 734 833 774 sane
851 738 943 778 verum
961 728 1016 790 est,
1040 727 1176 789 quatenus
1194 720 1251 774 toni
1275 720 1343 776 serie
1360 721 1562 776 intervallorum
1580 735 1643 776 con·

298 799 438 853 cinnorom
465 796 605 867 differunt,
630 795 739 852 omuino
763 799 829 853 mihi
851 799 1019 866 coincidunt,
1046 805 1075 852 at
1098 805 1233 866 quatenus
1255 799 1378 854 acumine
1400 808 1427 854 et
1445 791 1589 870 gravitate,
1614 808 1645 855 ut

295 875 466 934 Ptolemaeus
485 875 545 930 illos
564 873 713 944 distinguit,
732 873 806 931 aliud
825 885 889 933 sunt
907 877 1012 948 species
1030 876 1176 946 diapason,
1194 876 1268 930 uliud
1286 876 1342 931 toni
1361 893 1409 932 seu
1427 878 1513 947 modi,
1534 878 1644 934 duntur·

193 953 197 958 ’
295 975 348 1028 que
365 957 394 1011 in
410 955 504 1010 eudem
524 962 589 1012 tono
608 954 713 1025 species
732 952 854 1011 divumne
872 957 1013 1026 diapason,
1031 955 1117 1025 magis
1135 970 1198 1010 vero
1216 954 1343 1023 diapente
1362 962 1391 1011 et
1408 955 1585 1012 diatessaron

387 1036 460 1090 Nota
477 1035 523 1091 Vl
557 1035 620 1090 Jam
642 1035 677 1089 ad
695 1032 824 1091 coelestia
846 1035 958 1104 trausit;
988 1033 1145 1089 coelestium
1170 1033 1370 1101 suppositiones
1399 1034 1519 1103 appellat
1542 1052 1576 1091 ea
1598 1052 1645 1114 sc,

295 1119 367 1172 circa
385 1127 455 1184 quae
474 1114 564 1171 sidera
581 1115 711 1173 coelestia
729 1123 793 1170 sunt
811 1121 951 1183 occupata,
971 1120 1001 1167 ut
1019 1127 1113 1166 eorum
1130 1121 1233 1180 motus,
1253 1112 1392 1180 sphaerae,
1410 1109 1646 1184 configurationes,

295 1193 503 1250 familiaritates.
538 1195 608 1250 Nam
633 1196 694 1251 libri
712 1197 845 1264 cujusque
871 1192 939 1246 haec
962 1190 1006 1246 uel
1030 1190 1076 1244 illa
1097 1190 1256 1259 hypothesis
1279 1190 1377 1246 dicitur
1401 1208 1476 1262 esse,
1503 1203 1531 1250 et
1548 1196 1646 1254 Graeci

297 1290 410 1345 scopum
427 1273 564 1328 actionum
582 1283 772 1345 susceptarum
790 1271 930 1342 appellant
948 1286 1040 1326 earum
1058 1270 1237 1339 hypothesin,
1256 1270 1333 1337 quusi
1350 1271 1529 1340 propositum.

382 1353 457 1407 Nota
473 1353 532 1407 Vll.
569 1353 689 1410 Partitur
711 1352 903 1409 tractationem
927 1347 1028 1404 induo
1052 1348 1154 1417 capita:
1177 1349 1293 1417 primum
1315 1348 1373 1405 uult
1390 1350 1529 1419 generales
1548 1351 1646 1412 afferre

221 1487 224 1494 ,
296 1431 513 1501 comparationes
533 1431 566 1486 de
585 1433 718 1501 omnibus,
737 1433 764 1488 id
777 1439 820 1487 est
831 1448 901 1502 quae
914 1446 1007 1485 omnes
1019 1429 1144 1499 planetas
1163 1428 1191 1482 in
1210 1444 1308 1499 genere
1320 1430 1443 1500 attinent,
1464 1432 1505 1487 sel
1517 1432 1552 1488 de
1564 1450 1645 1502 quarn

204 1567 207 1572 ,
295 1511 432 1581 plurimis,
455 1512 559 1568 scilicet
577 1513 641 1580 quia
659 1529 714 1567 non
732 1527 825 1568 omues
848 1518 977 1581 aspectus
1002 1509 1126 1564 omnihus
1144 1508 1262 1578 planetis
1281 1515 1452 1578 competunt,
1475 1509 1532 1565 sere
1556 1519 1645 1566 tamen

296 1589 330 1644 de
349 1589 483 1645 omnibus.
520 1589 646 1645 Secundo
668 1589 727 1646 vult
744 1591 777 1646 de
796 1590 924 1659 singulis,
946 1588 1069 1658 intellige
1087 1587 1219 1657 planetis,
1245 1587 1278 1642 de
1301 1587 1349 1657 iis,
1372 1605 1442 1656 quae
1460 1590 1645 1657 particulatim

296 1670 338 1725 vel
356 1685 426 1737 quae
450 1669 509 1724 aliis
527 1670 605 1725 aliter
622 1670 712 1726 inesse
737 1669 985 1740 deprehenduntnr.
1021 1668 1115 1722 Priore
1137 1668 1181 1721 sia
1204 1682 1254 1736 per
1270 1667 1360 1736 capita
1378 1667 1498 1736 quinque
1516 1669 1646 1738 deinceps

297 1750 413 1819 incedit,
432 1750 583 1819 posteriorc
602 1765 652 1819 per
672 1752 711 1805 nt.
734 1752 773 1805 15.
795 1749 834 1805 16.
854 1748 917 1802 libri
932 1748 980 1803 ΙΙΙ.
999 1747 1124 1803 incedere
1142 1747 1305 1817 decreverat,
1324 1755 1354 1801 nt
1372 1748 1492 1803 indicant
1512 1749 1599 1819 tituli3
1619 1757 1647 1804 st

297 1847 351 1886 nou
370 1827 499 1897 absolsit,
517 1827 583 1896 quia
600 1827 669 1882 mam
686 1829 826 1897 ingressus
844 1835 887 1883 est
904 1827 1067 1897 imperviam.

382 1908 457 1961 Nota
473 1905 547 1960 VIII.
584 1906 819 1976 Comparationem
837 1909 908 1962 inter
925 1923 955 1962 se
973 1906 1140 1976 generalium
1158 1905 1261 1961 orditur
1274 1904 1446 1960 Ptolemaeus
1463 1921 1480 1959 a
1497 1913 1647 1976 systemate

295 1984 416 2056 perfeeto
435 1989 463 2039 et
479 1998 496 2037 a
512 1983 632 2038 andiaco.
666 1984 736 2039 Nam
754 1993 785 2041 ut
801 1987 830 2040 in
848 1992 995 2055 systemate
1012 1983 1133 2053 perfecto
1152 1983 1350 2040 omnes-insunt
1362 1983 1480 2039 chordae
1497 2000 1647 2053 earumque

296 2062 446 2122 intervalla.
465 2078 579 2131 genera,
598 2064 703 2132 species
721 2063 944 2133 differentiaeque
963 2073 1019 2119 tum
1036 2063 1286 2130 teuschordorum,
1308 2079 1389 2130 qrsam
1407 2063 1646 2119 consonantiarum

297 2151 478 2209 cantuumque
503 2149 531 2196 et
548 2140 690 2196 modorum
712 2158 761 2199 seu
785 2149 926 2214 tonorum,
950 2144 990 2199 sic
1013 2143 1094 2197 etiam
1117 2142 1168 2196 sub
1186 2141 1297 2195 zodiaco
1322 2141 1452 2197 incedunt
1477 2158 1570 2197 ornnes
1588 2143 1647 2212 pls·

297 2229 458 2277 uetustum
475 2220 575 2290 triplici
595 2236 695 2290 genere
713 2229 844 2290 motuum,
861 2223 889 2276 in
909 2221 1028 2290 longum,
1046 2221 1130 2276 latum
1149 2230 1176 2273 et
1194 2220 1288 2275 altum.
1325 2220 1538 2289 Comparationis
1555 2227 1647 2275 autem

297 2308 456 2371 argumenta
479 2300 559 2356 affert
582 2300 728 2372 praecipue
751 2309 882 2369 quatuor:
906 2301 1022 2370 primum
1045 2306 1201 2355 amotnum
1219 2297 1393 2353 similitudine
1418 2305 1446 2352 et
1464 2298 1648 2368 simplicitate,

298 2380 447 2438 secundum
465 2397 482 2436 a
499 2381 589 2438 reditu
606 2387 727 2435 motuum
745 2381 773 2435 in
791 2396 821 2436 se
839 2381 922 2449 ipsos,
939 2380 1049 2435 tertium
1067 2381 1101 2435 ab
1122 2377 1300 2448 oppositionis
1319 2376 1545 2446 configuratione,
1564 2376 1648 2432 simili

298 2460 463 2529 oppositioni
480 2478 569 2518 meses
587 2468 615 2518 et
633 2468 827 2529 extremarum,
854 2467 981 2529 quartum
1005 2476 1022 2515 a
1039 2458 1171 2515 consimili
1189 2457 1371 2525 magnitudine
1389 2464 1571 2528 potestatum,
1598 2473 1648 2528 op-

298 2538 442 2606 positionis
460 2539 569 2608 quidem
586 2541 658 2598 inter
676 2539 920 2612 configurationes,
939 2538 1071 2607 diapason
1089 2554 1153 2593 veru
1171 2539 1242 2593 inter
1258 2538 1459 2592 consonantias.

383 2618 503 2674 Primum
521 2632 707 2690 argumentum
725 2622 779 2676 hoc
797 2627 854 2674 est:
871 2618 971 2674 dantur
987 2617 1016 2672 in
1032 2617 1144 2673 zodiaco
1162 2615 1317 2684 intervalla,
1342 2615 1440 2672 dantur
1457 2617 1539 2670 etiarn
1556 2616 1584 2670 in
1604 2633 1649 2687 sy·

299 2703 414 2751 stemate
431 2697 588 2770 interualla3
613 2709 641 2756 et
666 2717 716 2772 per
732 2701 807 2755 illam
825 2697 934 2766 quidem
957 2697 1058 2766 trajicit
1082 2696 1158 2752 sidus
1176 2694 1300 2764 aliquod,
1326 2711 1376 2764 per
1393 2695 1447 2750 ista
1469 2710 1532 2749 sero
1550 2703 1648 2749 cantus

299 2776 405 2846 transit,
424 2785 514 2834 motus
532 2794 569 2836 se.
589 2782 715 2851 utrinque
732 2787 775 2837 est
791 2776 897 2833 localis.
932 2774 1078 2831 Intervalla
1101 2774 1209 2844 quidem
1227 2774 1331 2831 zodiaci
1353 2774 1445 2844 qualis
1463 2775 1529 2844 sint,
1551 2790 1601 2844 per
1618 2789 1649 2831 sc

299 2861 384 2925 patet,
403 2863 432 2910 at
450 2857 594 2916 intervalla
611 2862 639 2916 in
658 2868 804 2931 systemate
826 2858 933 2927 gemina
952 2872 1034 2912 sensu
1052 2855 1153 2911 insunt.
1188 2855 1308 2910 Primum
1332 2857 1402 2911 enim
1426 2854 1604 2910 materialiter
1622 2864 1651 2910 et

299 2934 426 3003 organice
448 2936 550 2992 distem
574 2940 609 2994 ab
633 2940 747 2996 invicem
771 2937 903 3003 mordas,
928 2935 968 2990 sic
990 2940 1021 2990 ut
1038 2933 1231 3003 unaquaelibet
1254 2935 1365 2990 seorsim
1389 2933 1520 2990 aceteris
1546 2932 1650 3002 pulsari

298 3012 400 3082 possit3
423 3015 496 3069 etin
519 3016 613 3072 codice
630 3017 797 3074 Ptolemaico
815 3019 965 3087 pinguntur
987 3015 1104 3070 chordae
1123 3013 1276 3082 systematis
1300 3013 1377 3069 lineis
1398 3013 1495 3068 erectis
1521 3012 1594 3067 inter
1619 3029 1650 3067 se

228 3154 232 3163 Ι
257 3130 259 3137 ,
299 3090 448 3162 parallelis,
466 3093 575 3149 illarum
593 3096 677 3166 igitur
693 3099 763 3156 eliae
782 3098 816 3153 ad
835 3095 973 3151 sinistram
990 3093 1076 3163 magis
1094 3091 1237 3162 recedunt,
1256 3092 1324 3146 aliae
1343 3092 1378 3147 ad
1397 3092 1528 3159 desuem,
1548 3091 1650 3147 disten.

299 3176 341 3224 tes
359 3171 394 3225 ab
411 3171 534 3243 Invicem,
553 3174 581 3229 id
600 3184 642 3231 est
660 3176 856 3232 intervallatae.
892 3174 931 3228 Et
948 3173 1015 3228 haec
1034 3172 1160 3239 organica
1178 3170 1309 3226 mutantia
1328 3171 1434 3240 peperit
1451 3186 1550 3225 nomen
1568 3172 1650 3226 inter-

300 3247 366 3304 valli
384 3250 412 3305 in
428 3253 546 3323 musica,
571 3256 644 3323 quod
663 3256 760 3312 deinde
778 3255 859 3311 etiam
878 3253 914 3308 ad
931 3251 1000 3307 alias
1017 3249 1178 3307 translatum
1197 3249 1248 3304 suit
1267 3250 1486 3318 significationes.
1523 3250 1651 3306 Secundo

300 3327 371 3382 enim
389 3345 470 3385 voces
487 3330 666 3404 intervallum,
685 3335 829 3401 dismntia,
855 3340 1001 3389 sumuntur
1018 3331 1098 3386 etiam
1122 3330 1156 3386 de
1175 3329 1326 3386 differentia
1352 3333 1496 3399 potestatis
1521 3347 1652 3387 sonorum

298 3406 326 3460 in
345 3408 469 3464 acumine
487 3417 514 3463 et
532 3410 673 3482 ganuae,
693 3415 758 3482 quia
774 3421 994 3469 socemacutam
1012 3410 1125 3466 dicimus
1144 3409 1244 3479 ultam,
1263 3425 1371 3478 grauem
1388 3409 1567 3480 profundam,
1591 3427 1653 3466 cum

215 3516 218 3527 .
299 3485 473 3543 intervallum
491 3487 602 3557 aliquod
619 3492 759 3548 insinuent
776 3493 847 3547 inter
863 3507 894 3547 se
912 3496 1097 3560 comparatae;
1117 3490 1241 3559 sequitur
1259 3499 1289 3544 ot
1308 3490 1389 3546 etiam
1405 3490 1434 3546 in
1452 3506 1534 3545 sensu
1547 3489 1653 3543 musico

299 3564 372 3619 iuter
390 3581 486 3620 sonum
506 3566 590 3622 altum
609 3575 637 3623 et
654 3569 820 3637 profundum
839 3568 1008 3638 concipiatur
1027 3568 1198 3623 intervallum
1211 3570 1433 3639 metaphoricum.
1467 3570 1548 3624 Prior
1559 3570 1655 3638 itaque

301 3643 469 3713 significatus
493 3647 569 3702 uocis
593 3648 767 3704 intervallum
788 3648 877 3703 lucum
903 3646 1050 3716 praecipue
1073 3645 1156 3701 habet
1178 3647 1231 3701 hoc
1248 3656 1343 3702 octavo
1362 3648 1465 3717 capite,
1491 3648 1655 3717 posterioris

298 3723 368 3777 ratio
386 3724 474 3792 mayor
489 3723 635 3783 habebitur
653 3728 742 3797 capite
760 3728 885 3797 sequenti
902 3743 983 3781 nono.
1019 3726 1058 3780 Et
1076 3726 1140 3793 quia
1162 3742 1254 3781 vocem
1271 3741 1394 3794 graemm
1417 3743 1499 3782 unum
1516 3743 1568 3799 ego
1589 3730 1655 3785 dua·

300 3800 352 3856 bus
370 3800 463 3859 latinis
481 3805 595 3875 reddidi,
616 3806 791 3876 »pertransiri
809 3805 1000 3875 absumique«,
1025 3819 1117 3858 earnm
1134 3806 1209 3875 prior
1226 3805 1336 3875 quidem
1353 3805 1465 3876 respicit
1482 3806 1516 3861 ad
1535 3808 1655 3878 pslmum

300 3880 497 3951 significatum,
521 3884 658 3952 posterior
679 3900 743 3939 sero
768 3885 802 3939 ud
821 3882 985 3952 secundum
1010 3881 1066 3935 illie
1084 3891 1173 3938 motus
1191 3893 1234 3940 est
1252 3885 1349 3953 plectri
1374 3900 1424 3956 per
1441 3882 1560 3941 chordas
1587 3887 1656 3945 locis

301 3959 446 4030 datantes,
471 3960 517 4016 hic
535 3976 598 4017 reno
620 3964 784 4033 permutatio
806 3962 898 4032 potius
921 3971 964 4018 est
986 3977 1114 4018 sonorum
1131 3961 1281 4017 scutiorum
1307 3979 1367 4018 cum
1385 3963 1563 4032 gravionbus.
1601 3965 1657 4019 Ab·

301 4038 443 4093 solvuntur
467 4048 559 4095 auteur
584 4057 633 4096 seu
658 4041 864 4097 constituuntur
886 4043 947 4097 soni
973 4058 1066 4097 omnes
1090 4042 1206 4109 primum
1229 4043 1256 4096 in
1274 4043 1457 4097 monochordo
1476 4043 1559 4099 etiam
1579 4052 1658 4100 motu

243 4136 249 4145 ¹
302 4119 393 4187 aliquo
412 4118 533 4189 ephippii
549 4136 600 4191 per
616 4121 786 4176 intervallum
803 4122 880 4192 illud,
899 4138 982 4193 snper
998 4137 1052 4191 quo
1070 4126 1151 4176 tensa
1163 4129 1206 4176 est
1218 4120 1320 4176 chorda
1332 4123 1419 4189 unica,
1438 4138 1472 4177 ex
1485 4139 1540 4192 quo
1555 4122 1656 4178 deinde

300 4197 480 4253 instrumento
498 4200 558 4255 soni
576 4200 676 4271 singuli
693 4201 722 4255 in
739 4202 861 4270 singulas
879 4201 998 4257 chordas
1016 4216 1065 4271 per
1082 4201 1232 4255 tensionem
1251 4199 1356 4256 illarum
1374 4202 1588 4259 transferuntur.

387 4277 450 4332 Non
468 4277 546 4346 ponit
561 4284 652 4334 tumen
670 4279 842 4335 Ptolemaeus
860 4281 1037 4350 praecipuam
1055 4280 1208 4348 argumenti
1218 4280 1271 4333 mm
1284 4279 1312 4334 in
1324 4297 1378 4335 uno
1396 4281 1439 4335 sel
1456 4280 1543 4336 altero
1557 4282 1658 4338 horum

301 4362 423 4411 motuum
439 4355 575 4425 localium,
595 4358 644 4415 sed
661 4358 780 4414 inculcat
797 4358 856 4427 ejus
876 4358 1048 4414 solitudinem
1066 4357 1219 4428 utrobique,
1237 4368 1265 4413 et
1277 4360 1383 4417 ridetur
1399 4361 1452 4416 hoc
1463 4359 1535 4415 selle
1548 4362 1657 4418 dicere:

302 4435 373 4491 sicut
389 4437 417 4490 in
433 4436 492 4506 lyra
511 4436 645 4506 plectrum
663 4437 703 4493 sel
723 4439 750 4493 in
768 4437 954 4494 monochordo
973 4437 1131 4508 ephippium
1150 4453 1257 4492 sursum
1273 4438 1398 4495 deorsum
1410 4456 1503 4496 errans
1519 4440 1659 4495 disemos·

302 4531 357 4584 qne
373 4530 456 4570 sonos
473 4514 541 4571 illud
558 4515 683 4585 ebriens,
705 4516 779 4571 istud
803 4516 1002 4585 determinans,
1027 4532 1083 4571 non
1100 4523 1190 4571 umen
1213 4525 1301 4573 mutat
1323 4520 1476 4589 systematis
1498 4519 1544 4576 vel
1561 4535 1660 4575 mono·
1764 4516 1765 4521 ’

302 4594 399 4652 chordi
416 4595 534 4664 speeiem
552 4602 580 4650 et
597 4595 725 4664 iigmam,
748 4594 798 4650 sed
815 4595 929 4650 eandem
948 4611 1064 4664 semper,
1082 4602 1114 4650 ut
1130 4596 1239 4665 quoties
1250 4596 1328 4653 lubet
1344 4596 1457 4651 eandem
1475 4613 1572 4653 rursus
1592 4613 1658 4653 cau·

302 4674 417 4745 donem,
440 4674 551 4732 eosdem
569 4676 674 4732 sonitus
693 4676 791 4732 elicere
808 4676 962 4745 possimus:
988 4675 1027 4729 sic
1045 4676 1125 4730 auam
1142 4675 1170 4729 in
1189 4675 1264 4730 coelo
1282 4670 1457 4729 translatione
1481 4673 1604 4731 siderum
1624 4675 1660 4730 de
1700 4718 1704 4723 .

302 4753 363 4810 loco
382 4754 517 4811 inlocum
535 4754 637 4811 nullam
656 4755 815 4825 corporibus
833 4754 900 4823 ipsis
917 4753 1011 4809 inferri
1028 4754 1218 4823 mutationem,
1237 4769 1325 4823 neque
1343 4754 1396 4808 iter
1413 4754 1441 4809 in
1458 4754 1546 4826 coelo,
1563 4754 1662 4809 nodia·

304 4848 373 4905 oum,
391 4834 477 4890 reteri
494 4832 633 4890 excedere.
671 4834 761 4903 Hujus
778 4834 931 4904 argumenti
947 4834 1001 4888 sim
1017 4832 1172 4890 Macrobius
1189 4833 1217 4888 in
1236 4833 1373 4889 Summum
1392 4832 1528 4904 Scipionis
1547 4835 1660 4893 videtm
