3567 5625
302 376 366 441 see
732 369 1017 440 meoparonem
1034 369 1212 427 nmmos.
1313 352 1319 369 ‘

302 549 380 611 bunc
410 567 466 626 ego
495 555 667 613 concentum
693 548 894 609 summun-
924 552 1035 609 auctori
1059 549 1174 610 Bodino
1198 548 1286 610 Gallo
1313 553 1446 627 remitto,
1475 566 1564 628 penes
1597 568 1651 617 uos

304 637 465 699 Germanos
491 636 605 713 judicia
632 637 661 695 iu
690 639 855 715 praecipuis
884 638 1053 697 deitatibus
1083 646 1113 696 et
1141 641 1298 714 provinciis
1325 638 1427 715 procul
1450 647 1584 699 arcemur
1612 642 1650 698 ab

302 723 470 802 hujusmodi
501 724 636 785 sordibus
669 741 723 784 nec
756 723 831 783 ultra
862 724 960 800 legum
993 727 1201 803 praescriptum
1232 727 1388 801 quicquam
1421 726 1491 787 lieet
1524 729 1651 802 exigere.

304 807 583 893 sinisteritatum
613 811 778 871 distributio
810 812 975 888 aequabilia
1012 814 1042 869 in
1074 814 1172 889 capita
1206 830 1293 871 sexos
1325 816 1476 889 utriusque
1508 813 1651 873 arithme-

302 903 367 960 tieis
400 900 515 976 legibus
543 900 706 979 peragitur,
734 906 769 958 ut
790 901 902 975 origine
928 898 1066 975 aequales
1095 901 1330 977 proportionibus
1356 903 1446 960 ctiam
1467 902 1651 961 substantiae

302 990 339 1047 sb
363 987 465 1048 eodem
486 995 569 1064 patre
592 985 709 1047 relictae
730 994 903 1062 sequentur.
948 988 988 1046 At
1010 988 1079 1045 dum
1094 989 1165 1064 reip.
1187 988 1356 1062 consulitur,
1379 988 1501 1065 praedis
1515 989 1554 1047 ad
1570 1007 1651 1048 mas·

303 1074 394 1149 culos,
418 1076 467 1150 qui
490 1074 611 1137 muriae
633 1075 816 1134 necessariae
832 1076 899 1132 'sint
920 1077 997 1152 apti,
1029 1077 1170 1151 pecuniae
1193 1074 1231 1134 ad
1253 1076 1377 1135 iemiaas
1399 1082 1429 1134 et
1450 1075 1488 1134 ad
1509 1094 1651 1153 personas

301 1162 366 1223 Deo
389 1171 572 1223 consecratas
604 1159 800 1223 devolvuntur
822 1160 949 1237 dumque
975 1163 1160 1239 primogeniti
1182 1165 1285 1222 ceteris
1308 1162 1356 1222 vel
1378 1163 1481 1238 maiori
1504 1165 1649 1240 portione,

303 1250 349 1311 ecl
372 1252 460 1311 totius
475 1254 550 1311 mdc
564 1251 750 1326 possessione
764 1248 974 1325 praeferuntur,
996 1249 1116 1325 reliquis
1133 1249 1179 1309 rel
1194 1251 1379 1326 portionibus
1398 1253 1473 1310 inter
1488 1268 1520 1310 se
1535 1269 1649 1328 aequa·

301 1336 385 1413 libna,
408 1337 576 1414 collegato
599 1336 646 1396 vel
668 1336 818 1397 usufructu
839 1334 905 1395 solo
928 1336 1105 1413 providetur,
1130 1344 1162 1395 ut
1177 1339 1274 1413 imago
1289 1336 1435 1414 quedam
1458 1340 1649 1417 principatus,

300 1425 381 1485 utilis
402 1428 473 1502 reip.
497 1429 526 1483 iu
548 1423 683 1499 familiis,
707 1430 866 1499 ominatum
898 1422 927 1480 id
950 1423 983 1482 iit
1004 1426 1166 1483 rationibus
1189 1425 1379 1497 harmonicis,
1405 1442 1481 1502 quse
1504 1426 1649 1485 interdurn

301 1511 391 1573 durae
413 1520 481 1573 aunt
501 1506 659 1574 admodum
680 1520 712 1571 et
733 1509 926 1584 dissonantes,
947 1511 1047 1587 quoad
1070 1510 1209 1588 singulos,
1238 1514 1347 1590 quippe
1370 1513 1487 1572 turbate
1508 1513 1650 1573 arithm·

303 1602 361 1665 tica
382 1600 571 1678 aequalitate,
593 1599 631 1658 ad
654 1601 907 1659 conservationem
929 1607 1026 1658 tamen
1049 1602 1202 1659 universae
1225 1601 1354 1660 civitatis
1378 1603 1552 1678 conspirant.

386 1686 493 1748 XXII.
515 1686 550 1746 In
572 1685 705 1766 populari
735 1688 873 1763 imperio,
903 1686 983 1764 quod
1007 1705 1042 1747 ex
1070 1687 1253 1747 arithmetica
1280 1688 1460 1765 aequalitate
1483 1690 1650 1748 coniorma·

301 1783 362 1835 tum
385 1784 438 1850 est,
461 1783 490 1835 et
512 1777 542 1833 in
565 1776 748 1851 optimatum,
772 1773 851 1850 quod
873 1792 910 1833 ex
932 1776 1108 1853 geometrica
1130 1774 1333 1849 similitudine,
1356 1792 1445 1854 nepe
1468 1784 1566 1837 tamen
1591 1779 1650 1836 ali·

301 1879 361 1939 qua
382 1863 656 1941 contemperationis
677 1864 754 1923 ratio
776 1862 907 1922 babetur.
953 1859 992 1921 Ut
1014 1879 1080 1921 cum
1094 1862 1221 1940 populus
1237 1865 1299 1940 ipse
1313 1879 1408 1923 rerum
1420 1870 1528 1941 potens
1542 1874 1648 1942 sponte

301 1967 356 2011 sna
376 1952 505 2027 patriciis
533 1952 719 2028 potissimum
748 1948 889 2021 bonores,
920 1950 1122 2026 magistratus,
1152 1949 1316 2010 sacerdotia
1340 1949 1477 2026 mandat,
1508 1959 1560 2011 ant
1582 1970 1648 2012 cum

302 2038 456 2114 optimates
477 2037 592 2115 plebem
607 2039 757 2098 *bonorum
780 2034 984 2096 nonnullorum
999 2039 1168 2114 participem
1187 2038 1308 2113 iaciunt,
1329 2034 1560 2098 unctuosi'ssima
1581 2057 1648 2098 mu-

299 2141 369 2184 nera
397 2124 468 2185 solis
493 2124 619 2202 plebejis
640 2123 821 2194 concedunt,
850 2123 974 2199 injurias
1002 2126 1044 2184 eis
1071 2125 1109 2184 ab
1133 2125 1322 2201 optimatibus
1345 2124 1443 2184 illatas
1470 2129 1646 2202 merissime

300 2211 494 2288 ulciscuntur,
524 2211 686 2273 libertatem
715 2211 846 2271 tribuunt
866 2211 1052 2271 fruendarum
1074 2211 1275 2289 voluptatum,
1305 2229 1381 2290 quae
1409 2230 1462 2289 per
1483 2231 1515 2274 se
1538 2222 1648 2273 statrrm

299 2297 470 2376 popularem
490 2303 577 2377 sapit,
599 2300 729 2377 suffragii
751 2296 901 2375 quoddam
919 2299 970 2376 jus
985 2298 1064 2376 plebi
1087 2301 1259 2376 permittunt
1280 2302 1310 2357 iu
1326 2299 1489 2360 ossdidatis
1508 2311 1648 2378 urgente

301 2388 475 2466 optimatum
496 2397 574 2450 certo
598 2403 717 2448 numero
739 2385 957 2464 nuncupandis,
987 2403 1023 2445 ex
1045 2403 1104 2462 quo
1126 2403 1246 2446 numero
1277 2389 1334 2463 ipsi
1355 2396 1459 2463 postea
1481 2391 1647 2467 optimates,

301 2475 408 2552 quibus
436 2475 551 2551 volunt,
581 2477 768 2551 magbuatns
799 2472 929 2533 cedunt
974 2471 1057 2555 Quae
1086 2476 1251 2534 communio
1281 2474 1420 2551 quamdiu
1449 2483 1555 2552 sponte
1583 2479 1648 2552 ejus

301 2562 418 2636 ordinis,
440 2579 530 2639 penes
552 2579 639 2639 quem
661 2577 805 2621 summum
829 2568 874 2620 est
895 2562 1061 2636 imperium,
1086 2563 1232 2635 consistit,
1257 2564 1450 2622 suavissimus
1472 2563 1648 2623 concordiae

301 2651 411 2709 civium
440 2658 596 2710 concentus
623 2649 723 2724 durat3
755 2657 787 2707 at
815 2650 841 2706 al
870 2653 1039 2721 revocetur,
1070 2650 1194 2724 primum
1216 2649 1353 2727 quereias
1380 2660 1532 2727 emergunt
1553 2655 1647 2728 partis

299 2737 451 2813 multatae,
485 2735 589 2797 deiude
612 2735 788 2809 discordiae,
818 2737 903 2814 quasi
926 2735 1043 2795 turbato
1067 2744 1221 2814 concentu,
1252 2736 1377 2817 denique
1407 2737 1454 2798 rel
1476 2740 1649 2799 transfertur

299 2827 451 2902 imperium
473 2823 522 2885 vel
544 2833 608 2885 tots
629 2827 734 2885 civitas
756 2822 890 2884 hostibus
912 2825 1083 2884 succumbit
1128 2825 1209 2887 ldeus
1234 2825 1269 2886 de
1288 2827 1368 2902 regio
1384 2835 1472 2902 statu
1496 2830 1542 2888 cui
1558 2829 1648 2886 iami-

298 2911 380 2971 lisris
402 2921 447 2972 est
468 2910 635 2972 harmonica
655 2914 740 2986 ratio,
763 2910 920 2971 tenendum
943 2913 1006 2986 erit,
1029 2914 1058 2969 in
1082 2929 1140 2989 quo
1163 2923 1238 2971 unus
1260 2921 1401 2988 quaruum
1424 2917 1528 2975 esteris
1549 2916 1648 2975 omni·

300 2999 355 3059 bus
377 3007 520 3076 praestat,
548 3007 660 3059 tentum
688 3000 777 3058 etiarn
799 2998 885 3058 'solua
908 3016 1052 3059 summum
1077 3000 1126 3074 jus
1149 3001 1262 3077 imperii
1291 3001 1438 3078 possidet3
1470 3004 1557 3061 ceteri
1590 3003 1648 3062 sub

301 3085 351 3145 ilio
374 3086 483 3164 degunt
503 3087 686 3147 arithmetica
708 3084 896 3163 aequsiitate.
940 3085 1006 3146 Hac
1028 3089 1115 3162 igitur
1144 3089 1174 3145 iu
1195 3089 1316 3164 politiae
1340 3089 1433 3148 torma
1460 3097 1557 3164 potest
1580 3107 1648 3151 esse

299 3173 482 3249 gubernandi
503 3177 577 3235 ratio
601 3178 686 3234 trium
708 3191 855 3252 generum,
880 3172 960 3249 quod
981 3191 1069 3250 supra
1092 3176 1180 3234 edam
1202 3174 1258 3235 No.
1282 3175 1338 3234 IX.
1362 3178 1568 3253 tangebamus,
1592 3177 1647 3236 sed

300 3258 361 3320 iilic
389 3260 425 3322 ds
447 3278 492 3334 rs,
520 3262 568 3323 bic
587 3262 625 3324 ds
647 3265 779 3341 personis
809 3279 861 3322 seu
883 3259 1048 3334 ordinibus,
1079 3263 1147 3340 reip.
1172 3264 1322 3339 membris,
1353 3267 1477 3340 agimus.
1521 3264 1598 3323 Nam
1621 3268 1647 3324 si

300 3349 399 3408 omnia
420 3351 520 3408 munia
540 3367 591 3410 rex
612 3367 649 3410 cx
671 3366 767 3426 aequo
790 3351 991 3424 communicet,
1014 3348 1095 3407 nulla
1117 3348 1303 3411 distinetione
1325 3352 1487 3411 nobilitatis
1509 3369 1527 3410 a
1549 3351 1648 3431 plebe,

301 3435 449 3511 popularis
473 3437 526 3495 erit
547 3443 577 3496 et
597 3437 797 3496 arithmeticae
819 3436 921 3496 similis
943 3436 1114 3509 moderatio,
1137 3454 1196 3495 non
1219 3437 1325 3498 decora
1341 3440 1487 3515 majestati
1503 3457 1648 3513 summae,

301 3526 409 3600 quippe
432 3541 561 3584 summus
585 3525 646 3600 ipse
669 3541 734 3582 cum
757 3522 856 3583 infima
877 3523 959 3582 lacco
982 3524 1175 3599 copulabitur,
1199 3525 1281 3585 nulio
1300 3523 1397 3586 medio
1421 3527 1572 3603 interiecto
1598 3546 1648 3586 or·

300 3610 375 3685 dinc,
399 3611 478 3688 quod
500 3619 605 3672 natura
626 3619 723 3671 tamen
746 3618 835 3671 amet.
878 3609 955 3686 Quin
978 3613 1036 3670 imo
1058 3613 1139 3671 cives
1168 3629 1327 3688 generosae
1349 3611 1457 3673 indolis
1478 3631 1568 3689 regno
1594 3633 1650 3674 ex-

301 3699 413 3772 cedent,
437 3702 462 3758 ai
485 3698 582 3760 nullus
604 3700 719 3778 generis
741 3707 900 3777 respectus.
944 3697 1107 3758 Siuomnia
1122 3700 1251 3759 conterat
1271 3703 1299 3758 in
1315 3700 1508 3776 nobilitatem,
1530 3702 1652 3762 seclusa

300 3787 416 3862 penitus
437 3785 540 3863 plebe,
568 3788 746 3862 geometrica
768 3785 842 3846 baec
863 3786 1024 3861 impersudi
1045 3787 1139 3847 forma
1161 3790 1229 3862 crit,
1260 3788 1312 3848 sed
1336 3788 1501 3865 periculosa
1524 3797 1554 3848 et
1576 3790 1651 3848 bar·

300 3875 416 3932 monica
436 3875 581 3932 suavitate
604 3890 722 3948 cuens,
750 3873 877 3951 populus
907 3875 984 3932 enim
1012 3873 1126 3952 poliens
1148 3876 1348 3951 magnitudine
1375 3875 1493 3935 undem
1515 3876 1650 3937 offensus

186 3959 191 3969 '
298 3957 481 4020 nobilitatem
502 3961 720 4036 magistratibus
744 3969 774 4019 ct
795 3960 965 4033 bonoribus,
988 3977 1085 4035 regem
1109 3964 1203 4040 ipsum
1235 3966 1356 4041 imperio
1372 3963 1562 4040 exspoliabit
1610 3966 1652 4024 Et

300 4047 435 4122 quamvis
457 4048 587 4124 srgutius
608 4044 769 4122 distinguat
791 4045 956 4106 moderator
978 4047 1092 4108 ordines
1115 4051 1145 4108 iu
1167 4049 1265 4127 plures
1287 4052 1409 4127 gradus,
1433 4050 1595 4127 distinguat
1619 4061 1651 4112 et

297 4127 414 4205 munia',
436 4136 462 4192 si
484 4143 580 4194 tamen
603 4135 709 4210 cuique
731 4134 824 4193 ordini
846 4151 902 4194 sua
922 4132 978 4194 soli
1000 4144 1161 4210 conservet,
1184 4146 1218 4195 nt
1233 4137 1345 4198 Romae
1358 4139 1523 4198 tribunatus
1545 4139 1648 4216 plebis

165 4283 168 4288 ,
297 4220 391 4281 solius
413 4229 491 4295 erat,
520 4221 690 4282 consuimus
710 4223 898 4298 patriciorum
921 4227 1045 4296 tenum,
1075 4222 1278 4283 alienabuntur
1303 4225 1488 4286 abinvicem
1519 4226 1651 4298 ordines,

298 4325 352 4370 nec
374 4307 457 4368 firma
483 4311 557 4369 iuter
576 4327 610 4370 se
632 4308 787 4370 concordia
813 4310 843 4366 in
871 4325 961 4368 unum
989 4326 1091 4387 corpus
1120 4310 1296 4373 coalescent.
1340 4311 1415 4372 Nam
1444 4316 1545 4372 munia
1568 4315 1651 4374 inie-

297 4397 406 4456 riorum
428 4413 493 4457 oum
516 4399 579 4474 ipso
603 4397 703 4457 ordine
726 4404 954 4470 contemnentur,
979 4395 1055 4456 adeo
1077 4405 1110 4456 ut
1133 4397 1243 4459 Romae
1265 4400 1443 4460 tribunatum
1465 4417 1566 4478 gerere
1588 4419 1650 4478 ps-

298 4484 395 4543 iricius
419 4501 476 4544 uon
498 4486 632 4563 potuerit,
656 4486 713 4545 nisi
735 4485 848 4560 ejurata
870 4484 1032 4558 nobilitste,
1056 4490 1085 4543 et
1107 4501 1173 4545 cum
1190 4490 1359 4547 extorsisset
1377 4487 1537 4564 aliquando
1560 4489 1649 4566 plebs

299 4571 499 4649 considatunr,
527 4580 624 4633 umen
657 4572 765 4652 plebeii
795 4572 929 4632 consules
956 4573 1011 4648 ipsi
1042 4574 1126 4651 pauci
1154 4591 1275 4633 nnmcro
1306 4575 1421 4653 piebem
1445 4575 1550 4636 exinde
1572 4593 1652 4636 cou-

297 4666 497 4807 remneffim
519 4746 749 4825 disputationum
770 4747 867 4810 ideam
889 4744 1020 4806 Bodinos
1041 4748 1221 4808 innumeris
1242 4751 1446 4826 proponitper
1467 4752 1592 4827 primum
1616 4753 1650 4809 in

297 4832 343 4893 bis
366 4835 401 4910 4,
432 4835 466 4910 6,
499 4838 527 4895 l.
571 4833 629 4895 Hic
652 4836 791 4912 &regem
819 4842 1030 4912 repraesentat,
1062 4836 1303 4911 dnobiiitatem,
1332 4838 1466 4914 interque
1494 4838 1549 4898 bos
1578 4856 1651 4900 esse
