3567 5625
256 429 319 498 452
380 399 382 404 ¹
723 423 889 505 appendicis
907 427 1133 509 Harmonicornnt

255 611 404 690 principiis
426 625 535 668 marem
558 616 587 669 et
609 610 745 669 feminam
758 613 896 672 unimus
919 612 991 672 facis
1006 611 1127 689 physice
1143 609 1293 688 aequales,
1315 611 1486 669 societatem
1501 625 1601 668 eorum

255 702 419 758 unisonum.
464 696 538 756 Mihi
562 715 624 755 mas
648 705 692 756 est
713 707 747 756 ut
769 698 907 773 binarius,
931 701 1038 759 femina
1062 708 1093 757 nt
1115 702 1221 771 unitas,
1244 700 1355 756 ratione
1379 696 1497 772 quidam
1520 714 1601 756 com·

256 789 415 865 putationis
439 801 503 852 cum
527 784 741 845 concordantiis
764 789 892 848 musicis.
938 787 999 859 Tu,
1023 790 1047 846 si
1071 787 1168 864 lubet,
1199 777 1278 844 ve‘rte
1301 784 1446 853 ordinem,
1475 787 1599 843 sirmas

256 877 362 948 unitas,
385 874 493 931 femina
515 873 653 957 binarius,
678 881 833 951 propterea
855 878 925 951 quia
947 874 1046 934 tardos
1069 893 1157 932 seiros
1179 874 1318 932 materiae
1341 889 1503 951 comparas,
1527 871 1600 931 tardi

256 965 335 1022 cuim
356 962 421 1019 soni
445 960 606 1035 majoribus
629 962 841 1036 quantitatibus
863 962 1038 1032 familiares,
1063 963 1240 1043 utUmateria
1262 960 1395 1019 feminae.

340 1047 493 1107 Hactenus
515 1050 616 1123 itaque
639 1046 783 1108 collusum
805 1048 889 1108 nobis
914 1060 958 1108 est
980 1048 1143 1124 analogiis,
1177 1055 1208 1108 at
1226 1048 1289 1123 jam
1313 1050 1341 1103 in
1366 1046 1482 1106 diversa
1504 1044 1600 1104 disce-

255 1136 360 1210 dimus,
384 1136 452 1194 dum
476 1143 506 1192 tu
531 1151 629 1210 negas,
652 1137 717 1193 aar
738 1138 888 1211 analogiis
910 1137 986 1194 hisae
1006 1137 1162 1211 perueniri
1181 1152 1265 1213 posse
1293 1134 1341 1193 vel
1361 1133 1403 1192 ad
1424 1133 1604 1191 acmoniae

254 1232 400 1283 secretum
422 1223 468 1281 vel
490 1220 532 1281 ad
552 1229 690 1281 motuum
713 1223 880 1282 carlutium
903 1227 1063 1299 mysteria5
1087 1225 1139 1296 ais,
1162 1224 1312 1281 mensuris
1322 1228 1507 1296 potestatum
1529 1228 1602 1278 tua-

255 1329 329 1371 rum
359 1312 551 1369 csamhamis
581 1309 771 1383 harmonias,
800 1314 944 1387 mysteria
974 1320 1108 1369 acturae
1134 1317 1162 1369 ct
1181 1309 1292 1368 raaudi
1314 1317 1412 1368 motus
1434 1309 1517 1381 eiici,·
1549 1310 1604 1378 ais,

255 1399 335 1459 hauc
356 1416 415 1456 csse
436 1397 607 1455 doctrinam
628 1397 740 1470 solam,
762 1400 826 1455 siric
848 1417 910 1473 qua
933 1399 1022 1458 nulia
1044 1415 1205 1469 mensura,
1227 1400 1385 1472 proportio
1407 1402 1460 1454 etc.
1483 1397 1605 1470 acquiri

252 1490 368 1562 possit,·
397 1487 459 1558 ais,
487 1487 552 1542 siue
573 1484 627 1542 ltoc
649 1487 814 1560 sapientiae
838 1485 1025 1543 Hermeticue
1053 1485 1131 1544 dorio
1155 1487 1306 1542 nemiuem
1335 1485 1475 1541 scimtiac
1504 1489 1604 1540 astro-

255 1577 378 1633 nomiae
398 1575 531 1648 peritum
553 1571 743 1630 desiderum
765 1577 825 1630 situ
847 1581 875 1630 ct
896 1574 1025 1631 motibus
1046 1579 1123 1631 recte
1144 1572 1286 1643 judicare
1314 1589 1415 1645 passe3
1448 1572 1506 1640 ais,
1540 1571 1605 1625 sias

260 1661 305 1719 bis
326 1663 473 1719 nemiuem
496 1661 530 1716 iu
551 1661 707 1716 scientiam
730 1659 867 1734 aliquam
891 1677 927 1722 ea
941 1661 1000 1717 iilis
1017 1659 1224 1718 'iliberalibus
1241 1665 1318 1716 recte
1330 1666 1490 1734 penetrare
1504 1673 1603 1730 possc3

257 1765 351 1807 meam
374 1748 504 1806 vicissim
526 1747 734 1804 astronomiam
757 1746 890 1822 appellas
913 1749 1125 1822 imaginariam.
1171 1746 1233 1823 Ego
1256 1746 1349 1804 multa
1375 1744 1494 1820 quidem
1518 1742 1604 1802 video

138 1857 150 1876 r
258 1837 395 1914 promitti,
419 1832 517 1892 malim
542 1842 636 1892 tamen
661 1833 738 1891 clara
754 1832 980 1892 demonstrandi.
1025 1833 1101 1893 Nam
1116 1834 1294 1892 astronomia
1309 1839 1419 1906 nostra,
1443 1832 1603 1900 hominnm,
1693 1845 1697 1856 ·

258 1934 400 1999 quantam
423 1937 478 1997 ego
501 1922 571 1990 scio,
595 1921 714 1980 minime
736 1919 970 1979 Hermetiaorum
991 1917 1028 1999 (si
1042 1921 1212 1998 Tychonem
1231 1916 1372 1997 excipias)
1393 1921 1422 1976 in
1446 1918 1603 1997 propatulo

258 2019 316 2083 est,
347 2013 410 2085 ipsa
432 2025 485 2084 pro
507 2026 538 2066 se
562 2006 698 2082 loquitur.
743 2007 808 2066 Non
832 2007 965 2084 expedit,
997 2007 1145 2069 studiosas
1168 2009 1311 2067 honarum
1332 2009 1454 2080 artium,
1481 2005 1603 2064 dimissa

258 2115 309 2176 per
331 2103 509 2157 contemtum
531 2097 708 2153 astronomia
731 2094 854 2171 vulgari,
879 2099 936 2154 tuis
959 2095 1070 2155 inhiare
1092 2097 1344 2172 promissionibus,
1369 2112 1424 2154 nec
1446 2102 1604 2170 postquam

259 2205 278 2245 a
300 2202 345 2243 me
368 2200 447 2241 nora
469 2181 607 2241 methodo
629 2190 698 2240 sant
720 2185 747 2240 in
771 2183 865 2241 lucem
888 2182 1020 2260 prolatae
1050 2200 1156 2242 causac
1184 2183 1415 2255 harmoniarum,
1441 2179 1604 2257 quidquam

259 2282 291 2332 tu
312 2271 513 2330 admirationis
543 2270 703 2328 concitahis
727 2270 820 2344 quasi
843 2272 1045 2346 mysteriorum
1062 2270 1325 2350 harmonicorum,
1357 2285 1433 2345 qnae
1463 2285 1553 2345 penos
1577 2276 1605 2326 tc

257 2376 380 2438 premas,
404 2359 461 2415 nisi
484 2356 554 2433 qnid
578 2373 678 2415 eornm
701 2359 788 2415 etiarn
812 2358 929 2433 publice
951 2359 1091 2433 proferas.
1136 2358 1205 2434 Ipse
1225 2355 1355 2429 Procius,
1378 2355 1539 2415 ‚lambliclri
1563 2357 1604 2412 tui

258 2447 429 2519 admirator,
452 2443 623 2503 Platonicae
646 2442 849 2522 philosophiae
872 2447 1008 2518 antistes,
1032 2444 1223 2522 philosophus
1247 2444 1445 2517 admirabilis,
1475 2445 1525 2519 qui
1549 2460 1605 2500 nu-

261 2551 356 2594 meros
378 2531 591 2609 Pythagoricos
624 2548 681 2589 non
712 2540 825 2590 tantum
856 2549 908 2607 per
938 2541 1060 2591 naturae
1089 2543 1187 2610 partes
1216 2550 1316 2592 omnes
1346 2531 1519 2602 introduxit,
1552 2529 1606 2589 sed

261 2625 350 2682 etiam
382 2637 474 2697 usqne
501 2618 539 2677 ad
563 2617 742 2693 theologiam
771 2621 863 2694 ipsam
887 2621 998 2693 evexit,
1028 2619 1092 2692 bic,
1124 2622 1256 2696 inquam,
1287 2621 1495 2678 astronomiam
1517 2617 1606 2695 hanc,

260 2726 348 2785 quam
372 2718 403 2765 tu
428 2707 500 2766 dicis
522 2708 739 2780 imaginariam,
769 2723 827 2764 non
856 2705 998 2782 neglexit,
1029 2706 1080 2766 sed
1112 2707 1264 2784 diligenter
1292 2725 1357 2767 eam
1384 2706 1502 2766 tradidit
1531 2705 1605 2765 libro

260 2796 496 2874 Hypotyposeon
517 2794 786 2853 astronomicarum
808 2795 925 2870 scripto.

347 2880 400 2941 A'd
424 2881 612 2957 Analysin
637 2880 727 2940 XIX.
771 2880 830 2940 Hic
852 2884 1078 2941 inconstantiam
1103 2883 1172 2940 mihi
1196 2883 1299 2940 tribuis
1330 2889 1359 2942 et
1381 2898 1504 2941 errorem
1529 2882 1606 2940 circa

261 2980 341 3030 tuam
366 2971 565 3028 intentionem.
614 2969 712 3028 Vincis
735 2976 859 3044 utroque
882 2970 1016 3042 crimine,
1047 2987 1115 3028 nam
1138 2969 1186 3028 bic
1208 2969 1327 3046 quidem
1349 2986 1426 3027 error
1455 2967 1536 3027 illam
1559 2969 1606 3023 in·

261 3058 456 3117 constantiam
487 3064 516 3115 et
538 3054 650 3133 peperit
680 3064 710 3114 et
733 3065 860 3115 excusat.
905 3056 1001 3115 Errori
1031 3074 1100 3117 voro
1126 3074 1245 3117 cansam
1277 3064 1345 3114 tute
1369 3054 1482 3113 dedisti.
1528 3054 1604 3113 Nam

260 3146 313 3204 tihi
343 3142 484 3202 familiare
512 3134 643 3219 sapienti
673 3144 770 3218 inqui,
802 3151 833 3201 at
860 3160 929 3218 ego,
957 3146 981 3201 si
1014 3162 1048 3204 ex
1078 3134 1176 3203 stultis
1206 3142 1250 3203 vel
1275 3143 1478 3220 ignorantibus
1510 3142 1605 3200 fecero

260 3233 414 3308 sapientes,
438 3238 500 3288 tum
523 3229 639 3289 demum
662 3247 707 3289 me
730 3230 896 3307 scriptionis
919 3247 1037 3290 munere
1059 3233 1149 3309 probe
1170 3232 1302 3290 functum
1324 3232 1468 3289 existimo.
1513 3228 1607 3304 Igitur

260 3317 428 3397 pyramidas
451 3325 531 3390 tuas,
565 3315 745 3393 diagramma
771 3317 1022 3391 mathematicum,
1056 3328 1196 3395 quantum
1225 3318 1263 3377 ed
1285 3318 1379 3377 lineas
1407 3326 1436 3376 et
1459 3332 1606 3390 numeros,

261 3406 474 3484 contemplatus
496 3404 609 3463 fueram
631 3404 724 3463 oculis
747 3406 977 3478 mathematicis,
1008 3414 1088 3465 ratus
1109 3414 1139 3465 te
1169 3407 1313 3481 ignoranti
1337 3405 1407 3463 mihi
1436 3413 1606 3481 aperturum

261 3493 375 3569 aliquid
397 3508 569 3552 maenarum
591 3490 679 3568 idque
702 3509 752 3567 per
774 3509 867 3568 genus
888 3492 1034 3552 scribendi
1057 3496 1248 3553 communiter
1263 3502 1364 3551 notum
1380 3494 1508 3568 utrique3
1533 3490 1607 3550 haec

261 3583 340 3640 enim
363 3588 408 3640 est
429 3579 594 3651 methodus,
618 3597 678 3655 qna
700 3578 772 3638 alter
795 3578 877 3638 alteri
902 3579 1055 3655 significat.
1102 3580 1194 3656 Atqui
1217 3579 1303 3640 valde
1333 3597 1380 3638 mc
1402 3597 1468 3638 mea
1491 3578 1608 3654 decepit

259 3670 373 3744 opinie;
403 3685 494 3743 negas
516 3684 643 3725 eramen
672 3666 727 3725 hac
746 3665 917 3743 pyramidis
943 3676 1015 3727 tuac
1043 3668 1273 3726 mathematicae
1299 3668 1421 3743 ejusque
1448 3665 1607 3726 subditatis

259 3773 327 3814 cum
355 3757 493 3813 numeris
523 3756 748 3828 iaquisitionem
781 3752 822 3811 ad
850 3771 915 3812 rem
939 3758 1105 3830 patinara,
1137 3758 1194 3828 ais,
1228 3762 1254 3813 te
1278 3754 1456 3829 produxisse
1483 3753 1606 3828 quidem

256 3843 391 3919 figuram
412 3844 637 3917 geometricam,
667 3850 698 3898 at
720 3857 784 3900 nort
804 3838 885 3913 ideo,
910 3848 946 3901 ut
971 3845 1112 3916 protinus
1133 3842 1176 3901 ad
1195 3842 1441 3902 mathematicam
1459 3844 1604 3919 pyram-

259 3929 304 3988 dis
332 3931 574 3989 summationem
604 3931 748 3987 trartsirct
777 3928 883 4002 lector,·
915 3938 945 3988 et
972 3946 1008 3988 ne
1038 3947 1097 3988 non
1127 3931 1236 4006 optime
1270 3933 1500 4007 perciperemus,
1533 3927 1605 4004 qaid

225 4012 231 4017 ”
259 4015 365 4089 velles,
396 4018 509 4093 pergis,
539 4033 604 4075 aare
632 4034 666 4075 ea
688 4017 793 4074 anima
814 4014 1016 4075 introduxisse
1036 4017 1226 4094 pyramidem
1249 4019 1462 4093 geometricam
1491 4019 1525 4073 iu
1547 4018 1619 4075 tuis

259 4103 573 4176 damomtratiauibus,
600 4110 657 4161 aut
677 4110 713 4162 ut
734 4104 799 4174 ejus
820 4105 967 4162 materiae
988 4100 1132 4183 (intelligo
1147 4103 1305 4164 soliditatis
1320 4100 1496 4181 abstractae)
1518 4102 1606 4161 ideu-

258 4194 373 4250 titatem
395 4190 660 4263 carnideraremus,
684 4196 741 4247 aut
760 4189 918 4249 soliditatis
938 4194 1039 4266 partes
1060 4191 1102 4250 ad
1123 4195 1252 4251 inuicem
1267 4206 1525 4267 compararemus,
1551 4198 1607 4249 aut

259 4277 481 4354 insipitudinem
503 4279 697 4352 metiremur,·
725 4275 801 4336 adea
825 4279 873 4333 vix
905 4278 1034 4353 tibiipsi
1064 4279 1207 4339 satisfacis
1238 4277 1421 4357 explicando.
1466 4278 1551 4355 liuga
1575 4288 1607 4336 ut

260 4365 307 4424 vel
331 4365 447 4425 tandem
471 4364 548 4425 clare
570 4365 651 4441 loqui
676 4364 787 4440 incipis,
810 4382 866 4425 nec
889 4365 1048 4441 quidquam
1071 4367 1285 4443 aenigmatibus
1308 4365 1446 4441 involvis,
1469 4366 1604 4443 intelligo

147 4468 151 4474 ·
260 4453 307 4513 vel
331 4451 461 4525 tandem,
493 4459 522 4512 te
549 4451 649 4528 liguris
676 4453 719 4510 uti
749 4458 781 4510 nt
811 4453 947 4528 picturis,
976 4469 1042 4512 cum
1071 4453 1285 4514 mathematicis
1312 4453 1421 4530 figurae
1450 4455 1510 4514 sint
1540 4454 1605 4514 laco

260 4540 512 4617 diagrammatom.
557 4540 707 4614 intelligo,
731 4540 859 4614 picturas
882 4547 949 4598 tuas
973 4541 1046 4599 inter
1068 4558 1100 4601 se
1121 4542 1245 4601 multum
1269 4541 1398 4615 differem
1427 4558 1505 4617 quae
1529 4544 1606 4601 euim

260 4626 299 4685 ad
317 4636 449 4705 systema
470 4628 613 4687 musicum
636 4628 794 4705 pertinent,
823 4643 873 4684 eas
898 4635 930 4685 nt
953 4626 1165 4704 diagrammata
1187 4629 1393 4688 mathematica
1419 4628 1602 4688 considerare

264 4715 412 4788 dehemus,
435 4732 512 4791 quae
534 4715 572 4775 ad
593 4714 726 4793 physica,
750 4730 808 4772 non
831 4712 981 4773 dehemus.
1029 4714 1104 4776 Vere
1123 4726 1156 4775 tu
1180 4720 1236 4776 ista
1258 4716 1373 4793 analysi
1388 4714 1430 4774 X.
1454 4717 1604 4792 proposita

261 4802 425 4862 discrimina
455 4818 532 4860 nuno
562 4801 680 4861 exhibes
710 4799 803 4860 oculis
826 4801 1040 4877 conspicienda.
1086 4802 1187 4864 Pauca
1215 4812 1313 4863 tamen
1342 4803 1469 4862 subsunt
1491 4807 1602 4881 priscae

261 4892 386 4969 vestigia
414 4907 523 4953 noxasr
560 4887 689 4949 noudum
718 4887 805 4947 didici
827 4888 989 4970 ,aoncihare
1019 4906 1095 4966 quac
1131 4899 1291 4969 sequuntur
1328 4907 1395 4951 cnm
1423 4888 1600 4967 praemissis.
