3567 5625
539 454 715 510 Harmonicis.
751 454 834 515 Liber
850 454 901 511 ΠΙ,
919 454 1009 524 Caput
1025 454 1098 511 xvl.
1174 426 1179 437 ι
1432 464 1491 522 191

146 632 294 708 identicas,
316 651 371 694 nec
392 633 511 695 casdem
534 632 688 712 deinceps,
711 634 764 694 sed
786 636 851 711 ipsa
872 636 1091 693 rumeseionum
1113 632 1306 695 alternatione
1327 635 1366 694 ad
1389 635 1487 694 delec-

147 722 284 781 tationem
308 723 445 781 venetas.
490 720 741 797 Quemadmodum
770 725 846 780 enim
869 725 965 781 estin
987 722 1174 798 proportione
1204 727 1397 783 consonantia
1419 723 1493 783 dua·

146 827 204 868 rum
227 826 335 868 vocum
358 808 397 868 ad
418 812 582 882 unisonum,
605 812 649 868 sic
671 819 717 868 est
739 819 840 869 cantus
856 809 1043 869 harmonicus
1066 808 1104 868 ad
1124 809 1288 887 simplicem
1309 814 1396 871 unius
1411 813 1495 870 vocis

146 896 317 972 melodiam3
341 914 360 955 a
382 914 441 973 quo
462 899 605 975 principio
628 897 794 975 dependent
816 900 915 956 omnia
937 895 1113 957 definitionis
1136 898 1281 974 membra,
1311 914 1387 976 quae
1410 899 1495 960 dein-

149 1001 212 1061 ceps
236 984 402 1060 explicabo.

228 1072 254 1130 L
277 1071 410 1131 Primum
431 1074 519 1148 igitur
541 1072 589 1130 hic
611 1070 685 1130 illud
706 1073 784 1131 circa
806 1070 1004 1148 pluralitatem
1019 1088 1125 1131 vocum
1140 1074 1265 1131 occurrit
1286 1073 1494 1147 adnotandum,

148 1157 224 1233 quod
246 1159 373 1219 artifices
404 1160 452 1219 vel
482 1161 608 1219 maxime
631 1168 859 1219 consentaneum
880 1167 1002 1218 naturae
1025 1161 1250 1233 constituemut,
1281 1169 1330 1235 nt,
1360 1165 1495 1237 quamvis

148 1263 232 1323 saepe
256 1250 414 1306 concinent
438 1264 523 1306 voces
547 1247 621 1306 bene
643 1246 767 1320 multae,
798 1264 898 1305 omnes
921 1256 1017 1306 mmen
1040 1253 1165 1322 quatuor
1193 1246 1377 1308 solummodo
1400 1252 1495 1308 norni-

148 1334 230 1392 uibus
253 1334 438 1412 appellentur
470 1334 509 1393 ad
531 1352 683 1415 nnmerum
704 1335 849 1411 perlectae
871 1333 1057 1414 harmonicae
1080 1334 1267 1394 mediationis
1292 1339 1321 1393 in
1344 1354 1402 1395 uno
1425 1355 1494 1414 per·

151 1420 222 1480 lecto
246 1432 408 1498 systemate
431 1422 582 1498 diapason.
627 1422 800 1481 Discentum
823 1423 900 1481 enim
921 1423 1074 1480 nominant
1094 1437 1198 1480 vocem
1219 1425 1426 1496 acutissimam,
1450 1424 1496 1483 al·

149 1518 221 1582 tum,
254 1527 332 1584 quae
363 1508 407 1566 illi
429 1512 575 1587 proxima,
606 1518 735 1569 tenorem
763 1526 779 1567 e
810 1510 951 1585 gravibus
981 1510 1175 1585 superiorem,
1209 1510 1329 1571 bassum
1358 1513 1495 1571 infimam.

149 1594 220 1655 llam
253 1600 329 1657 inter
358 1595 434 1656 duas
462 1597 604 1675 diapason
634 1604 773 1656 sonantes
801 1612 890 1655 voces
921 1596 995 1656 duae
1018 1596 1113 1656 solnm
1143 1598 1287 1658 intereant
1314 1601 1495 1673 medietates,

150 1682 316 1744 harmonice
337 1685 425 1743 simul
448 1692 641 1745 consonantes
668 1701 734 1743 cum
757 1686 892 1742 extremis
915 1683 1104 1757 identisonis,
1132 1692 1165 1743 ut
1191 1688 1287 1763 capite
1311 1689 1340 1746 3.
1365 1688 1496 1765 explica·

150 1779 216 1829 tum.
265 1769 451 1848 Quamquam
475 1774 557 1848 origo
580 1771 791 1830 vocabulorum
813 1772 935 1829 istorum
949 1771 1054 1831 Italica
1077 1769 1192 1831 videtur
1214 1772 1252 1831 ad
1269 1784 1399 1850 systema
1414 1792 1496 1834 com·

149 1861 275 1933 positum
297 1862 392 1936 magis
413 1861 573 1935 respicere,
604 1867 637 1917 ut
660 1861 689 1916 in
712 1876 748 1918 eo
769 1866 867 1935 partes
889 1860 1040 1936 oppositas
1068 1867 1187 1919 teneuu
1217 1860 1295 1921 altus
1325 1871 1354 1921 et
1380 1864 1494 1938 basem,

149 1962 202 2004 non
226 1944 279 2004 ille
302 1945 421 2022 quidem
444 1946 604 2006 altissimus
626 1948 768 2019 existens,
799 1944 851 2019 sed
874 1949 944 2021 quia
971 1946 1027 2005 bae
1051 1944 1126 2006 duas
1155 1947 1257 2006 crebro
1280 1947 1363 2024 (licet
1384 1968 1443 2009 non
1465 1955 1495 2008 in

150 2028 217 2114 line)
242 2033 356 2092 laciuut
378 2034 534 2110 diapason,
554 2033 607 2092 illa
630 2032 748 2109 quidem
768 2035 901 2109 superior
923 2040 953 2092 et
974 2035 1103 2107 acutior,
1132 2034 1206 2094 baec
1228 2035 1346 2096 interior
1374 2047 1404 2097 et
1426 2056 1495 2114 gra-

151 2121 217 2180 vior.
265 2119 316 2179 Sic
348 2124 440 2181 tenori
470 2121 608 2182 vocabuli
637 2125 719 2197 origo
743 2120 794 2179 dat
816 2120 912 2180 ideam
941 2129 971 2179 et
992 2119 1221 2180 modulationem
1247 2132 1351 2183 cantus
1380 2125 1495 2202 simpli·

149 2223 215 2280 um,
240 2206 374 2268 ducamo
397 2225 501 2268 nomen
525 2207 641 2268 dedisse
662 2207 778 2267 videtur
792 2216 935 2284 perpetua
952 2207 1121 2267 volubilitas
1144 2218 1174 2268 et
1190 2208 1341 2286 divagatio
1358 2230 1376 2270 a
1391 2214 1491 2289 plaga,

150 2298 238 2354 tenori
258 2311 314 2371 per
335 2294 478 2372 diapason
500 2297 647 2373 opposita
692 2294 796 2371 Itaque
825 2298 851 2353 si
873 2292 1074 2371 comparemus
1105 2304 1202 2372 partes
1225 2306 1328 2358 cantos
1350 2317 1414 2377 cap.
1446 2302 1494 2359 13.

150 2399 181 2441 er
202 2381 326 2442 Euclide
348 2382 473 2455 allatus,
496 2386 550 2443 etsi
574 2399 674 2441 omues
697 2381 765 2441 illae
786 2390 854 2441 sunt
877 2400 983 2442 vocum
1006 2385 1151 2457 omnium,
1175 2392 1258 2444 tenor
1279 2392 1377 2445 tamen
1399 2390 1495 2464 potis·

150 2471 252 2529 umam
274 2472 303 2527 in
327 2466 419 2551 dyoryq
441 2480 609 2547 occupatur,
633 2470 782 2529 discantue
806 2471 835 2527 in
857 2472 958 2550 ulonp,
982 2469 1059 2530 altus
1082 2474 1111 2528 in
1132 2492 1214 2551 eosq,
1240 2473 1344 2532 bassus
1367 2476 1396 2531 iu
1419 2475 1497 2534 saltn

150 2574 196 2631 per
224 2557 383 2618 intervalla
411 2558 596 2631 harmonica3
625 2559 755 2616 omnium
785 2574 855 2617 vero
878 2567 1005 2633 quatuor
1028 2561 1255 2618 communisset
1287 2582 1418 2636 unvero,
1450 2565 1497 2621 in·

152 2645 261 2720 aignior
283 2652 380 2720 tamen
403 2647 434 2703 iu
456 2646 527 2705 alto.
1469 2646 1472 2655 ’

233 2731 302 2792 Hae
324 2735 516 2809 proprietates
543 2738 669 2808 quatuor
691 2747 798 2790 vocum
826 2750 862 2790 er
890 2733 956 2807 ipsa
983 2748 1078 2791 rerum
1107 2741 1212 2792 natura
1243 2732 1393 2794 deauratae
1419 2743 1496 2795 sunt.

151 2819 223 2879 Nam
247 2823 319 2896 quia
340 2839 393 2896 per
414 2820 611 2880 definitionem
634 2818 772 2878 traditam
795 2830 952 2879 concentus
975 2827 1117 2896 perpetuo
1138 2821 1295 2882 mutandus
1317 2831 1363 2882 est
1386 2840 1421 2882 er
1437 2824 1496 2884 alio

153 2907 180 2963 in
200 2906 309 2979 alium,
339 2924 459 2968 necesse
480 2908 537 2967 luit
564 2907 594 2964 id
616 2906 679 2965 lieri
700 2908 757 2979 sic,
789 2914 822 2965 ut
849 2907 1085 2967 intermediarnm
1113 2925 1185 2983 una,
1219 2912 1436 2986 comparatione
1460 2911 1498 2970 ad

153 3003 271 3068 ceteras,
294 2996 325 3051 in
346 3005 473 3070 augusto
494 2995 661 3072 systematis
689 2996 785 3069 spatio
809 2994 1020 3054 obversaretur.
1065 2995 1140 3054 Nam
1168 3003 1191 3055 si
1215 2999 1348 3057 omnibus
1370 2999 1440 3058 laxa
1463 3017 1498 3058 er

153 3098 247 3157 aequo
271 3083 311 3140 sit
332 3080 472 3162 libertas,
494 3098 613 3141 necesse
635 3088 680 3139 est
702 3080 733 3139 id
755 3084 913 3157 consequi,
945 3091 979 3140 ut
1000 3082 1116 3142 inlerior
1138 3085 1239 3144 crebro
1261 3087 1419 3162 superioris
1442 3088 1498 3145 ob·

154 3176 226 3228 eust
248 3169 377 3244 spatium
401 3178 431 3228 et
453 3171 595 3242 vicissim,
626 3166 733 3243 fietque
757 3170 860 3227 insana
882 3168 1015 3229 conlusio
1038 3178 1067 3228 et
1088 3173 1170 3230 irrita
1190 3171 1327 3233 reddetur
1349 3173 1498 3233 distinctio

155 3274 259 3315 vocum
286 3263 421 3332 quatuor.
464 3255 527 3315 Has
555 3272 624 3315 vero
654 3256 807 3330 angustias
837 3254 1000 3315 mediarum
1022 3259 1121 3332 potius
1149 3275 1207 3317 una
1230 3260 1331 3319 debuit
1353 3278 1498 3337 occupare

155 3339 246 3424 (altus
262 3353 299 3418 et
322 3340 435 3425 tenor),
465 3361 553 3420 quam
581 3352 727 3403 extremae
750 3339 917 3424 (discantur
941 3343 989 3403 vel
1010 3341 1141 3425 bassus).
1185 3346 1262 3406 Nam
1290 3349 1315 3405 si
1338 3346 1397 3407 tale
1427 3349 1498 3425 quid

155 3433 183 3488 in
204 3434 341 3491 extremis
363 3433 473 3491 lactum
495 3439 580 3504 esset,
605 3432 698 3489 omnis
721 3429 941 3491 intervallorum
964 3434 1088 3491 variatio
1111 3435 1140 3490 in
1162 3449 1249 3494 unam
1264 3434 1358 3494 solam
1380 3436 1498 3512 plagam

156 3535 274 3590 versura
295 3520 358 3591 luit,
382 3526 453 3596 puta
478 3518 524 3577 vel
546 3521 575 3575 iu
597 3528 715 3594 acutum
739 3517 786 3577 vel
809 3521 837 3575 in
860 3535 961 3594 grave.
1005 3518 1112 3578 Melius
1131 3522 1218 3594 igitur
1231 3532 1302 3595 erat,
1326 3535 1498 3582 concentum

156 3623 191 3664 ex
213 3607 314 3682 aliqua
335 3605 507 3666 intermedia
529 3622 610 3678 voce,
635 3605 717 3664 velut
738 3622 797 3664 uuo
819 3608 946 3680 partium
969 3608 1060 3683 ipsius
1083 3610 1214 3682 termino,
1237 3611 1267 3667 in
1290 3620 1415 3685 angusto
1434 3612 1498 3669 loco

155 3692 205 3768 ligi
226 3711 279 3753 seu
301 3692 424 3769 alligari,
449 3695 641 3752 variationem
666 3709 733 3751 vero
757 3692 976 3751 intervallorum
999 3695 1037 3753 ab
1061 3697 1096 3754 ea
1116 3697 1221 3771 partim
1241 3713 1355 3755 sursum
1371 3698 1501 3776 tendere,

157 3783 260 3855 partim
282 3780 426 3840 deorsum.
470 3780 536 3839 Non
560 3780 661 3840 debuit
684 3795 753 3839 vero
775 3779 936 3839 mediarum
951 3797 1086 3856 uocum,
1118 3792 1261 3857 quaeest
1284 3785 1414 3856 inferior,
1448 3802 1500 3844 co-

155 3869 273 3942 arctari,
300 3870 371 3944 quia
392 3867 459 3928 idea
481 3876 583 3927 cantus
606 3870 714 3941 tenori,
737 3867 899 3926 mediarum
920 3869 1064 3943 interiori,
1087 3869 1234 3947 adscripta
1255 3871 1349 3932 debet
1364 3883 1393 3932 et
1408 3874 1501 3933 libera

159 3972 239 4028 esse,
268 3964 298 4014 et
324 3973 374 4032 per
396 3954 522 4016 mediam
551 3957 641 4014 totius
670 3957 838 4031 systematis
867 3959 1061 4031 quantitatem
1090 3958 1240 4032 incedere,
1272 3966 1305 4018 ut
1325 3962 1384 4018 sint
1412 3978 1500 4021 voces

159 4044 375 4101 circumstantes
407 4041 479 4101 nihil
506 4041 587 4102 aliud
618 4059 706 4117 quam
730 4042 813 4118 ,illius
842 4044 955 4104 colores
985 4053 1015 4103 et
1042 4055 1212 4106 ornamenta
1238 4064 1291 4106 scu
1314 4047 1499 4108 emblemata.

160 4126 296 4188 lnlcriora
318 4146 388 4189 vero
410 4129 567 4189 intervalla
588 4147 702 4205 semper
724 4130 837 4205 majora
858 4139 928 4190 suut
957 4134 1155 4208 superioribus
1186 4136 1414 4210 cognominibus.
1463 4134 1501 4195 Ut

160 4215 246 4288 igitur
267 4224 348 4277 tenor
371 4217 499 4276 medium
522 4220 692 4293 quantitatis
715 4216 811 4276 locum
834 4216 969 4291 haberet,
997 4223 1125 4295 oportuit
1147 4221 1228 4279 illum
1251 4240 1314 4281 esse
1337 4224 1501 4286 inferiorem

130 4373 138 4382 ,
160 4318 198 4359 cx
218 4302 319 4362 mediis
341 4307 430 4381 atque
453 4307 496 4364 sic
517 4304 609 4363 altum
632 4307 660 4362 in
675 4311 832 4380 augustum
849 4309 977 4381 oportuit
991 4306 1093 4383 redigi,
1116 4324 1173 4365 non
1194 4316 1333 4378 tenorem,
1367 4309 1502 4368 «Restant

163 4390 247 4464 igitur
268 4407 321 4466 pro
345 4390 476 4450 discanto
499 4400 529 4451 et
552 4392 638 4451 basso
661 4393 860 4468 evagationes,
884 4391 937 4452 sed
959 4410 1026 4452 cum
1048 4391 1105 4453 hoc
1128 4393 1300 4468 discrimine,
1327 4395 1406 4471 quod
1429 4396 1500 4455 bas·
1554 4388 1568 4484 'u

158 4493 219 4548 sue,
240 4480 290 4553 qui
312 4494 402 4553 grave
424 4487 511 4538 sonat
533 4496 697 4556 magnoque
713 4488 794 4538 motu
816 4488 846 4539 et
860 4479 955 4557 longis
971 4480 1086 4539 chordis
1101 4484 1278 4557 exprimitur,
1306 4482 1397 4541 tardis
1412 4486 1500 4543 etiam

160 4567 299 4624 mensuris
322 4573 352 4625 et
374 4569 489 4641 maguis
510 4582 604 4642 eoque
626 4567 801 4626 harmonicis
822 4567 986 4627 intervallis
1009 4577 1145 4644 vagetur,
1171 4570 1329 4648 discentes,
1352 4572 1403 4645 qui
1426 4588 1500 4630 acu-

161 4657 223 4709 tum
243 4661 327 4712 sonat
349 4651 600 4729 supervolitatque
622 4662 651 4713 et
674 4655 811 4714 brevibus
835 4655 951 4715 chordis
973 4653 1118 4731 celerique
1141 4665 1170 4714 et
1183 4660 1301 4732 angusti
1315 4659 1403 4733 spatii
1418 4668 1501 4718 motu

162 4737 281 4818 elicitur,
304 4741 443 4800 brevibus
467 4743 555 4801 etiam
569 4734 670 4816 ¹eoque
693 4742 886 4802 crebrioribus
907 4744 1049 4802 mensuris
1075 4743 1258 4819 minimisque
1281 4747 1430 4804 concinnis
1452 4748 1500 4804 in-

163 4826 289 4886 tervallis
313 4830 412 4886 omnia
433 4836 618 4904 pervagetur.
662 4826 746 4890 Haec
768 4831 858 4905 igitur
881 4846 987 4890 vocum
1013 4833 1174 4906 proprietas
1196 4838 1249 4892 est.
1294 4832 1379 4892 Nunc
1401 4840 1432 4892 et
1452 4851 1501 4896 re·

116 4963 125 4980 ,
164 4909 257 4988 liques
279 4912 456 4975 definitionis
477 4914 634 4992 particulas
656 4914 820 4976 declarabo.
