3567 5625
668 437 750 494 luber
767 435 815 494 IIL
834 435 923 510 Caput
939 433 997 494 XV.
1202 473 1207 490 ·
1446 439 1510 508 403

164 621 278 673 motum
300 618 488 692 conharinm3
519 617 673 675 stationem
695 633 781 692 vero,
813 617 841 673 in
864 634 924 693 qna
947 617 1107 677 canebatur
1128 616 1252 696 modos,
1284 615 1349 679 rice
1372 617 1507 681 mononis

164 701 272 761 Terrae
294 702 392 767 luisse.
438 703 477 762 At
499 703 690 780 Pythagoras,
714 708 763 780 qui
786 710 899 780 septem
922 704 1045 763 chordas
1068 705 1149 782 lyrae
1172 705 1210 764 ad
1232 719 1382 766 numerum
1403 707 1508 783 plane·
1589 727 1594 740 s

164 797 260 847 tarum
282 800 394 867 septem
418 789 580 862 ordinarit,
600 790 729 850 ‘videtur
755 795 853 869 potius
883 787 922 851 ad
949 790 1084 868 planetas
1117 793 1280 870 respexisse
1304 792 1448 870 vultuque
1471 792 1510 852 ad

162 878 314 937 meridiem
337 896 435 953 verso,
464 877 579 942 dextras
602 871 698 955 partes
720 880 749 936 in
773 881 883 938 oriente
910 876 1040 952 locasse,
1075 887 1108 938 ut
1132 882 1174 939 ita
1197 880 1298 940 directi
1322 877 1459 958 planetae
1482 888 1511 942 et

120 958 124 972 '
161 966 190 1020 in
214 967 357 1025 orientem
380 966 469 1025 delati
491 965 628 1041 stropheu
659 967 879 1041 adumbrarem,
910 964 1071 1042 retrogradi
1098 965 1316 1044 arrtistropheu,
1346 969 1510 1027 stationarii

161 1050 277 1129 epodon
301 1070 354 1112 sen
376 1062 501 1126 stantem
524 1053 650 1115 chorum
694 1053 742 1114 Ita
764 1055 855 1127 enim,
886 1056 961 1114 sicut
989 1054 1093 1113 iisdem
1121 1057 1198 1113 inest
1227 1055 1351 1132 planetis
1379 1054 1508 1128 directio,

160 1139 386 1214 retrogradatio,
408 1142 506 1213 statio,
529 1143 573 1201 sic
594 1143 681 1201 etiam
704 1141 781 1201 idem
804 1141 910 1202 chorus
932 1150 987 1216 eet,
1010 1143 1060 1218 qui
1076 1140 1117 1201 ad
1131 1140 1257 1216 derbes,
1281 1145 1332 1218 qui
1354 1151 1384 1202 et
1406 1142 1445 1202 ad
1466 1146 1509 1202 si-

159 1229 268 1286 nistras
290 1230 322 1300 it,
345 1237 375 1288 et
396 1230 446 1303 qui
468 1235 536 1287 stat

132 1369 144 1390 ,
248 1314 324 1373 Nam
344 1318 370 1373 si
393 1314 554 1375 voluisseut
575 1317 679 1375 musici
702 1314 744 1373 iili
766 1324 984 1393 repraesentare
1006 1318 1163 1376 eudonem
1185 1314 1329 1389 Telluris,
1352 1327 1412 1378 bon
1435 1331 1510 1394 opus
1602 1335 1608 1348 ·

160 1400 199 1458 ad
222 1401 280 1460 hoc
302 1402 405 1461 luisset
426 1410 509 1478 parte
532 1409 643 1474 cantus,
668 1419 744 1478 qnae
767 1411 919 1463 caneretur
941 1410 1037 1463 stante
1060 1403 1158 1474 choro,
1178 1403 1242 1478 jam
1265 1410 1354 1463 antea
1378 1403 1455 1463 euim
1478 1406 1508 1460 in

160 1488 291 1563 chorago
306 1497 403 1548 stante
417 1492 447 1547 in
461 1489 558 1549 medio
580 1489 769 1567 suppetiisset
791 1490 850 1548 iilis
866 1493 958 1549 instar
979 1492 1052 1550 satis
1067 1489 1246 1550 luculentum
1269 1494 1376 1550 stantis
1391 1490 1509 1549 Terrae.
1540 1507 1550 1524 ⁸

160 1577 200 1633 ht
224 1593 291 1635 cnm
315 1575 439 1654 Apollo,
469 1577 613 1652 choragus
634 1576 684 1635 ille
707 1575 859 1637 Musarum
882 1577 977 1648 chori,
1004 1580 1100 1654 poetis
1130 1595 1188 1638 non
1211 1575 1330 1637 Terram
1354 1578 1508 1653 significet,

159 1663 212 1721 sed
236 1663 352 1736 Solem,
379 1682 417 1724 ne
439 1666 468 1721 iu
492 1661 619 1740 chorago
642 1664 758 1740 quidem
787 1673 884 1726 stante
907 1682 1046 1741 expressa
1076 1665 1165 1725 luisse
1188 1663 1304 1724 videtur
1325 1667 1414 1725 statio
1437 1664 1511 1724 'Pel-

158 1748 248 1826 luris3
279 1751 370 1810 multo
394 1753 470 1810 enim
493 1751 679 1811 verisimilius
702 1761 760 1826 est,
790 1752 846 1813 hac
868 1752 993 1828 choragi'
1010 1753 1108 1827 quiete
1131 1751 1324 1829 significatam
1347 1769 1412 1812 esse
1435 1752 1508 1811 sim-

159 1838 321 1915 plicitatem
344 1846 440 1898 motus
463 1838 540 1897 Solis
562 1839 649 1898 medii
672 1841 749 1898 inter
770 1838 919 1917 planetas,
949 1839 1081 1917 epicyclo
1113 1847 1257 1900 carentem
1286 1856 1341 1900 nec
1361 1848 1509 1916 retrogra-

160 1923 272 1985 dationi
297 1926 339 1984 iili
361 1925 544 2003 planetarum
567 1926 740 1986 obnoxiam:
765 1936 798 1986 ut
819 1929 860 1986 ita
882 1934 946 1986 tota
968 1926 1048 1986 chori
1062 1927 1154 1987 iacies
1175 1928 1260 1986 unice
1282 1925 1320 1987 ad
1343 1927 1457 1986 coelum
1480 1934 1510 1987 et

158 2011 294 2088 planetae
315 2014 463 2084 referatur,
486 2013 653 2073 nullatenus
676 2014 712 2073 ad
736 2013 865 2074 Terram⁴
911 2013 1039 2074 Tantum
1060 2014 1209 2090 igiturde
1223 2013 1430 2092 multiplicium
1452 2032 1509 2074 va·

159 2102 314 2173 rietstum,
345 2118 422 2177 quae
444 2103 544 2161 insunt
566 2102 595 2159 in
618 2100 798 2176 singulorum
820 2100 1005 2179 planetarum
1026 2097 1171 2175 motibus,
1200 2104 1419 2179 comparatione
1441 2119 1509 2163 cum

159 2187 248 2248 rebus
269 2190 389 2248 musicis
411 2188 519 2248 dixisse
541 2187 667 2248 sufficiat
680 2185 744 2260 Π).

228 2302 302 2357 Nota
319 2303 341 2356 Ι.
376 2304 419 2358 De
436 2304 489 2357 hoc
507 2319 615 2372 quoque
634 2306 722 2374 capite
740 2305 815 2360 solus
834 2304 929 2361 titulus
947 2312 991 2360 est
1006 2303 1169 2372 Ptolemaei,
1189 2311 1280 2360 cetera
1297 2317 1358 2361 mea
1376 2314 1452 2377 suut,
1471 2308 1510 2363 sie

158 2381 266 2451 quidem
286 2384 446 2452 composita,
475 2381 527 2451 uti,
551 2391 680 2452 quantum
700 2401 734 2438 ex
752 2385 973 2440 antecedentibus
999 2384 1108 2453 assequi
1127 2384 1285 2452 conjectura
1302 2385 1392 2453 potui,
1419 2383 1510 2440 Ptole·

158 2477 253 2515 maeus
270 2462 330 2530 ipse
347 2460 545 2530 compositurus
562 2460 623 2516 fuit.
658 2461 727 2517 Nam
745 2464 885 2532 tractatio,
911 2479 982 2533 quae
999 2465 1027 2520 iu
1045 2463 1155 2532 vulgata
1173 2461 1291 2517 editione
1317 2461 1402 2518 latina
1428 2463 1510 2532 inque

158 2541 350 2609 manuscriptis
368 2539 472 2610 graecis
490 2539 570 2594 titulo
589 2542 713 2609 subiecta
737 2549 792 2610 est,
820 2541 929 2612 penitus
953 2542 1020 2596 nihil
1038 2540 1134 2607 habet,
1160 2540 1233 2610 quod
1250 2539 1331 2595 titulo
1350 2541 1447 2611 capitis
1465 2557 1507 2595 red

159 2620 305 2687 spondeat;
323 2618 397 2688 quod
416 2633 530 2687 operose
547 2617 741 2675 demonstrarit
758 2619 883 2676 Barlasm
907 2621 1057 2676 monachus
1075 2618 1169 2675 libello
1194 2635 1308 2691 graeco,
1330 2619 1409 2690 cuijus
1427 2633 1510 2691 supra

159 2699 241 2753 etiam
259 2698 332 2752 iacta
350 2706 392 2752 est
408 2697 518 2752 mentio.
1071 2733 1075 2742 ι

136 2799 138 2802 ’
245 2802 320 2857 Nota
331 2801 365 2856 II.
400 2799 493 2871 Vides,
511 2801 658 2871 praescribi
676 2800 862 2859 tantummodo
881 2800 1029 2873 problema,
1048 2802 1219 2874 propositum
1237 2805 1322 2861 veluti
1340 2805 1510 2873 astronomis,

160 2881 232 2951 quod
252 2898 286 2937 ne
305 2882 413 2950 quidem
431 2883 540 2950 attingit
557 2882 785 2950 comparationem
807 2881 937 2951 aliquam:
960 2881 1009 2937 sed
1033 2882 1123 2937 adhuc
1144 2883 1217 2937 intra
1239 2891 1318 2953 septa
1336 2900 1365 2939 se
1389 2886 1511 2945 continet

160 2962 349 3017 astronomiae.
374 2961 500 3016 Dubitari
517 2960 601 3031 igitur
618 2968 717 3029 potest,
736 2977 770 3015 an
788 2960 961 3016 Ptolemaeus
979 2961 1032 3015 hoc
1050 2962 1140 3031 capite
1154 2963 1382 3032 comparationem
1401 2965 1509 3019 omnino

160 3041 275 3110 aliquam
295 3040 377 3095 fuerit
393 3040 574 3109 instituturus,
594 3048 622 3095 et
643 3041 665 3095 si
683 3047 772 3096 motus
790 3039 960 3110 planetarum
980 3050 1187 3110 comparaturus
1205 3049 1265 3097 erat
1290 3040 1372 3101 rebus
1390 3042 1509 3113 musicis,

161 3121 267 3174 cuinam
286 3119 367 3187 igitur
384 3118 455 3188 parti
474 3134 562 3173 rernm
582 3118 797 3174 harmoniearum
815 3135 862 3195 eae
881 3134 1039 3189 comparare
1056 3119 1186 3188 uoluerit,
1211 3134 1271 3177 cum
1289 3120 1317 3176 id
1335 3137 1391 3175 non
1407 3119 1509 3175 indicet

159 3196 186 3248 in
213 3196 309 3266 titulo,
338 3196 410 3265 quod
438 3196 544 3251 solebat
572 3199 718 3266 hactenus,
746 3213 796 3253 nec
820 3206 906 3255 restet
936 3198 1021 3253 ullum
1046 3208 1130 3265 caput
1159 3197 1332 3254 harmonicae
1358 3197 1509 3268 doctrinae,

160 3274 231 3343 quod
249 3291 304 3328 non
318 3273 376 3343 jam
395 3282 475 3332 antea
492 3274 574 3349 fuerit
592 3276 745 3332 absumtum
762 3278 789 3331 in
809 3277 900 3346 capita
917 3293 1007 3332 rernm
1025 3276 1269 3331 astronomicarum
1288 3282 1452 3344 comparata

246 3370 316 3439 Quia
333 3378 424 3425 temen
450 3372 641 3442 proportiones
660 3380 781 3426 motuum
800 3389 931 3442 quaerere
957 3372 1131 3440 numerisque
1149 3372 1302 3442 exprimere
1319 3371 1415 3427 titulus
1432 3371 1509 3425 insti-

159 3450 217 3517 tnit,
236 3449 369 3517 suspicari
385 3466 531 3519 possumus
550 3452 584 3507 de
601 3450 793 3518 consonantiis,
812 3451 877 3519 quia
895 3459 923 3506 et
939 3451 992 3505 hae
1010 3450 1203 3506 consistuntin
1220 3449 1442 3520 proportionibus
1459 3464 1508 3503 nu·

159 3526 347 3590 merabilihus,
374 3536 401 3582 et
420 3529 483 3597 quia
501 3529 568 3585 nilul
586 3529 711 3599 impedit,
736 3529 940 3600 eademcapita
957 3530 1126 3588 harmonices
1145 3532 1187 3586 bis
1204 3527 1366 3600 comparari:
1393 3526 1508 3595 primum

160 3605 324 3662 coelestibus
341 3606 371 3660 in
387 3622 500 3677 genere,
530 3618 560 3663 ut
576 3610 607 3663 iu
622 3608 756 3678 capitibus
774 3609 1012 3678 antecedentibus,
1036 3611 1134 3664 iterum
1151 3609 1179 3663 in
1197 3607 1331 3678 capitibus
1350 3604 1447 3659 abhinc
1464 3618 1507 3659 se·

159 3685 317 3756 questibus,
341 3685 457 3755 planetis
475 3687 596 3757 singulis.
631 3688 683 3743 Ubi
702 3687 864 3756 notandum,
882 3688 957 3756 quod
974 3687 1098 3742 binorum
1116 3687 1187 3741 inter
1205 3701 1235 3741 se
1253 3693 1375 3743 motuum
1392 3699 1506 3752 propor-

159 3765 246 3819 tiones
265 3765 292 3818 vi
309 3780 453 3819 causarum
469 3766 633 3820 moventium
651 3765 810 3835 plerumque
828 3765 883 3820 sint
900 3765 1052 3822 ineffabiles
1063 3764 1191 3834 numeris,
1209 3772 1298 3821 motus
1316 3760 1419 3819 seilicet
1436 3761 1508 3818 inter

158 3859 187 3898 se
204 3860 291 3900 cansa
307 3843 454 3899 celeritatis
473 3852 500 3899 et
518 3844 656 3899 tarditatis
673 3844 968 3900 incommensurabiles.

172 3990 175 4001 ,
245 3940 299 4007 Qui
317 3939 440 3995 deiectus
459 3956 521 3995 curn
538 3938 679 4009 impediat,
698 3955 753 4007 quo
768 3940 858 3997 minus
875 3946 966 3997 motus
984 3958 1046 3997 cum
1063 3938 1211 4010 phthongis
1229 3935 1382 4008 systematis
1399 3951 1508 4007 compa-
1588 4012 1591 4018 Ι

158 4022 259 4087 rentur,
278 4019 381 4088 quippe
397 4018 427 4073 hi
444 4033 536 4073 omnes
554 4021 625 4075 iuter
642 4032 673 4073 se
692 4020 949 4079 commensurabiles
967 4025 1044 4076 sunt:
1062 4019 1132 4075 haec
1149 4019 1232 4087 igitur
1248 4031 1332 4073 causa
1348 4014 1401 4070 suit
1417 4014 1508 4070 Ptole·

160 4109 246 4160 maen,
266 4113 324 4165 cur,
344 4112 415 4164 quac
427 4096 574 4152 ineffabilia
592 4095 759 4173 suntlcffari
776 4101 923 4155 tentaverit
939 4116 990 4170 per
1007 4113 1143 4155 numeros.
1160 4098 1205 4153 Ex
1222 4112 1277 4166 quo
1296 4094 1377 4150 datur
1393 4095 1509 4165 intelligi

160 4174 288 4242 emplius:
308 4183 427 4231 autnon
446 4182 587 4232 accuratas
604 4176 657 4230 hoc
676 4175 764 4243 capite
783 4178 876 4243 quaeri
891 4184 1013 4233 motuum
1030 4179 1228 4246 proportiones,
1245 4174 1295 4233 sed
1312 4190 1362 4243 pro
1374 4172 1446 4229 reris
1464 4188 1509 4229 ac·

160 4254 262 4323 cepturi
279 4253 351 4321 illae,
370 4269 440 4322 quae
457 4255 528 4308 veris
545 4262 666 4308 motuum
683 4255 906 4322 proportionibus
924 4258 1152 4326 appropinquant,
1170 4253 1288 4308 numeris
1306 4250 1443 4320 affabiles,
1461 4259 1509 4305 sut

159 4334 185 4388 iu
202 4348 301 4402 magna
318 4334 412 4402 aliqua
427 4340 548 4388 motuum
567 4332 691 4388 binorum
709 4332 880 4402 planetarum
892 4336 1049 4400 variatione,
1068 4350 1148 4403 quarn
1166 4332 1289 4401 sequitur
1305 4329 1507 4387 innumerabilis
1595 4338 1600 4347 ’

160 4413 365 4483 proportionum
382 4411 536 4480 multitudo,
555 4427 649 4467 omues
666 4411 735 4480 ilias,
755 4429 899 4480 quaecum
915 4414 1079 4471 harmonicis
1092 4411 1255 4480 coincidunt,
1275 4409 1408 4467 emendes
1426 4410 1507 4480 inque
1619 4452 1622 4465 .

160 4499 336 4561 conspectum
353 4490 485 4565 locandas
500 4490 596 4560 fuisse,
615 4498 646 4546 ut
662 4499 781 4562 pateret,
796 4509 934 4550 'omnesne
951 4495 1109 4550 harmoniae
1127 4491 1245 4547 omnium
1263 4491 1434 4560 planetarum
1451 4504 1507 4543 mo-

24 4616 25 4627 ,
130 4634 134 4641 Δ
160 4570 231 4627 tibus
250 4571 321 4625 inter
338 4587 368 4626 ss
386 4571 548 4640 comparatis
566 4571 760 4642 respondeant,
788 4589 823 4629 an
841 4583 933 4629 certae
956 4573 1113 4628 harmoniae
1129 4570 1243 4628 seorsim
1259 4578 1395 4629 cenorum
1412 4567 1506 4639 plane-

160 4658 247 4717 tarum
262 4650 403 4707 metibus?

244 4748 304 4803 Nec
321 4747 439 4803 obscura
456 4755 499 4803 est
516 4746 653 4816 emphasis
670 4746 814 4803 locutionis
832 4748 930 4817 hujus:
957 4716 1088 4817 «quonam
1105 4753 1187 4817 paeto
1205 4746 1266 4816 quis
1283 4724 1435 4813 sumserit»,
1453 4747 1507 4804 hoo

161 4825 297 4895 iudicans,
322 4826 351 4880 id
369 4825 442 4893 quod
461 4841 568 4889 sumere
584 4826 755 4880 Ptolemaeus
773 4826 945 4897 intendebat,
971 4826 1078 4882 omuino
1097 4825 1207 4882 difficile
1225 4832 1254 4879 et
1269 4824 1429 4893 perplexum
1444 4840 1507 4882 esse

162 4915 262 4978 sumtu,
287 4922 340 4963 seu
357 4906 423 4974 qnia
439 4902 512 4963 modi
529 4906 671 4964 sumdonis
689 4905 769 4976 rarii,
796 4921 847 4962 seu
864 4906 930 4974 quia
946 4906 976 4962 in
993 4905 1105 4977 singulis
1123 4905 1278 4963 inconstans
1296 4911 1418 4957 motuum
1435 4904 1519 4961 cele-⁴

1288 4995 1350 5057 26*
