3567 5625
483 340 485 344 ⁸
537 372 718 428 umarus.
754 373 839 428 ιιιιι
854 374 906 430 ιιι.
923 375 1013 444 napus
1031 370 1104 432 xvi.
1430 376 1489 438 raa
1598 415 1600 421 η

150 544 219 605 aliae
243 563 344 607 omnes
366 548 537 627 piorumque
559 554 707 628 graviores
730 554 795 628 ipsa
817 554 864 627 (ut
887 552 937 611 iiia
959 568 998 612 sc.
1024 555 1167 630 parvitate
1191 562 1219 613 at
1239 552 1439 617 imbecillitate
1462 560 1492 614 et

149 632 304 706 maritare,-
326 638 433 715 qnippe
458 647 545 697 acuta
566 641 703 709 existens,
726 641 822 697 minus
844 636 1010 721 obstrepat)
1034 642 1179 700 communi
1190 648 1332 701 concentu
1355 640 1392 700 ad
1409 642 1491 719 prin-

148 722 251 798 apium
285 730 378 782 metus
405 728 554 800 sequentis
580 726 683 785 locuni
700 734 842 803 occnpont
864 730 917 787 ab
927 728 1005 786 iilius
1029 727 1094 787 loco
1122 728 1290 802 dissonum,
1315 730 1491 831 priusquam

149 809 207 885 ipsa
229 807 281 866 illo
303 826 357 868 suo
378 812 446 871 loco
469 816 625 873 excesserit
655 814 780 890 indeque
803 813 882 872 illam
908 815 997 874 veluti
1026 814 1135 874 lentam
1157 815 1316 896 expellant
1332 818 1421 892 inque
1444 818 1492 874 in·

149 895 277 954 inriorem
299 897 468 975 pierumque
491 900 678 977 protrudent3
708 919 766 977 qna
788 905 944 962 occasione
967 906 1054 962 etiam
1077 902 1299 962 concordandis
1318 912 1348 962 et
1371 902 1492 962 clausu·

149 981 197 1056 iis,
229 1000 316 1059 quae
338 983 535 1046 dissonantias
568 988 740 1062 absumunt,
772 998 873 1069 natqm
905 1006 969 1049 esse
999 1008 1103 1048 nornen
1135 989 1334 1049 cadentiarum
1368 990 1490 1050 videtur.

231 1069 309 1145 Quin
333 1076 421 1133 stiam
444 1074 500 1134 boc
522 1076 691 1147 observant,
717 1085 747 1134 ut
769 1093 868 1153 pugna
891 1076 1106 1136 dissonantium
1129 1077 1272 1137 ordinarie
1296 1079 1492 1136 committatur

149 1172 201 1215 non
225 1166 286 1216 tam
308 1161 409 1220 crebro
432 1180 467 1221 cx
490 1162 642 1221 intervallo
666 1166 828 1241 propinquo
851 1172 880 1222 et
904 1166 977 1224 inter
999 1164 1161 1240 secundas,
1190 1182 1279 1241 quam
1302 1167 1377 1223 inter
1399 1166 1492 1242 septi-

150 1261 225 1318 mas3
249 1256 295 1303 nt
304 1247 346 1305 ita
370 1265 427 1307 vox
449 1253 589 1327 superior,
613 1246 735 1327 depulsa
757 1250 812 1313 hoc
835 1259 922 1327 pacto
945 1250 981 1311 de
1004 1252 1055 1310 iilo
1074 1269 1127 1311 suo
1143 1252 1219 1324 loco,
1242 1269 1292 1329 pcr
1307 1251 1491 1311 semitonium

150 1341 195 1390 snt
217 1340 319 1391 tonum
349 1333 458 1395 defluat
485 1337 524 1395 ad
546 1345 673 1406 sextum,
705 1347 756 1396 aut
788 1338 885 1396 evolet
915 1338 953 1398 ad
982 1350 1116 1398 octavam
1147 1357 1212 1398 cum
1240 1340 1493 1415 praevertentibus

151 1417 363 1496 dmignandam.

228 1506 305 1568 Sunt
327 1516 357 1568 et
378 1508 454 1569 aliae
477 1510 676 1570 dissonantiae
695 1512 901 1586 creberrimae,
925 1514 1021 1572 miuus
1043 1512 1226 1587 artificiosae,
1251 1530 1316 1573 cum
1341 1528 1399 1571 vox
1422 1529 1492 1588 gra·

149 1596 191 1653 vis
210 1597 366 1654 conmuni
386 1614 490 1657 sonum
512 1614 611 1670 sunm,
642 1615 762 1658 manens
791 1601 818 1655 in
842 1602 979 1673 unisono,
1011 1608 1042 1658 at
1069 1618 1127 1660 vox
1150 1610 1237 1659 acuta
1263 1601 1301 1671 ab
1325 1597 1403 1658 illitis
1426 1602 1491 1657 soni

149 1683 242 1756 gravis
265 1682 408 1759 diapason
432 1687 555 1744 excurrit
577 1686 721 1745 coloribus
743 1687 886 1744 sonitibus
910 1686 947 1744 ad
971 1686 1099 1764 aliquam
1122 1705 1173 1764 per
1196 1687 1331 1765 diapente
1356 1686 1402 1746 vel
1426 1684 1492 1745 dia·

151 1777 276 1829 amaron
301 1770 345 1829 iili
368 1788 542 1844 sonnonem,
576 1790 627 1849 per
649 1774 716 1831 loca
738 1775 881 1832 concinna
911 1774 1080 1834 intermedia
1103 1778 1202 1834 omnia
1223 1770 1420 1851 pervolitans,
1450 1775 1493 1832 sic

151 1866 179 1914 nt
197 1857 320 1917 alternis
344 1872 485 1918 consonet
507 1851 711 1936 dissonetque3
741 1878 855 1937 semper
885 1871 982 1920 autem
1013 1862 1113 1922 ordine
1138 1863 1215 1939 prior
1244 1865 1400 1934 consonat}
1432 1859 1493 1919 dis·

150 1947 281 2004 sonantis
304 1954 333 2004 ct
355 1947 454 2006 brevis
478 1956 533 2019 est,
567 1950 677 2023 qnippe
700 1951 728 2005 in
754 1956 922 2008 transcensu
952 1956 981 2008 ct
1003 1951 1031 2005 in
1055 1967 1142 2022 sono,
1174 1950 1225 2025 qui
1248 1957 1296 2008 est.
1315 1946 1415 2007 ordine
1438 1963 1493 2028 po·

150 2033 263 2106 sterior,
287 2042 321 2092 nt
343 2036 369 2090 si
392 2042 486 2093 tactus
510 2038 704 2111 proportionis
728 2035 835 2111 duplas
858 2038 988 2111 quinque
1012 2036 1134 2095 discenti
1150 2052 1240 2095 sonos
1258 2053 1324 2095 cum
1339 2052 1397 2093 uno
1413 2035 1493 2093 bassi

151 2120 276 2195 copulet,
300 2123 408 2197 prima,
433 2121 525 2195 teriia,
550 2126 652 2197 quinta
675 2120 799 2180 discenti
822 2124 1042 2195 consorrabnnt,
1067 2123 1197 2183 secunda
1220 2130 1248 2182 et
1271 2130 1376 2199 quarta
1396 2119 1494 2215 disso-

151 2209 256 2267 nsbnut
278 2218 332 2267 aut
355 2209 550 2284 imperfectius
566 2212 776 2269 consonabunt
822 2210 897 2270 Ecce
952 2242 1008 2261 -ι
1022 2224 1058 2261 ⁴
1093 2233 1393 2304 s'ssess'i‘fss

949 2280 1429 2425 3:313}-

1027 2445 1435 2491 aim.aniscoaarmcc1r.aon

947 2539 1434 2697 &imin

193 2738 289 2821 2111.
313 2739 412 2824 Hujus
434 2742 522 2818 igitur
544 2744 658 2802 rarioris
682 2743 824 2801 mixturae
847 2743 922 2801 ratio
946 2751 988 2800 est
1012 2740 1115 2799 eadem
1137 2739 1295 2820 naturalis,
1317 2757 1393 2817 quae
1416 2739 1494 2800 illins

151 2826 268 2886 alterins
289 2828 541 2905 frequentissimas
564 2840 594 2890 ct
615 2841 789 2907 perpetuae,
818 2830 886 2889 dnm
910 2832 1059 2888 variantur
1080 2831 1299 2889 consonantiae.
1345 2825 1494 2902 Quemad-

151 2914 266 2974 urodnm
289 2918 367 2974 eninr
389 2920 419 2974 in
441 2918 564 2994 simplici
587 2917 714 2978 melodia
737 2916 872 2976 deductio
898 2919 978 2976 vocis
1002 2918 1086 2974 nnius
1110 2915 1265 2990 singularis
1289 2915 1421 2975 aradice
1443 2934 1495 2994 sy·

151 3005 280 3062 senatis
302 3021 355 3079 per
377 3006 530 3064 intervalla
552 3004 671 3065 dissona
693 3004 744 3064 sed
767 3007 909 3064 concinna
937 3013 1032 3063 tamen
1066 3002 1158 3061 tendit
1181 3004 1218 3061 ad
1242 3002 1306 3061 loca
1329 3003 1494 3062 harmonice

151 3099 368 3165 contemperata
391 3091 479 3150 radici
503 3095 589 3168 inque
612 3095 649 3151 iis
673 3095 856 3165 immoratur,
880 3094 922 3151 sic
945 3099 1103 3150 concentus
1126 3087 1294 3161 melodicus,
1318 3090 1355 3148 ab
1372 3090 1494 3149 unisono

151 3176 208 3234 iere
232 3179 386 3253 incipiens,
409 3196 460 3255 por
481 3178 703 3239 concordantias
724 3183 858 3251 minores,
884 3178 973 3254 vulgo
998 3176 1179 3253 imperfectas
1201 3177 1308 3249 dictes,
1332 3183 1384 3235 aut
1407 3179 1494 3236 etiam

150 3280 201 3338 per
222 3263 419 3324 dissonantias
443 3267 495 3324 has
525 3267 618 3325 tendit
640 3265 678 3325 ad
702 3268 826 3341 majores
855 3275 884 3325 et
907 3266 1049 3342 periectas
1073 3265 1279 3322 consonantias
1310 3271 1339 3321 et
1366 3262 1495 3339 plerum·

152 3367 207 3425 que
231 3348 418 3431 (praesertim
440 3356 470 3409 in
493 3350 565 3434 fine)
589 3354 625 3414 ad
649 3354 916 3413 identisonantiarn.

235 3438 288 3497 1V.
311 3438 438 3497 Rursum
454 3441 530 3499 sicut
544 3443 573 3498 in
587 3440 739 3501 cantilenis
754 3441 935 3516 simplicibus
948 3456 1046 3498 aarum
1068 3439 1239 3513 linguarum,
1264 3453 1339 3512 quae
1359 3436 1494 3513 rhythmo

152 3533 286 3585 constant
307 3532 337 3585 ct
358 3525 538 3602 longitudine
566 3530 612 3588 vei
635 3530 779 3587 brevitate
808 3526 1000 3604 syliabarum,
1032 3527 1164 3583 brevium
1193 3522 1310 3599 quidem
1341 3525 1415 3581 ratio
1438 3523 1494 3583 ha-

152 3612 236 3671 betur
256 3627 316 3671 non
338 3630 453 3688 magna,
476 3615 579 3690 longas
603 3633 672 3675 vero
695 3615 825 3693 syllabas
848 3628 876 3673 et
898 3615 969 3671 lines
994 3629 1129 3670 veranum
1156 3609 1194 3669 ad
1216 3611 1283 3670 ioca
1304 3611 1397 3686 primo
1420 3613 1494 3670 sono

150 3713 279 3759 consona
302 3699 469 3776 dirigimus,
500 3705 542 3760 sic
566 3705 654 3762 etiam
683 3703 712 3760 in
735 3710 876 3760 concentu
905 3708 973 3758 sunt
995 3699 1218 3769 consonantiae,
1251 3698 1376 3756 minores
1401 3695 1495 3757 dictae

151 3795 182 3843 ct
203 3787 402 3864 imperfectae,
432 3805 505 3865 quas
528 3792 632 3848 cumim
655 3789 878 3865 pervolitamrrs;
908 3793 977 3846 snut
999 3793 1029 3846 et
1049 3786 1213 3864 perlectae,
1241 3784 1279 3843 ad
1302 3801 1385 3861 quas
1398 3784 1495 3844 tendi·

151 3890 234 3947 rnna,
256 3892 332 3950 quae
355 3875 421 3934 ideo
444 3875 539 3935 dictae
562 3885 629 3935 snut
653 3876 810 3936 clausulae

261 3961 297 4020 V
321 3962 471 4040 Amplius,
501 3965 576 4022 sicut
605 3967 685 4040 ipsae
717 3964 924 4022 consonantiae
952 3957 1099 4035 singulae,
1133 3962 1253 4019 seorsim
1284 3958 1493 4034 consideratae,

151 4056 223 4107 snnt
244 4066 278 4109 eo
299 4053 417 4109 nominc
438 4059 553 4126 gratae,
583 4051 661 4127 quod
689 4067 747 4109 non
769 4050 854 4127 piane
883 4047 1007 4106 identice
1038 4055 1157 4118 sonant,
1188 4045 1239 4105 sed
1263 4044 1404 4122 figuratae
1427 4055 1496 4108 suut

156 4134 372 4209 quodammodo
396 4142 425 4197 et
448 4135 659 4211 diversisonac,
685 4145 712 4197 et
734 4135 918 4196 latitudinem
940 4134 1069 4211 aliquam
1091 4133 1293 4209 qualitativam
1320 4143 1495 4210 occupantes

154 4223 185 4279 in
155 4223 316 4367 turauditu,
339 4233 472 4283 naturam
496 4225 641 4286 trabentes
664 4242 682 4283 a
703 4223 803 4298 figuris
825 4222 920 4300 planis
942 4222 1142 4297 regularibus,
1174 4220 1321 4296 aquibus
1343 4228 1373 4278 et
1395 4223 1495 4278 oriun-

155 4314 283 4383 tunsis
300 4312 363 4387 jam
386 4320 542 4370 concentus
565 4312 758 4383 harmonicus,
781 4328 834 4369 seu
850 4308 972 4385 sequela
986 4308 1110 4385 plurium
1123 4307 1338 4365 harmoniarum
1354 4312 1495 4383 perpetua

155 4399 220 4456 sine
241 4417 339 4459 carum
363 4402 503 4458 varietate
526 4402 650 4473 gratiam
674 4416 788 4458 ornnem
810 4398 915 4473 perdit.

243 4485 284 4544 lix
304 4487 361 4545 bac
383 4485 577 4562 explicatione
601 4485 776 4546 definitionis
799 4502 906 4544 censae
929 4481 1004 4541 tradi
1026 4487 1149 4557 possunt
1165 4480 1271 4554 legum,
1296 4496 1370 4552 quas
1393 4459 1495 4538 obser·
1519 4509 1522 4526 ι

158 4579 231 4630 cant
251 4576 446 4650 componistae
463 4576 499 4630 in
522 4573 692 4650 coaptandis
723 4571 945 4655 ιοιιιοιιιιιιιιιι.
990 4569 1065 4627 Nam
1095 4569 1194 4641 quaeri
1219 4572 1328 4642 potest,
1360 4582 1436 4641 quae
1458 4567 1495 4623 sit

155 4675 248 4718 cansa
266 4660 447 4734 naturalis,
456 4677 506 4719 cur
527 4660 638 4719 licitum
668 4660 725 4718 sibi
757 4648 895 4736 putent,
907 4657 1006 4716 tertias
1029 4664 1058 4713 et
1080 4661 1178 4712 sextas
1196 4652 1352 4714 naturales
1383 4653 1496 4728 aliquot

156 4745 287 4809 ordinare
309 4748 461 4824 deinceps3
484 4759 602 4824 quartas
625 4757 655 4808 et
677 4746 794 4823 quintas
818 4754 847 4806 et
870 4753 990 4805 octavas
1014 4748 1043 4800 et
1065 4739 1175 4801 similes
1198 4759 1233 4800 ex
1259 4739 1410 4816 speciebus
1434 4741 1495 4798 sin·

215 4857 302 4908 ιιιριιιι
317 4857 393 4908 open
407 4856 433 4897 v
582 4901 588 4909 ,
1288 4844 1340 4902 13
