3567 5625
249 453 312 517 252
422 468 425 477 ·
664 431 706 486 De
725 426 987 497 Condgurstlomhus
1004 425 1181 517 Harmonicin,

250 637 313 691 tom
336 623 435 685 turbat
456 615 645 692 municipium
668 611 754 671 suam
782 609 898 684 sibique
920 612 1023 667 auctor
1052 613 1098 666 est
1119 608 1254 667 miseriae
1282 607 1488 685 deplorandae.
1534 609 1601 668 Pri.

249 733 329 778 mum
351 714 451 786 itaque
473 705 596 766 acmssit
616 699 785 777 aspectibus
807 696 989 774 planetarum
1011 696 1183 771 imaginatio
1210 695 1347 757 diuturna
1369 699 1470 757 matris
1493 706 1602 775 praeg-

251 805 358 876 nantis,
380 798 427 858 coi
449 809 560 864 socrus,
584 791 654 849 aria
675 803 750 857 mea,
772 783 936 843 medicinae
958 781 1109 859 popularis
1130 789 1248 858 apatre
1264 780 1353 843 etiam
1369 786 1514 845 exercitae
1537 794 1601 844 stu·

252 893 352 963 diosa,
382 890 445 945 erat
467 879 665 951 admiratioui3
693 874 818 933 accessit
845 869 989 943 secundo,
1012 868 1092 945 quod
1123 873 1168 929 rir
1199 880 1373 931 natussum
1402 889 1460 931 non
1483 872 1601 945 lemica,

253 977 333 1057 quod
354 987 442 1034 sexus
465 968 618 1028 discrimen
639 963 746 1022 frustra
768 966 912 1036 quaemnt
933 956 1075 1033 astrologi
1098 959 1128 1015 in
1144 956 1244 1034 coelo;
1266 963 1351 1019 tertio
1375 961 1503 1037 corporis
1526 968 1603 1020 tem.

151 1112 161 1119 -
251 1074 417 1147 paraturam
440 1076 457 1116 a
479 1060 571 1114 matre
592 1051 693 1123 traho,
726 1046 840 1107 studiis.
853 1047 948 1121 magis
970 1052 1086 1120 aptam,
1118 1063 1208 1121 quam
1237 1045 1304 1105 aliis
1327 1050 1405 1108 vitae
1428 1046 1602 1124 generibds3

251 1159 357 1232 quarto
379 1165 426 1207 res
449 1152 511 1204 erat
531 1139 701 1219 parentibus
722 1151 782 1194 nou
804 1132 919 1209 ampla,
944 1133 1033 1210 gleba
1062 1148 1102 1191 sc
1125 1133 1240 1205 aberet,
1273 1136 1318 1194 cui
1350 1134 1523 1195 adnascerer
1547 1134 1602 1194 ad-

252 1244 524 1321 haeresceremque3
555 1228 657 1304 quinto
680 1223 803 1284 aderant
823 1220 956 1294 scholae,
990 1219 1112 1280 aderant
1138 1219 1272 1298 exempla
1299 1222 1484 1283 liberalitatis
1506 1224 1603 1300 magi.

252 1335 397 1390 stratuum
419 1324 449 1379 in
471 1333 578 1397 pueros
599 1312 705 1374 studiis
726 1316 821 1387 aptos.

338 1413 397 1473 Hic
417 1411 570 1477 intersere,
597 1418 711 1461 mrsum
733 1416 769 1458 ex
791 1396 911 1474 genesi,
944 1394 1125 1474 planetarum
1149 1393 1317 1456 discrimina
1347 1398 1376 1455 in
1401 1396 1603 1472 qualitatihus.

253 1504 330 1566 Nam
360 1501 387 1560 si
414 1499 513 1558 anima
542 1491 593 1549 lux
623 1486 768 1565 quaedam
799 1490 861 1557 est,
892 1481 1036 1542 discernet
1066 1484 1155 1542 etiam
1177 1482 1282 1543 Martis
1310 1484 1445 1544 ruborem
1475 1483 1604 1545 adoria

254 1590 381 1653 caudore
402 1583 580 1655 Saturnique
603 1577 711 1649 lirore;
735 1576 835 1648 itaque
855 1569 1007 1630 fatendum
1028 1577 1087 1645 est,
1115 1588 1254 1647 magnum
1276 1571 1418 1631 auxilium
1441 1589 1476 1633 ex
1498 1570 1604 1646 Marte,

254 1696 313 1740 non
332 1680 446 1736 tantum
467 1676 501 1729 nt
521 1669 602 1744 prius
624 1663 663 1724 ad
684 1661 869 1730 industriam,
900 1656 1063 1718 sedetiam
1091 1657 1128 1717 ad
1152 1660 1342 1718 acrimoniam
1363 1644 1494 1736 ingenii,
1527 1676 1604 1735 quaa

254 1765 388 1828 consistit
409 1762 438 1817 in
461 1760 492 1815 ri
513 1757 611 1831 ignca,
633 1749 795 1827 videasque
816 1747 989 1824 praecipuos
1012 1742 1216 1822 philosophiae
1231 1745 1375 1807 naturalis
1398 1756 1427 1807 ct
1441 1746 1604 1807 medicinae

254 1855 365 1934 peritos
388 1848 443 1907 sub
466 1849 602 1921 aspectus
624 1836 746 1899 idoneos
767 1835 871 1895 Martis
894 1850 960 1893 cum
983 1831 1052 1892 Sole
1074 1832 1279 1911 Mercurioque
1301 1837 1400 1909 nasci3
1425 1837 1496 1912 quia
1517 1836 1605 1893 nimi·

254 1960 319 2001 mm
340 1937 437 2014 majus
459 1932 613 2009 requiritur
633 1941 764 1997 acumen,
787 1921 881 1996 maior
903 1919 1022 1979 solertia
1036 1919 1075 1979 ad
1090 1921 1218 1980 emenda
1239 1931 1361 1983 naturae
1376 1939 1492 1996 areana,
1516 1939 1606 1998 quam
1643 1946 1647 1959 ·

256 2028 295 2090 ad
321 2022 544 2101 reliqua·vitse
572 2016 693 2092 negotia
721 2010 877 2085 studiaque
905 2010 940 2067 iis
964 2007 1168 2070 deservientis
1214 2009 1336 2086 Largior
1359 2012 1447 2070 etiam
1476 2007 1604 2086 amplius

256 2112 377 2192 allqnlrl,
401 2129 437 2171 ex
458 2106 537 2168 Jove
560 2120 625 2164 esse
647 2104 675 2160 ln
699 2097 773 2160 coeli
796 2095 924 2156 medium
947 2095 1072 2170 elevato,
1095 2093 1174 2173 quod
1190 2099 1284 2173 magis
1301 2094 1430 2157 delector
1444 2100 1606 2173 geometria

258 2207 288 2264 ln
311 2200 441 2280 physicis
464 2192 558 2253 rebus'
574 2206 726 2266 expressa,
748 2202 837 2262 quam
859 2184 1008 2243 abstracta
1030 2182 1082 2242 illa
1104 2192 1134 2243 et
1155 2182 1272 2243 Saturni
1296 2185 1459 2245 siccitatem
1480 2202 1551 2260 prae
1574 2201 1607 2243 aa

257 2293 375 2361 terente,
400 2284 493 2360 magis
515 2283 636 2357 inquam
656 2275 789 2355 physica,
812 2289 902 2348 quam
923 2273 1098 2347 geometria,
1122 2280 1151 2332 et
1174 2271 1252 2346 qnod
1265 2271 1350 2332 Luna
1368 2273 1460 2348 gibba
1481 2275 1511 2330 ῑῃ
1526 2271 1607 2331 clm

257 2378 360 2440 frontis
382 2372 529 2433 Taurinae
557 2363 778 2427 constellatione
805 2358 926 2438 impleat
955 2360 1070 2418 animae
1093 2357 1309 2435 phantasticam
1330 2358 1501 2421 laenitatem
1530 2363 1607 2419 ima.

258 2466 384 2545 glnlhus,
408 2474 530 2537 quarum
559 2462 656 2515 tamen
679 2449 787 2510 multas
814 2454 936 2506 naturae
965 2462 1059 2505 rerum
1082 2457 1294 2509 consentaneas
1322 2450 1441 2525 reipsa
1468 2455 1606 2525 expertus

258 2571 332 2627 suns,
356 2550 436 2611 velut
458 2564 493 2607 er
516 2543 613 2602 Procli
642 2536 892 2619 paradigmatibus
915 2529 1100 2611 delapsas.⁵)
1143 2534 1183 2593 At
1205 2536 1231 2592 si
1258 2535 1321 2610 jam
1351 2533 1388 2596 cle
1411 2543 1518 2595 eventu
1541 2542 1607 2595 stn-

259 2642 373 2702 dlomm
395 2649 525 2695 meorum
546 2622 665 2706 loquar,
689 2624 760 2702 quid
783 2638 893 2699 quaeso
922 2637 1008 2697 porro
1031 2621 1149 2680 invenio
1176 2623 1204 2679 in
1228 2623 1328 2692 coelo,
1362 2622 1441 2700 quod
1462 2622 1501 2682 ad
1523 2622 1608 2681 illum

260 2728 309 2790 rel
330 2727 436 2787 leviter
458 2716 591 2781 alludat?
634 2711 846 2788 Philosophiae
867 2716 967 2787 partes
989 2725 1048 2768 non
1063 2710 1289 2770 contemnendas
1311 2729 1331 2770 a
1344 2728 1390 2770 me
1414 2708 1460 2770 vel
1476 2709 1512 2769 (ιθ
1527 2727 1607 2770 novo

260 2824 375 2889 emtas,
404 2811 453 2870 rel
475 2803 661 2877 emendatas,
690 2801 738 2861 rel
761 2799 849 2877 plane
870 2796 1015 2875 perlectas
1038 2814 1111 2871 esse,
1134 2797 1264 2858 latentur
1285 2800 1386 2876 periti:
1418 2806 1449 2857 at
1469 2816 1536 2859 meg
1559 2797 1608 2858 1150

259 2903 357 2965 sidera
377 2899 458 2958 luere
480 2912 538 2954 non
560 2890 723 2952 Mercurius
745 2884 896 2949 orientalis
918 2887 948 2943 in
971 2885 1081 2962 angulo
1103 2886 1254 2961 septimae,
1277 2888 1305 2945 in
1329 2886 1472 2963 quadrato
1492 2886 1608 2961 Martis,

262 2991 315 3053 sed
338 2975 532 3064 Copornlcus,
560 2978 611 3040 sed
634 2976 737 3055 Tycha
758 2974 908 3044 Braheus,
943 2975 1006 3032 sine
1029 2973 1112 3048 cujus
1134 2973 1373 3034 observationum
1395 2974 1477 3032 libris
1499 2976 1607 3047 omnia,

263 3096 340 3156 quae
361 3090 440 3134 nunc
453 3061 482 3131 ‘a
502 3086 549 3128 me
568 3074 636 3127 sunt
658 3066 687 3121 in
711 3061 873 3123 clarissima
894 3060 960 3120 luce
982 3059 1142 3134 collocata,
1171 3062 1287 3137 sepulta
1311 3062 1443 3138 jacerent
1472 3064 1502 3119 a„
1525 3069 1609 3122 ωηο.

263 3168 340 3239 hrls3
369 3179 428 3221 non
450 3158 593 3220 Saturnus
620 3151 755 3213 dominus
777 3149 929 3221 Mercurii,
962 3148 1014 3207 scd
1038 3148 1179 3209 Caesares
1207 3147 1347 3227 Augusti,
1377 3148 1551 3226 lindolphus
1580 3156 1610 3210 et

264 3251 422 3323 Matthias,
446 3245 566 3305 Domini
587 3241 663 3314 mei3
690 3255 748 3298 non
772 3237 953 3315 planetarum
975 3235 1149 3311 hospitium,
1174 3236 1366 3313 Capricornus
1390 3235 1524 3311 saturni,
1557 3235 1610 3296 ,eq

265 3340 386 3402 Austris
403 3334 554 3414 superior,
576 3327 711 3389 Caesaris
739 3324 843 3384 domus
866 3322 1056 3400 ejusdemque
1078 3322 1234 3383 Procerum
1260 3326 1372 3402 petenti
1395 3324 1467 3383 mihi
1494 3332 1611 3402 promta

263 3425 435 3497 liberalitas,
458 3416 583 3496 exempli
605 3433 662 3475 non
685 3414 794 3472 usitati.
839 3411 897 3471 Hic
919 3410 969 3470 ille
991 3410 1116 3487 angulus
1139 3419 1197 3484 est,
1220 3429 1278 3471 non
1300 3413 1437 3472 thematis
1460 3411 1611 3485 occiduus,

265 3515 317 3578 sed
339 3514 502 3580 Teucrum,
526 3509 555 3565 in
578 3521 664 3580 quem
679 3501 864 3577 Imperatoris
885 3498 1005 3558 Domini
1027 3500 1083 3558 mei
1108 3516 1247 3559 concessu
1271 3517 1307 3560 ex
1329 3499 1399 3560 aula
1420 3501 1540 3559 nimium
1564 3502 1612 3558 in·

266 3606 367 3683 quieta
388 3611 434 3659 me
456 3595 552 3673 recepi
575 3601 604 3653 et
626 3592 654 3648 in
678 3605 736 3665 quo
758 3603 810 3664 per
831 3586 921 3647 hosce
943 3602 1057 3662 annos,
1076 3585 1138 3662 jam
1161 3586 1200 3646 ad
1223 3604 1358 3648 occasum
1381 3589 1461 3647 ritae
1484 3605 1612 3666 vergen-

265 3699 320 3765 tes,
342 3687 513 3748 harmonica
533 3683 592 3740 ista
614 3685 643 3738 et
665 3693 741 3752 quae
764 3674 824 3733 alia
845 3674 901 3734 suh
923 3674 1059 3733 manibus
1078 3674 1174 3734 habeo
1197 3676 1299 3734 enitor.
1343 3675 1464 3734 Frustra
1485 3692 1522 3734 ex
1544 3675 1611 3734 the-

265 3786 344 3850 mate
367 3770 550 3852 genethliaco
573 3782 678 3828 causas
700 3755 820 3839 quaeret
841 3761 1007 3838 astrologus
1029 3763 1211 3822 inventamm
1235 3780 1254 3821 a
1272 3781 1319 3824 me
1340 3780 1418 3823 anno
1438 3762 1518 3822 1596
1540 3779 1612 3841 pro.

265 3866 432 3945 portionum
462 3862 538 3918 inter
560 3856 644 3914 orbes
673 3851 829 3936 coelestes,
861 3864 938 3908 anno
965 3849 1047 3908 1604
1077 3848 1156 3908 modi
1184 3849 1319 3923 ridendi,
1347 3867 1424 3910 anno
1446 3849 1503 3908 hoc
1529 3852 1611 3909 1613

271 3967 435 4022 cansamm,
459 3946 497 4006 oh
512 3961 586 4019 quas
610 3938 730 4000 cuilibet
751 3936 887 4012 planetae
909 3937 1031 4010 contigit
1053 3943 1137 3996 tanta
1151 3940 1358 4012 eccentricitas,
1380 3955 1436 3999 nee
1449 3940 1544 3997 minor
1559 3953 1614 3997 nec

266 4040 378 4117 major3
401 4037 485 4096 aunis
506 4026 685 4090 intermedils
707 4024 922 4085 demonstratae
944 4023 1084 4100 physicae
1104 4023 1481 4102 eoelestis'modorumqna
1504 4026 1613 4101 quibua

266 4131 421 4188 morentur
443 4121 579 4200 planetae
603 4129 793 4188 rerommque
815 4119 946 4171 motuum
969 4113 1112 4186 ipsomm,
1143 4112 1270 4189 denique
1291 4112 1544 4173 fundamentorum
1568 4112 1613 4172 el·

267 4215 387 4275 llcaclae
409 4201 545 4271 coelestis
567 4207 596 4262 in
617 4203 693 4262 haec
714 4199 858 4268 interiora,
881 4196 1163 4275 metaphysicorum3
1183 4217 1246 4258 ,⁰011
1269 4202 1445 4261 influxerunt
1467 4190 1525 4259 pt,
1547 4217 1614 4262 cum

268 4303 434 4364 characters
462 4295 535 4355 coeli
564 4295 593 4351 io
622 4285 801 4350 flammulam
828 4285 910 4347 illam
936 4285 1085 4345 facultatis
1114 4288 1212 4347 vitalis
1242 4306 1336 4365 nuper
1358 4291 1495 4349 incensae
1524 4292 1614 4365 inque

203 4427 210 4442 ι
268 4397 365 4451 aetum
387 4383 558 4464 productae,
586 4378 639 4438 sed
660 4376 765 4453 partim
797 4375 875 4432 intus
903 4376 932 4432 in
963 4375 1145 4452 penitissima
1172 4378 1287 4436 animae
1316 4378 1444 4436 essentia
1471 4376 1613 4449 latebant,
1663 4359 1671 4372 ’

269 4475 428 4538 seeundum
450 4469 635 4530 Platonicam
657 4463 818 4522 doctrinam
845 4479 934 4539 supra
956 4479 991 4520 ex
1013 4460 1119 4521 Proclo
1140 4462 1313 4539 allegatam,
1340 4464 1444 4540 partim
1472 4462 1533 4523 alia
1555 4465 1613 4535 ria,

268 4582 321 4643 per
343 4560 445 4625 oculos
467 4559 619 4627 nimimm‚
650 4554 805 4610 introrsum
827 4555 944 4627 recepta
967 4557 1050 4622 snut,
1081 4548 1147 4610 sola
1169 4558 1198 4610 et
1219 4553 1306 4610 unica
1329 4552 1468 4611 thematis
1489 4551 1613 4627 geneth·

268 4653 339 4713 liaci
360 4666 450 4727 opera
471 4646 526 4707 luit
547 4647 613 4717 ista,
637 4638 715 4717 quod
738 4647 767 4698 et
789 4639 920 4698 emunxit
940 4635 1007 4722 illos
1029 4638 1135 4712 ingenii
1156 4637 1319 4714 Judiciique
1334 4639 1487 4716 ‘igniculos
1514 4646 1544 4698 et
1566 4639 1614 4696 in·

347 4894 374 4941 a)
388 4893 474 4942 stipem
487 4888 525 4928 hle
537 4887 634 4937 sllquasn
647 4883 753 4931 satyricis
766 4881 858 4923 corbis.
886 4882 954 4929 Nam,
970 4869 995 4920 ut
1007 4882 1108 4931 apparet,
1123 4883 1214 4928 metas
1227 4880 1290 4929 ipsos
1299 4879 1388 4930 premit,
1404 4879 1442 4930 qus
1452 4876 1529 4931 janum
1541 4887 1612 4919 mm

271 4957 339 4991 nuum
352 4945 419 4997 bulas
433 4941 528 4983 similem
549 4950 578 4983 ex
591 4936 690 4979 libro'ds
703 4935 777 4980 euru
789 4935 852 4976 hers
861 4932 909 4988 iam
922 4934 1042 4985 aliquotlss
1055 4933 1115 4974 intra
1129 4931 1154 4976 li
1166 4943 1272 4974 annorum
1286 4933 1420 4973 curriculum
1432 4932 1579 4972 fumum
