3567 5625
476 414 615 476 indidem
631 417 743 490 liepleri
761 417 795 476 de
812 431 1001 478 mensurarum
1018 421 1189 492 aequatione.

697 688 749 750 ed
771 690 891 770 Caput
912 688 967 751 IV.

244 837 370 896 Statium
390 838 585 910 generaliorem
603 839 669 895 iacit
686 841 758 897 hanc
775 844 978 912 quaestionem,
1003 842 1048 898 cni
1073 841 1198 912 equidem
1222 840 1329 897 invideo
1353 840 1386 896 de
1405 840 1506 896 tradito

156 919 290 994 principio
306 935 504 990 mensurarum,
523 927 554 975 nt
571 918 638 975 mihi
655 919 763 975 videtur
780 922 962 991 pulcherrimo
981 926 1009 976 et
1031 920 1202 976 securissimo
1221 925 1250 975 et
1267 920 1385 975 omnium
1403 925 1506 990 tempo·

156 1016 225 1056 runs.
261 999 330 1057 liam
348 1001 419 1056 idem
437 1015 488 1069 ego
502 1000 561 1069 jam
578 1005 637 1054 tum
653 998 803 1055 meditabar
819 1000 945 1071 tradere,
969 1017 1031 1057 cum
1056 999 1172 1069 primum
1194 1001 1278 1056 verba
1301 999 1361 1055 deri
1384 1000 1506 1057 audirem

159 1081 193 1137 de
211 1081 263 1136 hac
280 1080 403 1135 materia.
624 1123 629 1130 .

225 1159 346 1215 Primum
364 1158 388 1214 ai
404 1158 485 1213 uncia
502 1157 589 1213 variat
604 1172 655 1227 per
672 1156 762 1226 aliqua
774 1155 844 1227 loca,
863 1157 977 1213 variabit
993 1158 1092 1228 atejus
1105 1157 1247 1228 drachma3
1267 1174 1298 1214 se
1315 1159 1405 1229 ipsum
1423 1159 1506 1228 igitur

156 1236 309 1307 redargnit;
338 1235 434 1292 deinde
466 1251 593 1291 mensura
609 1251 694 1306 parva
712 1240 761 1304 est,
781 1237 860 1305 cujus
877 1236 1101 1306 multiplicatione
1118 1238 1204 1294 multa
1216 1237 1274 1293 fleri
1285 1237 1394 1293 medem
1409 1242 1506 1311 possit,

157 1323 187 1372 ut
203 1315 318 1371 notabili
335 1315 426 1385 aliquo
445 1315 614 1370 differremus
632 1329 649 1368 a
666 1312 835 1383 ponderibus
851 1322 987 1384 veterum,
1012 1317 1105 1384 itaque
1122 1318 1248 1386 gloriatio
1266 1319 1359 1372 nostm
1375 1317 1505 1373 interiret

155 1396 252 1462 ltaque
278 1395 369 1465 placet
386 1395 451 1450 mihi
469 1411 530 1450 cum
548 1394 646 1448 ceteris
665 1408 747 1463 super
766 1393 819 1446 hoc
836 1393 969 1449 consultis
989 1394 1124 1466 dubitare,
1151 1411 1169 1450 a
1190 1395 1304 1466 simplici
1331 1394 1506 1463 longitudinis
1613 1453 1618 1462 ,

156 1492 191 1531 an
209 1474 340 1530 arabica
356 1488 499 1529 mensurae
518 1472 680 1542 capiendum
699 1474 734 1528 ait
753 1472 877 1527 initium?
914 1474 1009 1529 Placet
1026 1474 1106 1528 etiam
1125 1474 1291 1544 respondere
1308 1491 1369 1529 cum
1387 1475 1506 1546 Sterino,

155 1554 228 1622 quod
246 1553 282 1607 sit
299 1550 334 1606 ab
351 1551 399 1606 illa
417 1550 608 1621 incipiendum,
627 1568 682 1606 uon
702 1553 736 1606 ab
754 1551 813 1605 hac.
849 1552 939 1622 Atque
964 1551 1016 1606 hoo
1043 1552 1155 1621 quidem
1183 1553 1217 1607 ob
1243 1553 1431 1622 simpliciorem
1458 1570 1506 1609 na·

84 1682 89 1686 .
154 1642 242 1688 turam
260 1632 344 1702 longi,
363 1647 444 1701 quam
462 1631 553 1698 solidi;
582 1632 664 1686 rectis
683 1631 783 1700 qnippe
802 1638 878 1687 ortas
897 1631 1039 1701 tribuitur,
1068 1631 1156 1686 cursis
1179 1634 1362 1702 perpetuitas:
1389 1634 1505 1703 plinium

154 1728 219 1766 sero
236 1710 418 1765 rudimentum
436 1725 567 1779 geneseos
586 1709 612 1763 in
630 1708 707 1764 fluxu
726 1712 835 1780 puncti,
862 1711 934 1766 unde
952 1710 1036 1782 linea,
1062 1710 1132 1765 alter
1149 1710 1250 1780 gradus
1267 1711 1295 1765 in
1313 1710 1390 1766 fluxu
1408 1712 1505 1782 lineae,

155 1790 226 1846 unde
245 1788 379 1860 quadrata
391 1788 565 1858 superficiem
583 1789 681 1844 tertius
693 1789 811 1860 denique
823 1791 851 1846 ιιι
864 1789 940 1846 fluxu
953 1791 1106 1862 superficiei
1119 1791 1277 1859 quadratae,
1295 1791 1367 1847 unde
1379 1790 1504 1862 solidum,

155 1886 182 1925 n.
201 1870 297 1924 cubus.

239 1949 370 2016 Agnoscit
387 1950 442 2005 hoc
460 1955 488 2002 et
506 1948 662 2004 Schonerus
680 1948 841 2015 quaestione
859 1948 968 2017 quinta:
987 1946 1036 2003 sed
1053 1948 1166 2004 incessit
1183 1948 1208 2004 ei
1224 1949 1365 2020 negotium
1378 1947 1503 2003 accidens

154 2025 207 2080 hoc
224 2025 252 2079 in
270 2043 402 2095 processu
420 2026 599 2096 inculcatum,
624 2026 697 2095 quod
719 2027 780 2082 sola
798 2028 919 2097 pondera
937 2029 1087 2083 manserint
1103 2031 1263 2085 constantia.
1302 2030 1359 2097 Ego
1387 2043 1451 2082 vero
1477 2034 1505 2082 et

152 2103 205 2158 hoc
223 2104 251 2159 in
263 2104 374 2160 dubium
392 2105 482 2160 vocari
498 2105 576 2161 video
588 2120 605 2159 a
618 2105 744 2161 Mariana
756 2106 886 2176 Hispano,
906 2108 953 2175 qui
966 2107 1000 2161 da
1012 2107 1177 2177 ponderibus
1190 2108 1375 2164 recentissime
1385 2108 1503 2177 scripsit,

153 2191 180 2239 et
194 2183 305 2252 jamjam
319 2184 373 2239 hoc
391 2193 502 2238 acturus
520 2199 589 2252 aum,
608 2191 638 2236 ut
655 2193 816 2254 perpetuam
835 2186 1015 2241 constantiam
1034 2188 1060 2241 in
1079 2203 1221 2243 mensuras
1235 2186 1409 2257 longitudinis
1422 2187 1505 2241 intro·

154 2263 258 2318 ducam.
292 2262 465 2317 Potissimum
493 2264 563 2317 enim
590 2273 778 2332 argumentum
803 2281 854 2333 pru
881 2266 983 2333 longo
1011 2265 1135 2333 eligendo
1162 2273 1205 2320 eat
1231 2266 1375 2321 aStevino
1403 2265 1504 2321 dictum

152 2343 272 2411 mihique
290 2350 480 2412 praereptum,
499 2342 652 2397 milliarium
670 2342 705 2397 ad
724 2343 869 2398 maximum
896 2343 1028 2398 circulum
1049 2343 1123 2413 globi
1148 2345 1265 2401 Telluris
1284 2346 1501 2414 accommodatio,

154 2429 182 2476 ct
200 2422 300 2490 pedum
317 2421 345 2475 in
363 2419 472 2475 milliari
489 2429 580 2476 certus
598 2437 742 2489 numerus,
769 2422 901 2492 pedisque
918 2438 974 2476 non
991 2422 1072 2492 plane
1090 2424 1339 2479 inconstantissimo
1356 2424 1503 2494 quantitas.

154 2504 252 2571 ltaque
271 2501 323 2555 hoc
340 2515 483 2555 mensurae
502 2515 586 2567 genus
605 2501 693 2568 possit
710 2517 771 2557 esse
788 2510 958 2571 perpetuum.

241 2580 294 2635 Sed
314 2580 456 2650 explicabo
475 2580 670 2649 cogitationum
688 2597 809 2636 mearum
827 2581 924 2636 seriem
942 2582 1082 2651 integram.
1118 2582 1187 2638 Nam
1211 2582 1336 2638 Sterinus
1362 2598 1504 2640 mensures

151 2659 297 2714 Terrarum
315 2659 409 2713 orbem
426 2658 461 2714 ad
481 2660 673 2714 astronomiam
692 2660 810 2730 ablegat,
838 2659 912 2730 quod
929 2674 1042 2715 necesse
1059 2676 1113 2715 non
1132 2669 1183 2717 est.
1219 2662 1279 2729 Ego
1305 2677 1415 2718 mensus
1442 2679 1502 2717 sum

152 2747 216 2794 ante
234 2753 321 2793 annos
339 2744 464 2806 quatuor,
484 2737 560 2792 coelo
579 2755 634 2793 non
651 2740 783 2811 inspecto,
803 2748 831 2808 et
848 2741 1028 2794 instrumento
1050 2739 1200 2794 certissimo
1226 2738 1347 2811 quidem,
1372 2740 1420 2795 ssd
1439 2758 1503 2798 oon·

152 2817 228 2871 temti
253 2819 341 2886 pretii
377 2818 410 2872 In
428 2819 538 2888 regione
556 2820 625 2876 bene
639 2820 726 2890 plana
744 2836 794 2875 nec
817 2820 909 2875 multia
932 2819 1071 2874 fluminum
1096 2820 1264 2876 anfractibus
1287 2821 1416 2890 impedita
1434 2822 1503 2879 duos

151 2895 221 2964 eligo
240 2902 338 2963 turres,
359 2897 390 2952 io
408 2897 471 2952 circ.
492 2898 580 2953 Germ.
599 2898 759 2954 milliaribus
779 2899 920 2954 distantes.
950 2900 1009 2953 Hoc
1027 2898 1170 2954 intervallo
1194 2914 1260 2954 sane
1278 2906 1421 2970 utramque
1440 2901 1502 2958 alti·

151 2975 273 3031 tudinem
295 2976 459 3045 tropaeam
478 2992 609 3046 superare
627 2994 740 3033 necesse
758 2986 813 3033 est:
842 2994 877 3031 ex
896 2994 950 3046 qno
969 2977 992 3032 si
1012 2977 1179 3046 impossibile
1196 2979 1309 3039 ridetur.
1327 2984 1502 3050 proportione

152 3064 283 3125 spectata,
303 3055 329 3110 id
348 3055 422 3124 quod
440 3055 499 3112 fieri
516 3064 616 3127 potest,
635 3059 800 3112 aestimetur.
836 3057 958 3125 Utraque
977 3071 1011 3112 ex
1029 3055 1171 3112 altitudine
1197 3067 1373 3126 conspectum
1390 3059 1502 3116 alterius

153 3137 302 3199 (nocturnis
320 3136 428 3204 ignibus
447 3137 580 3206 adjutum,
599 3140 623 3192 si
640 3152 752 3192 necesse
771 3140 825 3201 esti
853 3136 887 3190 ad
907 3136 1025 3192 libellam
1044 3135 1273 3191 accuratissimam
1291 3138 1423 3193 examino.
1458 3141 1503 3194 ln·

150 3216 267 3272 notescit
285 3216 355 3269 enim
374 3232 407 3270 ex
427 3217 628 3285 comparatione
655 3232 711 3270 non
737 3222 844 3269 tantum
868 3215 985 3285 angulus
1003 3212 1037 3267 ad
1056 3220 1178 3267 centrum
1198 3213 1336 3283 Telluris,
1355 3232 1403 3271 seu
1421 3233 1502 3276 arcus

151 3297 318 3365 interceptae
343 3295 509 3365 superficiei,
541 3296 688 3351 sedetiam
709 3294 846 3349 discessus
864 3295 1007 3361 utriusque
1026 3291 1096 3360 signi
1115 3306 1131 3344 a
1149 3298 1243 3346 centro
1261 3292 1377 3349 Telluris
1394 3296 1421 3350 in
1439 3314 1502 3366 pro·

150 3373 277 3443 portione
294 3389 333 3441 sa,
353 3391 408 3442 qua
426 3374 544 3444 spatium
562 3373 762 3441 complanatum
781 3370 852 3425 inter
876 3378 1021 3439 utramque
1038 3370 1208 3425 altitudinem
1226 3372 1315 3427 metiri
1332 3389 1442 3443 possum
1461 3376 1505 3432 vel

150 3451 234 3520 virga,
252 3450 296 3506 vel
314 3449 444 3520 funiculo,
471 3451 513 3505 vel
531 3466 695 3521 quacunque
712 3450 826 3505 ratione.
863 3450 961 3519 Itaque
985 3451 1186 3521 comparatione
1213 3450 1286 3505 facta
1311 3465 1389 3506 arcus
1407 3454 1504 3510 circuli

151 3528 262 3591 maximi
278 3527 314 3583 ad
331 3528 466 3584 intervalli
484 3529 679 3598 longitudinem
697 3530 773 3598 uirga
791 3529 974 3599 descriptam:
994 3526 1126 3598 quidquid
1145 3532 1170 3582 1‘
1188 3544 1238 3584 seu
1258 3530 1314 3597 ¹s„⁰
1325 3531 1461 3599 competit,
1474 3532 1502 3587 id

151 3610 179 3663 in
194 3611 262 3666 1000
274 3607 411 3662 dividatur
423 3616 523 3678 partes,
542 3624 655 3678 quarum
675 3607 813 3676 quaelibet
831 3624 930 3678 passus
947 3609 1127 3676 geometricus
1145 3616 1283 3662 correctas
1301 3615 1369 3663 esto.
1405 3609 1502 3679 Hicin

151 3689 289 3744 bdirisus
316 3688 465 3744 constituet
490 3687 587 3759 pedem
615 3696 785 3757 correctum.¹
810 3686 862 3741 Hic
887 3688 916 3742 in
945 3687 977 3742 12
1002 3685 1087 3742 abibit
1110 3686 1245 3741 correctos
1269 3685 1377 3754 digitos.
1417 3688 1502 3743 Porro

152 3768 297 3837 digitorum
309 3767 344 3822 32
358 3782 407 3822 sen
420 3767 504 3837 pedes
522 3769 575 3835 2¹l,
593 3768 697 3822 dabunt
714 3775 864 3827 correctam
884 3765 985 3821 ulnam.
1021 3766 1100 3821 Unde
1119 3765 1313 3822 derivabuntur
1331 3772 1358 3821 et
1371 3767 1504 3835 quadrata

150 3846 252 3901 usitata
270 3853 298 3900 et
314 3845 405 3914 virgae
424 3862 549 3914 agrorum
568 3860 707 3902 mansores
726 3846 891 3900 innumeris
910 3844 1044 3915 pulchris,
1072 3845 1221 3915 dequibus
1239 3844 1358 3900 nondum
1377 3848 1502 3904 omuibus

152 3925 316 3995 deliberari3
337 3934 466 3981 caveatur
483 3931 574 3980 antem
593 3927 682 3982 omnis
701 3926 784 3981 nimia
801 3925 956 3980 insolentia.

239 4005 309 4059 Hinc
324 4004 383 4072 jem
400 4020 562 4074 progressus
581 4006 616 4061 ad
635 4008 733 4061 cubum
752 4005 829 4075 pedis
849 4006 907 4073 J'am
930 4005 1086 4075 constituti,
1114 4005 1161 4072 qiri
1183 4004 1206 4058 si
1231 4010 1360 4073 capturus
1379 4012 1421 4061 eat
1439 4019 1502 4061 can·

151 4082 364 4151 therassiam,
391 4099 553 4152 quacunque
570 4085 598 4139 in
615 4085 725 4152 regione
744 4092 839 4139 tantae
858 4083 1017 4152 quantitatis
1035 4083 1182 4140 cantharus
1200 4085 1227 4139 in
1244 4101 1298 4139 usu
1324 4086 1375 4153 sit,
1400 4086 1424 4140 is
1442 4084 1501 4141 cor·-¹

91 4162 98 4177 '
150 4170 242 4221 rectus
254 4169 314 4216 esto
328 4162 482 4229 cantharus,
502 4163 548 4230 qui
561 4172 660 4232 aequat
672 4162 795 4233 praeciae
807 4170 930 4219 octavam
943 4163 1014 4218 cubi.
1049 4163 1173 4232 Denique
1190 4164 1307 4233 spatium
1320 4165 1389 4220 cubo
1403 4178 1501 4234 aeque·

151 4256 239 4311 capax
264 4240 411 4308 impleatur
435 4257 501 4296 auro
519 4258 588 4311 puro
607 4250 654 4296 aut
672 4241 784 4310 plumbo
803 4249 851 4295 ant
867 4249 980 4308 argeum
1003 4240 1063 4296 sivo
1086 4250 1134 4297 aut
1157 4243 1277 4297 fontana.
1313 4242 1502 4298 constituatur

151 4329 244 4378 autem
263 4321 376 4375 seorsim
393 4319 470 4389 libra,
490 4322 568 4389 cnjus
585 4320 713 4376 drachma
725 4319 761 4374 sit
777 4320 906 4388 ponderis
919 4320 1030 4389 antiqui,
1050 4320 1236 4391 receptissimi,
1257 4323 1321 4390 quia
1332 4322 1361 4376 in
1372 4321 1501 4377 methodo

153 4417 203 4457 seu
211 4415 358 4469 progressu
369 4400 537 4468 aequationis
547 4399 676 4455 drachma
689 4397 837 4453 honorifice
848 4397 980 4472 habetur:
1000 4406 1027 4452 et
1044 4399 1186 4468 explorata
1197 4402 1380 4469 proportione,
1399 4400 1421 4455 si
1434 4416 1501 4469 pon·

152 4478 205 4532 dus
216 4478 374 4548 hnjnsmodi
393 4480 522 4534 librarum
540 4495 609 4549 pene
628 4479 662 4535 90
680 4478 796 4533 incubo
814 4476 927 4531 marana
944 4478 1034 4531 inesse
1053 4477 1194 4546 videbitur,
1213 4476 1282 4532 libra
1299 4478 1413 4547 ipsaque
1432 4478 1501 4533 adeo

152 4554 283 4612 drachma
298 4558 406 4613 tantulo
424 4564 557 4627 mutatur,
577 4565 608 4613 ut
623 4555 763 4627 proportio
781 4554 817 4609 sit
833 4554 956 4631 praecise
972 4554 1160 4624 nonagecupla
1177 4554 1318 4624 sextuplo.
1341 4556 1500 4627 praesertim

153 4637 177 4693 si
195 4638 309 4692 mutatio
326 4636 421 4692 iatam
439 4644 482 4693 cet
497 4637 526 4692 in
544 4652 599 4691 nna
617 4635 745 4693 drachma
763 4634 935 4689 insensibilis.
972 4633 1099 4689 Similiter
1117 4633 1140 4688 si
1152 4631 1187 4688 ad
1205 4632 1285 4689 aliam
1303 4633 1421 4702 aliquam
1438 4648 1500 4703 pro·

152 4715 306 4785 portionem
318 4714 458 4785 pulchram
471 4714 595 4770 alluserit
611 4714 719 4783 pondus
737 4714 800 4770 cubi
817 4713 953 4782 fontanae,
972 4714 1046 4769 utad
1058 4712 1249 4769 centenarium.
1286 4712 1389 4782 Quodsi
1402 4713 1499 4769 melius

153 4795 244 4855 omnia
260 4793 605 4865 processerintdistributo
625 4797 649 4849 ι’
667 4795 756 4864 spatio
781 4794 809 4850 in
834 4795 1039 4863 lampacem,
1066 4806 1154 4861 neque
1181 4789 1235 4846 hoc
1259 4793 1499 4862 praetermittam.

152 4873 216 4935 Non
232 4873 335 4947 dubito,
353 4874 419 4944 quin
436 4889 494 4930 rem
510 4874 581 4930 serio
598 4873 779 4935 meandum
796 4873 888 4928 omnia
903 4873 939 4929 ad
956 4879 1050 4927 votnm
1066 4870 1121 4928 sint
1138 4885 1243 4927 casura
