3567 5625
248 409 312 471 200
643 405 686 463 De
703 404 824 461 Motibus
840 403 1015 459 Planetarum
1032 402 1211 459 Harmonicis.

247 584 395 662 noncnplo
418 583 572 645 mediocris
595 582 754 644 distantiae
776 581 904 644 Telluris
932 580 1057 652 aSole,
1095 581 1193 658 Hujus
1221 579 1410 643 theorematis
1433 600 1503 642 usus
1526 583 1599 643 inira

249 689 314 749 cap.
339 677 368 734 9.
393 675 574 732 necessarius
599 674 652 732 erit
674 670 712 731 ad
735 669 1012 730 demonstrationem
1036 672 1292 731 eccentricitatnm.
1322 746 1327 759 ὓ

333 793 428 854 Nono.
473 793 504 854 Si
523 794 586 870 Jam
608 795 674 870 ipsa
696 794 850 852 verissima
865 793 970 849 itinera
985 790 1088 850 diurna
1103 787 1248 868 cujusque
1266 791 1403 868 planetae
1425 810 1477 870 per
1498 809 1598 852 suram

247 879 413 942 aetheream
436 881 540 942 eadem
568 880 661 941 veluti
689 877 867 958 decempeda
889 878 1018 937 volneris
1045 881 1148 950 metiri,
1173 878 1395 956 conjungendae
1423 887 1508 939 erunt
1529 898 1599 957 pro-

247 970 395 1045 portiones
418 969 502 1044 duae,
527 987 586 1029 nna
609 967 777 1026 diunicrum
799 984 918 1025 arcuum
941 968 1093 1025 eccentriei
1116 984 1249 1026 verorum
1274 962 1346 1049 (non
1370 964 1598 1050 apparentium),
1695 1015 1698 1021 .

245 1055 337 1116 altera
359 1056 580 1116 intervallorum
602 1056 745 1132 cujusque
767 1074 785 1113 a
807 1054 877 1115 Sole
901 1052 1099 1127 mediocrium,
1122 1056 1193 1130 quia
1215 1053 1318 1113 eadem
1341 1063 1387 1114 est
1408 1063 1437 1113 et
1456 1055 1598 1132 amplitu-

246 1142 322 1201 dinis
346 1145 476 1217 orbium,
508 1144 565 1204 hoc
594 1150 655 1216 est,
685 1133 1010 1244 multiplicandus
1042 1140 1231 1218 cujusque
1261 1141 1444 1218 planetae
1476 1160 1597 1202 arcus

246 1247 358 1291 verns
386 1232 546 1291 diurnus
579 1233 617 1289 in
644 1232 704 1289 sui
736 1231 846 1289 orbis
876 1228 1221 1288 semidiametrnm:
1255 1246 1313 1306 quo
1341 1230 1419 1288 lacto
1441 1229 1601 1306 prodibunt

247 1320 360 1377 nnmerl
386 1319 484 1379 idonei
519 1318 557 1379 ad
588 1316 816 1395 exquirendum,
849 1334 918 1375 num
953 1315 1005 1375 illa
1038 1318 1142 1377 itinera
1172 1319 1282 1377 iaciant
1304 1318 1507 1394 proportiones
1530 1318 1601 1377 har·

220 1422 386 1484 ¹ruonrcas.

334 1510 466 1572 Decimo.
510 1506 552 1569 Ut
573 1526 643 1569 vero
666 1509 786 1582 habeas,
809 1514 950 1585 quantam
973 1506 1126 1583 quodlibet
1148 1506 1250 1567 talium
1274 1507 1441 1567 diurnorum
1464 1512 1599 1570 itinerum

248 1597 340 1656 iaciat
361 1598 577 1675 apparentiam,
611 1597 697 1657 oculo
725 1596 807 1656 relat
833 1598 863 1653 in
885 1594 955 1655 Sole
988 1594 1148 1668 collocato,
1178 1598 1233 1654 etsi
1264 1595 1320 1656 hoc
1342 1597 1419 1656 idem
1442 1615 1478 1656 er
1502 1607 1599 1657 asno-

245 1685 346 1745 nomia
367 1692 464 1763 potest
486 1684 653 1744 immediate
674 1687 752 1763 peti,
788 1691 885 1743 tamen
909 1684 997 1742 etiam
1019 1685 1062 1741 sic
1084 1683 1212 1759 patebit,
1244 1685 1270 1742 si
1293 1683 1440 1744 addideris
1463 1686 1599 1745 itinerum

245 1773 425 1851 proportioni
447 1773 663 1851 proportionem
686 1789 818 1832 eversam
840 1769 1061 1829 intervallorum
1084 1787 1141 1829 non
1163 1769 1345 1845 mediorum,
1378 1772 1429 1832 sed
1454 1790 1598 1847 verorum,

248 1877 325 1936 quae
348 1867 417 1919 sunt
439 1862 545 1936 quovis
568 1861 634 1919 loco
657 1861 898 1929 cocentricorum,
929 1857 1197 1936 multiplicato
1220 1858 1361 1919 itinere
1382 1862 1598 1936 superioris

247 1949 281 2005 in
304 1946 567 2008 intervallum
589 1947 794 2006 interioris
816 1964 835 2005 a
856 1943 947 2004 Sole
970 1952 1004 2005 et
1025 1947 1199 2005 vicissim
1229 1947 1372 2007 itinere
1403 1948 1599 2008 interioris
1692 1943 1693 1946 ’

246 2035 281 2093 in
305 2034 560 2095 intervallum
583 2035 801 2111 superioris
823 2050 842 2091 a
864 2031 961 2091 Sole.
1070 2101 1074 2110 Ι

333 2135 503 2199 Undecimo.
548 2138 610 2198 Nec
637 2140 735 2197 miuus
768 2139 857 2197 etiarn
886 2154 922 2195 ex
958 2135 1034 2195 detis
1061 2135 1189 2195 motibus
1220 2139 1445 2214 apparentibus,
1479 2139 1596 2216 aphelio

210 2230 215 2242 '
245 2226 332 2285 unius
355 2235 386 2286 et
407 2225 548 2303 perihelio
571 2224 708 2299 alterius,
739 2224 788 2284 vel
811 2224 939 2283 vicissim
962 2222 1127 2296 alternisve,
1150 2228 1352 2303 proportiones
1374 2225 1529 2287 eliciuntur
1552 2230 1598 2286 in-

245 2311 433 2374 tervallorum
466 2313 575 2392 aphelii
606 2314 692 2373 unius
722 2312 759 2372 ad
792 2312 966 2389 perihelium
999 2311 1139 2384 alterius;
1172 2313 1224 2370 ubi
1245 2320 1342 2373 umen
1366 2311 1477 2374 medios
1501 2324 1598 2376 rnotus

246 2408 362 2480 oportet
382 2417 447 2462 esse
468 2402 687 2477 praecognitos,
719 2418 759 2460 sc.
783 2401 999 2478 proportionem
1027 2397 1239 2477 periodieorum
1269 2408 1431 2479 temporum
1455 2420 1598 2477 eversam,

246 2507 282 2550 ex
306 2489 412 2565 quibus
435 2488 548 2550 elicitur
570 2490 683 2548 orbium
706 2489 863 2567 proportio,
888 2504 939 2565 per
959 2503 1038 2545 num.
1055 2485 1138 2545 Vlli.
1153 2489 1358 2564 praemissum:
1382 2498 1451 2549 tunc
1473 2499 1598 2550 sumto

245 2575 372 2636 medio
404 2575 697 2654 proportionali
727 2577 826 2634 inter
857 2583 1005 2633 motum
1039 2572 1264 2634 alterutrum
1286 2584 1540 2655 apparentem
1563 2587 1598 2637 et

245 2678 349 2724 suum
379 2663 559 2737 medium,
587 2665 632 2722 tit
661 2670 699 2721 ut
730 2662 799 2721 hoc
830 2660 991 2721 medium
1024 2662 1314 2738 proportionale
1345 2662 1391 2722 ad
1413 2665 1597 2726 semidia-

248 2758 410 2812 metrum
432 2751 551 2824 orbis,
579 2750 641 2827 jam
663 2750 858 2829 patefactam,
892 2749 952 2808 sic
973 2748 1120 2807 medius
1143 2756 1264 2809 motos
1295 2750 1341 2811 ad
1372 2750 1599 2812 distantiam

245 2837 305 2899 vel
328 2837 576 2900 intervallum
599 2840 826 2916 quaesitum.
856 2835 923 2897 Sint
945 2835 1068 2895 duorum
1090 2836 1274 2915 planetarum
1295 2840 1445 2918 periodica
1467 2850 1599 2920 tempora

246 2930 289 2986 27
313 2934 342 2986 et
366 2928 404 3000 8,
434 2943 503 3003 ergo
526 2925 614 2987 medii
637 2933 734 2986 motus
762 2923 858 2984 diurni
891 2924 970 2983 illius
1004 2924 1141 2984 adhunc
1164 2932 1208 2985 est
1231 2925 1299 3000 illa,
1333 2945 1409 3004 quae
1438 2929 1457 2986 8
1485 2928 1523 2988 ad
1548 2933 1598 3003 27,

246 3030 336 3090 qnare
360 3020 444 3073 erunt
465 3013 671 3074 semidiametri
702 3012 815 3073 orbium
846 3019 880 3071 nt
903 3014 921 3071 9
944 3011 982 3071 ad
1006 3014 1035 3071 4.
1080 3012 1156 3072 Nam
1187 3012 1268 3072 radix
1299 3015 1404 3074 cubica
1435 3019 1474 3073 27
1499 3025 1545 3076 est
1566 3020 1598 3090 ¹3,

246 3099 283 3161 de
308 3102 326 3159 8
350 3108 395 3160 est
416 3104 456 3175 2,
487 3101 591 3160 harum
614 3100 744 3161 radicum
767 3102 786 3160 3
810 3107 838 3161 et
862 3101 881 3158 2
905 3097 1050 3175 quadrata
1071 3107 1139 3159 sunt
1164 3102 1182 3159 9
1206 3109 1236 3159 et
1259 3103 1286 3161 4.
1332 3101 1479 3180 Sintiam
1501 3112 1598 3164 motus

246 3194 437 3267 apparentes,
472 3188 607 3266 aphellus
630 3190 716 3248 unlus
739 3190 757 3246 2
781 3194 811 3248 et
841 3187 999 3265 perihelius
1028 3187 1149 3247 alterius
1172 3183 1266 3271 3333,
1311 3188 1412 3249 Media
1434 3194 1599 3281 propertius

245 3275 325 3336 aelia
348 3278 422 3335 inter
443 3282 540 3334 motus
561 3274 673 3336 medios
697 3277 715 3334 8
738 3281 769 3336 et
791 3276 832 3334 27
855 3283 885 3334 et
907 3274 961 3335 hos
983 3282 1157 3353 apparentes
1180 3282 1264 3335 erum
1286 3278 1305 3333 4
1326 3284 1356 3337 et
1378 3279 1429 3338 30.
1474 3278 1504 3339 Si
1529 3297 1599 3355 ergo

244 3363 373 3426 medium
397 3365 417 3422 4
440 3362 491 3422 dat
513 3362 687 3424 mediocrem
720 3362 887 3422 distantiam
918 3363 1054 3441 planetae
1079 3365 1112 3437 9
1145 3371 1214 3422 tunc
1242 3362 1355 3425 medius
1386 3372 1482 3425 motus
1506 3367 1525 3441 8
1549 3366 1599 3427 dat

245 3451 395 3531 aphelium
417 3449 605 3511 intervallum
623 3453 671 3523 18,
695 3449 874 3529 respondens
898 3452 1064 3529 apparenti
1073 3408 1216 3527 mdtuii,
1239 3459 1269 3510 et
1283 3454 1309 3510 si
1324 3452 1450 3513 medium
1474 3452 1598 3527 alterurn

214 3576 222 3601 ι
246 3541 287 3599 30
311 3538 363 3598 dat
384 3538 560 3599 mediocrem
584 3534 751 3599 distantiam
772 3536 892 3598 alterius
915 3538 1094 3615 planetaet,
1118 3544 1192 3598 tunc
1196 3538 1322 3612 medius
1344 3540 1422 3600 illins
1444 3549 1540 3601 motus
1557 3546 1596 3602 27

246 3625 298 3686 dat
320 3626 492 3704 perihelium
516 3625 595 3686 illius
616 3625 802 3687 intervallum
826 3622 895 3709 3335.
941 3626 1016 3686 Dico
1038 3620 1135 3701 igitur,
1158 3624 1325 3685 distantiam
1348 3627 1495 3705 apheliam
1518 3629 1598 3690 illius

247 3730 312 3773 asae
336 3712 374 3773 ad
396 3711 568 3792 periheliam
589 3714 687 3790 huius,
711 3721 744 3774 ut
769 3714 806 3772 18
830 3669 885 3772 ad5
886 3709 967 3796 9³),
1013 3713 1054 3771 lix
1079 3730 1137 3790 quo
1160 3721 1250 3792 patet,
1275 3714 1353 3791 qnod
1376 3717 1504 3775 inventis
1527 3717 1597 3778 har-

246 3794 352 3860 moniis
373 3801 448 3862 inter
469 3798 566 3861 motus
588 3807 733 3862 extremos
761 3801 895 3885 binorum
918 3808 948 3861 et
976 3800 1130 3877 petiodiois
1164 3802 1341 3880 temporibus
1373 3805 1487 3880 rurique
1511 3822 1598 3882 prae·

245 3889 377 3966 scriptis,
409 3891 620 3949 necessitantur
650 3887 806 3949 intervalla
838 3895 969 3948 extrema
997 3896 1026 3948 et
1055 3887 1225 3962 mediocria,
1259 3907 1350 3966 qnare
1380 3893 1469 3951 etiam
1491 3909 1597 3953 eccen-

248 3976 398 4036 mutatos.

333 4077 523 4139 Duodecimo.
568 4079 663 4140 Datur
691 4082 788 4155 etiarn,
821 4097 857 4140 ex
887 4081 975 4139 nnius
1007 4085 1036 4139 et
1060 4078 1193 4157 ejusdem
1218 4079 1358 4158 planetae
1386 4082 1515 4143 motibus
1542 4100 1596 4144 er-

245 4167 344 4226 tremis
359 4165 482 4226 diversis
498 4169 627 4229 invenire
649 4176 783 4228 motum
806 4165 968 4228 medium.
992 4166 1050 4227 Hie
1065 4169 1142 4228 enim
1157 4185 1214 4228 non
1238 4171 1368 4246 praecise
1389 4180 1434 4229 est
1455 4169 1596 4231 arithme-

247 4255 337 4314 ticum
359 4253 487 4314 medinm
510 4256 585 4315 inter
605 4264 703 4315 motus
725 4263 885 4327 exuemus,
915 4271 968 4315 uec
990 4258 1121 4330 praecise
1143 4255 1271 4315 medium
1293 4259 1518 4333 geometricum,
1543 4257 1596 4329 sed

239 4340 328 4401 'tanto
349 4345 443 4402 minor
465 4344 642 4418 geometrico
657 4342 776 4417 medio,
810 4349 919 4419 quanto
942 4340 1070 4402 medium
1092 4347 1299 4420 geometricum
1322 4345 1417 4405 minus
1439 4351 1485 4404 est
1506 4363 1596 4421 qnam

246 4428 373 4490 medinm
404 4432 480 4489 inter
510 4437 674 4508 utrumque.
719 4433 784 4491 Sint
813 4429 871 4489 dno
901 4437 999 4489 motus
1026 4432 1146 4491 extremi
1170 4432 1188 4491 8
1211 4440 1241 4491 et
1265 4434 1323 4505 10,
1355 4422 1468 4492 medius
1496 4441 1595 4494 motus

247 4519 301 4576 erit
322 4518 416 4576 minor
438 4534 526 4593 quam
550 4521 586 4593 9,
608 4521 703 4580 minor
723 4520 811 4579 etiam
835 4535 924 4595 qnam
939 4515 1029 4577 radix
1053 4518 1088 4579 de
1112 4519 1171 4597 80,
1194 4518 1314 4579 dimidio
1337 4521 1415 4596 ejus,
1447 4519 1527 4596 quod
1550 4528 1595 4582 est

246 4604 321 4665 inter
349 4611 519 4682 utrumque,
552 4608 570 4667 9
603 4613 634 4668 et
665 4607 727 4667 rad.
758 4604 795 4666 de
819 4607 870 4666 80.
914 4605 962 4665 Ita
991 4607 1017 4665 si
1047 4608 1086 4666 sit
1112 4605 1246 4683 aphelius
1270 4609 1328 4677 20,
1359 4606 1519 4684 perihelius
1541 4611 1592 4682 24,

246 4699 342 4752 motus
364 4691 477 4753 medius
500 4695 555 4754 erit
575 4697 669 4754 minor
690 4712 778 4772 quam
802 4696 859 4769 22,
890 4696 986 4752 minor
1008 4696 1097 4754 etiam
1120 4711 1208 4769 quam
1231 4694 1314 4759 radix
1337 4693 1373 4754 de
1396 4696 1474 4770 480,
1506 4694 1593 4754 dimi·

247 4776 296 4839 dio
319 4780 398 4856 ejus,
431 4779 510 4856 qnod
539 4788 583 4841 est
611 4785 687 4849 inter
714 4782 791 4845 hane
818 4779 947 4846 radicem
977 4787 1007 4842 et
1029 4784 1080 4847 22.
1124 4779 1222 4858 Hujus
1245 4781 1434 4848 theorematis
1456 4801 1527 4853 usus
1549 4790 1594 4849 est

246 4868 441 4959 insequenti,
