3567 5625
682 400 767 458 Liber
783 398 831 457 rt.
848 401 941 472 Caput
956 402 992 460 V.
1227 406 1239 445 ’-
1448 409 1511 470 239

158 569 269 625 interior
285 577 399 640 propter
415 574 501 643 magis
519 575 677 631 exteriores.
713 575 781 645 Ipsa
798 575 926 645 princeps
952 582 980 632 et
1005 590 1133 646 suprema
1150 577 1256 633 ammae
1279 578 1413 649 facultas,
1437 596 1514 636 mens

159 647 242 716 dicta,
270 650 336 718 quid
355 660 398 709 est
415 654 469 708 nisi
485 655 629 708 centrum?
657 653 723 723 qnid
741 656 943 722 ratiocinativa,
967 657 1020 712 nisi
1037 656 1174 712 cuculus?
1209 658 1280 714 liam
1303 657 1375 712 sicut
1392 665 1513 713 centrum

157 725 231 784 intus
251 738 302 799 est,
320 724 439 790 cuculus
458 733 587 802 exterius,
605 735 645 789 sic
663 750 739 788 mens
750 750 841 789 secum
853 737 915 805 ipsa
926 743 1026 800 manet,
1043 736 1125 790 ratio·
1262 772 1321 822 ,m
1335 769 1368 814 Μ,

159 807 259 863 emutio
278 811 361 868 telam
379 811 514 882 quandam
532 812 694 867 exteriorem
711 815 793 884 teiit3
813 823 841 869 et
855 815 928 870 sicut
938 823 1063 871 centrum
1076 816 1127 871 cir-

157 888 219 961 cuti,
238 892 282 948 sic
298 908 374 946 mens
391 889 628 945 ratiocinationum
646 892 729 961 basin,
747 892 810 948 lons
829 900 857 948 ei
875 895 951 963 origo
970 901 1020 950 est.
1056 894 1126 949 Rur-

157 981 217 1022 sum
235 971 324 1025 omnis
346 969 415 1025 haec
432 969 538 1024 mimae
561 970 678 1025 facultas
700 978 756 1026 tam
774 970 945 1041 intellectus,
971 989 1052 1043 quam
1072 976 1126 1032 dis·

156 1062 269 1119 mrsua,
292 1049 409 1115 denique
428 1047 509 1102 etiam
528 1048 670 1117 sensiura,
695 1059 759 1105 snut
777 1055 903 1104 centrum
921 1051 1071 1121 quoddam,
1098 1060 1127 1107 at

157 1123 300 1183 munus
318 1127 424 1182 animae
442 1126 582 1194 notrices,
601 1126 731 1196 duculum
750 1127 815 1197 quia
831 1145 941 1184 ramum
958 1138 990 1185 ut
1007 1129 1124 1185 circulus

156 1212 286 1261 externus
304 1204 516 1272 circumponitur
534 1210 636 1274 centro,
655 1205 694 1261 sic
711 1207 833 1276 operatio
852 1206 888 1262 ad
900 1216 980 1264 extra
992 1215 1043 1277 est,
1062 1225 1124 1279 cog·

156 1284 222 1339 uitio
239 1283 434 1353 meditatioque
451 1282 592 1351 perficitur
608 1284 690 1351 intus,
709 1290 737 1339 et
752 1291 784 1338 nt
796 1284 914 1341 circulus
932 1286 967 1341 ad
985 1296 1124 1358 punctum,

157 1359 194 1415 sic
212 1361 413 1431 quodammodo
431 1375 462 1416 ee
478 1359 564 1415 habet
586 1362 657 1416 actio
675 1371 788 1419 esterna
810 1364 845 1418 ad
868 1368 1125 1436 conoemplationem
1151 1388 1153 1393 ·

156 1441 302 1517 internam,
319 1450 409 1497 motus
427 1439 550 1495 animalis
568 1438 603 1494 ad
615 1442 776 1496 sennonem.
811 1443 946 1499 Punctum
965 1445 1043 1512 enim,
1062 1447 1127 1515 quia

157 1521 281 1590 undique
299 1520 455 1590 oppositum
473 1519 713 1587 circumferentiae,
731 1530 823 1592 aptum
842 1533 937 1579 natum
956 1533 999 1579 est
1017 1540 1125 1594 reprae-

157 1601 290 1654 sentando
309 1599 438 1669 patienti,
458 1605 486 1652 et
497 1599 588 1653 anima
605 1600 734 1654 sensitiva
751 1600 793 1653 vel
807 1601 853 1656 hie
865 1601 1046 1659 radiationnm
1058 1621 1119 1672 per·

157 1680 276 1749 ceptira,
304 1676 461 1747 quidaliud
480 1677 621 1731 emtiendo
645 1685 674 1731 et
690 1678 880 1749 percipiendo,
904 1696 984 1748 qnam
1003 1684 1123 1752 patitur?

156 1776 192 1815 sc
211 1760 279 1828 qnia
296 1766 422 1812 movetur
439 1754 560 1824 objectis.
599 1755 784 1826 Comparando
798 1759 879 1811 mam
898 1766 1040 1827 utramque
1052 1777 1123 1816 com·

157 1839 339 1907 parationem:
358 1846 390 1890 nt
407 1834 477 1889 idem
496 1835 623 1904 utrinque
642 1842 774 1902 centrum,
795 1835 834 1889 sic
845 1835 927 1889 etiam
945 1836 1040 1891 eadem
1058 1855 1124 1907 quo·

158 1915 302 1970 dammodo
322 1912 484 1982 cognitionis
501 1911 588 1967 forma
606 1921 656 1985 est,
675 1914 800 1969 mentalis
813 1915 940 1983 princepe
959 1922 987 1969 et
996 1916 1125 1970 sensitiva

158 1996 199 2051 rel
217 1996 243 2050 ei
261 1994 387 2062 analoga,
405 1991 561 2061 perceptira
578 1992 770 2062 radiationum;
788 2001 886 2049 neuim
906 1994 1030 2049 discursu
1048 1995 1076 2049 in
1095 2011 1125 2050 se

158 2073 224 2144 ipsa,
244 2078 381 2143 quatenus
398 2069 468 2133 talis,
487 2067 581 2138 utitur,
598 2072 647 2125 sed
666 2073 807 2141 cognoscit
824 2074 894 2128 eitra
907 2074 994 2127 illum.
1031 2073 1069 2129 Ut
1085 2074 1126 2127 ita

159 2151 193 2205 sit
208 2150 280 2205 haec
296 2148 377 2216 illius,
397 2154 493 2201 natrrra
512 2144 572 2201 dico
586 2149 739 2207 sublunaris
751 2159 799 2206 aut
811 2154 892 2207 etiam
909 2152 1039 2207 sensitiva
1051 2169 1124 2208 men·

158 2231 192 2285 tis
209 2230 347 2286 humanae
364 2227 494 2298 principis
512 2228 601 2282 tennis
615 2229 747 2298 quaedam
759 2231 859 2297 imago.
880 2233 953 2288 sieut
964 2232 1011 2287 ille
1022 2232 1126 2287 discur-

159 2326 205 2365 sus
222 2309 338 2366 rationis
356 2307 453 2362 buum
470 2309 607 2365 actium
632 2315 680 2364 aut
697 2310 885 2379 operationum
910 2311 1014 2365 animae
1036 2312 1126 2378 imago

159 2396 211 2459 eet,
230 2398 349 2458 unaque
367 2389 493 2445 cuculus.

245 2468 389 2537 Quatenus
406 2467 489 2538 igitur
506 2468 612 2524 animae
630 2467 784 2541 percipiunt
800 2467 966 2523 radiationes
987 2467 1122 2525 coelestes
1147 2474 1234 2527 etsie
1252 2472 1286 2526 iis
1311 2469 1389 2540 quasi
1406 2483 1514 2523 moseu-

159 2554 202 2602 tur
220 2563 314 2602 secum
332 2545 408 2614 ipsae
425 2547 513 2615 intus,
538 2548 618 2604 nobie
636 2556 739 2618 puncta
757 2554 856 2617 sunto,
880 2555 1017 2616 minuans
1036 2564 1101 2603 rero
1119 2551 1236 2606 vicissim
1254 2556 1377 2614 movent,
1402 2548 1454 2601 hoc
1473 2551 1516 2600 est
1590 2614 1594 2629 .

160 2632 294 2695 quatenus
312 2632 457 2695 perceptas
475 2626 657 2682 radiationum
674 2627 831 2681 harmonias
850 2627 1020 2681 nausiarent
1036 2627 1064 2680 in
1077 2643 1224 2697 operatua
1237 2628 1325 2697 iisque
1342 2624 1516 2680 stimulantur

160 2704 194 2758 ad
211 2704 366 2773 agendum,
384 2705 551 2760 considerari
570 2705 672 2759 debent
689 2711 721 2759 ut
738 2704 865 2760 cuculus.
904 2703 1033 2775 Sequitur
1050 2705 1141 2774 igitur,
1160 2706 1235 2762 utin
1252 2709 1383 2773 quantum
1402 2716 1515 2770 cognos-

160 2786 197 2842 cit
215 2785 372 2839 harmonias
389 2783 541 2855 radiorum,
564 2790 714 2855 occupetur
731 2783 904 2853 potissimum
930 2784 1002 2839 circa
1020 2786 1167 2840 centralem
1188 2785 1315 2855 figuram3
1337 2783 1515 2855 inquantum

158 2881 221 2920 vero
240 2871 380 2935 operatur,
399 2864 473 2919 ciens
492 2873 613 2920 meteora
631 2867 670 2932 (et
688 2878 758 2932 quae
776 2860 873 2916 similia
891 2863 918 2915 in
933 2862 1061 2931 homine),
1080 2863 1317 2921 circumferentiali
1335 2877 1396 2917 sese
1411 2876 1515 2916 accom-

157 2945 258 3001 modet
295 2944 333 2998 Et
350 2959 413 3018 rere
426 2944 454 2997 in
466 2950 578 3012 aspectu
591 2944 667 3012 prior
678 2951 721 2997 est
734 2941 812 2996 nobis
825 2957 891 2997 cura
904 2941 1042 2997 efficaciae
1054 2959 1133 3014 quarn
1146 2944 1234 3008 modi,
1253 2958 1306 3015 que
1318 2945 1342 2998 is
1351 2941 1517 3012 percipiatur

159 3024 193 3079 ab
212 3023 304 3077 anima
322 3030 465 3092 operante,
490 3021 566 3092 prior
583 3021 666 3091 igitur
684 3028 712 3076 et
730 3019 980 3075 circunrlerentialis
999 3035 1079 3088 quam
1098 3022 1226 3104 centralis
1244 3022 1348 3090 figurae
1364 3025 1518 3090 respectu·

245 3104 304 3165 Hic
331 3105 425 3184 ligura
452 3108 561 3184 figurae
590 3108 619 3165 in
650 3122 708 3164 nno
738 3113 768 3165 et
797 3104 901 3165 eodem
923 3113 1058 3182 respectu
1080 3106 1135 3165 init
1165 3105 1292 3181 collata3
1320 3107 1349 3162 in
1380 3105 1514 3179 sequenti

159 3195 295 3271 gemina,
320 3198 474 3271 supposita
496 3193 599 3254 eadem
623 3193 732 3270 ligure,
758 3202 922 3271 opponetur
945 3193 1009 3267 ejus
1032 3197 1199 3271 congruitas
1222 3192 1383 3253 scibilitati.

246 3297 472 3375 Propositio
496 3298 564 3360 vlt.
609 3298 642 3358 ln
666 3298 760 3374 figura
781 3297 1034 3357 circumissentiali
1058 3305 1189 3374 praestat
1211 3298 1401 3374 congruentia
1423 3293 1514 3353 scibi-

157 3388 238 3447 litati
260 3385 379 3463 lateris3
401 3389 430 3446 in
454 3386 574 3449 centrali
598 3388 726 3446 vicissim
750 3394 879 3463 praestat
894 3386 1037 3445 scibilitas
1052 3386 1152 3445 lateris
1172 3386 1378 3462 congruentiae
1393 3382 1513 3460 figurae.

248 3488 372 3543 Pertinet
389 3488 458 3543 haec
475 3485 625 3559 propositio
645 3485 679 3539 ad
699 3484 958 3541 consummationem
976 3484 1024 3554 rei,
1042 3501 1119 3554 prop.
1133 3485 1159 3540 3.
1174 3483 1326 3537 inchoatae.
1362 3481 1424 3535 Etsi
1443 3482 1514 3536 enim

157 3567 250 3637 potior
266 3568 338 3621 inl.
358 3584 437 3637 quam
455 3569 484 3622 in
502 3567 527 3621 3.
546 3571 589 3622 eat
606 3566 797 3634 congruentia,
821 3565 913 3636 potior
930 3565 1011 3618 etiam
1036 3564 1105 3617 libro
1124 3563 1172 3617 111.
1190 3562 1243 3618 tuit
1260 3561 1513 3631 demonstrabitur,

156 3648 230 3702 haec
250 3653 341 3700 tumen
367 3662 384 3700 a
402 3645 598 3700 constitutione
619 3652 780 3713 aspectuum
804 3660 859 3698 non
881 3643 991 3712 penitus
1015 3648 1058 3696 est
1081 3641 1250 3711 separanda,
1275 3657 1336 3696 cum
1359 3640 1429 3694 nulli
1451 3655 1514 3694 con·

155 3725 301 3794 menuae
326 3739 375 3778 sua
398 3722 470 3779 desit
495 3723 644 3778 scientifica
668 3722 857 3777 determinatio
880 3721 1004 3792 adeoque
1029 3722 1063 3775 ab
1085 3721 1134 3775 illa
1156 3719 1310 3790 dependeat
1332 3734 1393 3774 cnm
1411 3720 1514 3782 lateris,

156 3812 218 3858 tum
236 3803 383 3873 praecipue
407 3819 488 3858 meae
505 3804 718 3873 comprehensae
740 3801 879 3871 aligerae
897 3801 1043 3870 lateribus3
1070 3804 1105 3856 ab
1124 3801 1231 3871 angulis
1252 3800 1340 3870 enim,
1367 3800 1394 3854 in
1414 3797 1514 3868 quibus

155 3880 265 3937 residet
282 3881 408 3951 aptitudo
425 3883 461 3938 ad
479 3884 696 3952 congruendum,
715 3882 865 3937 arcessitur
883 3880 1090 3936 demonstratio.

250 3955 330 4028 Quod
352 3962 436 4030 igitur
454 3963 668 4031 propositionem
692 3962 763 4016 hanc
780 3961 866 4029 ipsam
885 3959 998 4028 attinet,
1023 3959 1131 4017 ridetur
1152 3959 1317 4016 contrarium
1340 3958 1399 4027 ejus
1423 3975 1514 4016 verum

156 4047 305 4104 essa-tam
323 4041 351 4096 in
370 4058 440 4107 uno,
464 4057 546 4113 quam
564 4044 591 4095 in
610 4042 706 4097 altero.
741 4041 812 4095 Nam
830 4038 904 4107 qnod
926 4038 1041 4107 figuram
1059 4041 1208 4096 centralem
1230 4041 1339 4108 attinet,
1367 4040 1427 4107 eJus
1445 4057 1516 4096 unus

154 4118 275 4187 angulus
291 4135 342 4189 per
358 4118 449 4174 radios
468 4115 610 4189 actu‘ipso
629 4125 672 4174 est
689 4133 847 4188 expressus,
873 4119 1125 4176 cncumlerentialis
1142 4119 1234 4174 nullus
1252 4118 1413 4188 exprimitur
1430 4135 1515 4189 angn-

154 4199 211 4267 lus,
240 4198 287 4253 sed
313 4204 418 4255 tanturn
443 4199 516 4254 latus
544 4197 755 4270 quadamtenus.
782 4199 962 4267 congruentia
980 4214 1044 4254 raro
1062 4207 1105 4254 est
1124 4198 1297 4267 angulorum
1326 4215 1390 4267 ergo
1409 4199 1516 4254 ridetur

154 4275 206 4331 illa
230 4276 400 4344 potissimum
425 4278 453 4332 in
475 4277 588 4332 cenuali
611 4278 766 4356 spectanda.
802 4278 871 4335 Nam
897 4279 919 4332 si
943 4285 1042 4333 natura
1058 4277 1216 4334 sublunaris
1241 4279 1358 4348 percipit
1380 4278 1515 4347 quantita·

154 4363 215 4409 tem
242 4353 346 4422 anfflfi,
373 4370 454 4422 quem
478 4355 592 4410 duorum
616 4355 786 4425 planetarum
812 4357 882 4412 radii
906 4356 1024 4411 formant
1044 4356 1073 4409 iu
1091 4357 1189 4427 Terra,
1218 4355 1325 4411 ridetur
1347 4357 1428 4411 ctiam
1454 4371 1514 4426 per·

155 4434 252 4503 cipere
277 4449 360 4502 posse
387 4436 447 4503 eJ'us
471 4435 563 4503 anguli
590 4434 782 4503 aptitudinem,
818 4451 900 4504 quam
927 4435 1011 4491 habet
1037 4452 1098 4491 cum
1125 4436 1198 4504 eliis,
1235 4437 1269 4491 ad
1302 4436 1514 4503 congruendum.

155 4514 240 4586 Quod
260 4515 380 4570 ricinum
403 4515 431 4567 in
455 4514 691 4569 circumferentiali
717 4515 809 4583 potius
836 4515 872 4568 sit
896 4513 1046 4582 spectanda
1070 4513 1201 4568 scibilitas
1228 4514 1320 4568 lateris
1344 4528 1425 4584 quam
1452 4530 1514 4568 con·

153 4595 286 4667 gruentia
306 4597 424 4665 ligures,
451 4594 479 4647 id
501 4594 542 4649 sic
565 4602 660 4664 patere
677 4594 792 4649 ddum.
829 4594 950 4649 Scientia
967 4594 1054 4661 enim,
1079 4608 1148 4662 quae
1169 4594 1258 4648 scitur
1271 4591 1371 4660 figura,
1398 4598 1429 4645 nt
1446 4589 1514 4644 libro

153 4678 246 4748 primo
272 4673 488 4728 demonstratum
515 4681 570 4738 est,
597 4674 722 4729 consistit
743 4675 771 4729 in
795 4674 962 4744 aequalitate
986 4673 1030 4727 rel
1053 4671 1144 4726 lateris
1162 4686 1223 4724 cum
1243 4678 1322 4739 parte
1340 4668 1440 4723 effabili
1457 4667 1514 4722 dia·

153 4753 253 4822 metri,
279 4753 323 4806 vel
350 4750 476 4821 quadrati
503 4751 542 4805 de
561 4751 646 4807 latere
669 4767 730 4806 cnm
753 4759 830 4822 parte
855 4750 957 4807 effabili
986 4752 1020 4806 de
1046 4750 1179 4818 quadrato
1204 4749 1344 4817 diametri,
1368 4747 1410 4803 rel
1433 4763 1514 4802 meae
1560 4779 1572 4807 s

154 4835 264 4902 figurm
281 4847 345 4887 cnm
362 4829 470 4900 adem,
496 4832 539 4888 rel
562 4831 591 4888 in
609 4829 664 4888 alia
681 4831 851 4887 connexione
875 4839 905 4886 et
922 4829 1146 4885 determinatione
1168 4829 1226 4882 sive
1243 4826 1352 4895 huns,
1375 4829 1431 4883 sire
1454 4826 1514 4896 eius
