3567 5625
288 381 352 439 424
756 379 923 448 Appendicis
940 378 1164 435 Harmouieorum

286 555 361 614 sorte
384 556 481 613 minus
504 563 634 615 attentus
659 556 697 615 ad
720 557 876 617 verborum
898 575 1028 618 meorum
1052 578 1171 620 sensum
1192 561 1268 640 luit,
1290 567 1468 630 contemtum
1491 561 1639 640 operiatui

201 634 208 646 '
288 644 419 702 vicissim
442 640 591 722 exuat⁴⁸)

376 730 507 788 Primum
529 733 605 789 laeio
628 730 782 791 discrimen
807 736 836 789 in
859 736 991 792 materia
1038 735 1112 795 Nam
1135 753 1200 795 eum
1223 734 1297 793 nihil
1318 737 1356 795 sit
1380 736 1410 792 in
1434 744 1497 795 toto
1520 737 1635 810 mundo,

287 816 368 895 quod
398 822 498 896 operis
528 821 570 877 tui
601 819 764 895 amplitudo
796 837 853 876 non
884 821 1109 897 complectatur,
1140 823 1176 883 de
1200 825 1302 882 ceteris
1329 823 1446 898 quidem
1479 826 1574 899 operis
1596 827 1637 882 tui

287 906 422 984 partibus
452 924 528 964 unus
558 924 614 982 ego
646 925 703 964 uon
727 907 875 965 intercedo
898 912 1043 984 suliragiis
1075 921 1119 970 tot
1140 911 1292 970 doctorum
1314 914 1457 982 virorum,
1492 929 1569 987 quae
1592 912 1637 970 al-

287 995 386 1066 legam
409 993 490 1068 quod
514 1011 584 1053 reru
607 1009 721 1070 partem
744 994 826 1054 illam
849 998 954 1054 attinet
977 999 1212 1076 matbematioes,
1235 1015 1311 1073 qnae
1334 999 1501 1058 harmonice
1525 998 1636 1072 dieitur,

215 1125 217 1136 .
254 1095 268 1110 “
288 1098 376 1158 spero
400 1081 545 1156 equidem,
569 1101 616 1141 me
639 1083 882 1156 diagrammatom
906 1102 1036 1143 meorum
1059 1103 1183 1163 operosa
1205 1085 1398 1163 suppellectili
1424 1085 1638 1147 demonstrasse

287 1169 446 1228 lectoribus
478 1173 627 1244 egregiam
658 1170 858 1242 saluritatem,
891 1185 1028 1232 conatum
1058 1193 1111 1234 seu
1137 1178 1256 1245 nuum,
1294 1190 1341 1230 rea
1371 1177 1452 1247 ipsus
1484 1177 1637 1233 involutae

288 1257 469 1316 obscenitate
494 1261 525 1313 in
549 1259 623 1314 lueis
647 1260 828 1315 intellectum
850 1261 1044 1334 proferendi,
1067 1251 1141 1321 'eum
1163 1270 1195 1319 tu
1219 1262 1347 1320 vicissim
1368 1253 1538 1320 harmonica
1561 1273 1638 1322 trae-

287 1354 332 1404 tes
356 1344 444 1422 patrio
468 1345 569 1416 aliter,
601 1345 711 1420 illaque
734 1348 948 1420 quantitatibus
976 1348 1018 1424 pu
1041 1361 1085 1407 est
1113 1368 1179 1410 meo
1198 1347 1312 1424 judicio
1340 1347 1406 1407 luce
1428 1345 1494 1427 sua)
1516 1350 1638 1426 spolies.

289 1433 365 1492 Nam
389 1432 445 1492 boe
468 1431 629 1491 seeundum
648 1434 711 1507 jam
733 1433 956 1492 est‘diserimen
979 1437 1195 1495 olnerraudum
1216 1439 1246 1493 iu
1268 1435 1364 1494 verbis
1380 1436 1461 1509 meis,
1485 1436 1564 1511 quod
1589 1437 1640 1496 illa

289 1538 347 1578 non
372 1520 409 1579 de
433 1521 585 1596 proiectu,
615 1520 667 1578 sed
691 1520 727 1580 de
751 1533 858 1578 conatu
887 1522 1055 1596 loquuntur.
1100 1523 1177 1599 Quid
1208 1525 1295 1599 igitur
1317 1523 1368 1580 tibi
1399 1525 1438 1582 sit
1468 1526 1546 1582 eirea
1569 1524 1639 1583 har·

289 1611 407 1668 mouiea
431 1611 623 1685 propositum.
643 1610 706 1682 jam
728 1626 817 1684 supra
840 1609 949 1672 dixisti.
973 1612 1070 1669 multu
1092 1616 1126 1670 in
1137 1629 1241 1687 pouou
1256 1629 1449 1688 eorrumpere,
1469 1620 1640 1670 astructam

290 1697 482 1754 hermonii-cs
504 1699 662 1754 emmaum
679 1697 825 1771 milipere.
847 1699 1050 1771 faeculentum
1066 1700 1267 1757 nrbstann'om
1278 1696 1495 1777 (quantitatum,
1519 1711 1552 1756 ut
1566 1702 1642 1760 infra

290 1783 432 1862 explieas)
455 1786 586 1854 relicere.
611 1783 692 1858 qnod
714 1784 827 1842 ὁαιυυι
850 1793 891 1840 css
913 1790 946 1842 ιἰι
967 1804 1023 1842 sarta
1034 1791 1161 1862 proprio
1185 1785 1398 1865 enimtoleum
1415 1795 1511 1845 autam
1529 1787 1641 1862 figurae

288 1872 547 1950 hieroglyphicas,
577 1871 632 1930 hoe
662 1881 706 1930 est
736 1873 913 1946 aenigmatax
945 1875 1097 1935 etalloenre.
1141 1873 1206 1932 Hoc
1235 1875 1311 1932 enim
1335 1874 1388 1931 tibi
1411 1882 1455 1932 est
1484 1892 1639 1934 arcanum

285 1963 426 2018 scientiae
457 1959 606 2035 ricimere.
639 1959 788 2017 oecultum
812 1961 1016 2035 nurnisesnm.
1038 1966 1064 2018 ri
1085 1965 1130 2018 rei
1149 1961 1344 2019 lter-monicus
1365 1967 1482 2019 natura
1504 1964 1638 2037 interna,

288 2048 415 2106 testibus
438 2057 530 2106 emata
554 2050 784 2122 [quantitatum.
816 2047 993 2105 includetur
1012 2049 1129 2122 fissurae
1150 2049 1388 2123 hieroplyplricue
1409 2055 1544 2108 naturae
1565 2068 1641 2108 eune

288 2147 339 2195 tuo
359 2135 474 2214 judicio
498 2141 596 2208 sarapis
619 2143 719 2208 aptae.
743 2144 777 2192 tat
801 2139 831 2190 nt
855 2154 890 2191 eu
914 2144 1062 2210 terripunm
1087 2139 1118 2191 r'n
1140 2137 1259 2210 mecedo
1284 2135 1329 2193 rel
1351 2137 1518 2211 aenigmate
1542 2141 1641 2196 aa'rttta

288 2227 352 2286 einr
375 2225 488 2299 ‹rmpne
510 2227 688 2280 munitione
713 2223 872 2280 terrorum
896 2224 990 2280 omelia
1013 2232 1040 2280 et
1061 2227 1166 2280 urrinro
1181 2226 1392 2297 eonspiciutnr.
1439 2222 1524 2296 Quod
1551 2226 1640 2299 igitur

288 2315 547 2386 astumatum,
581 2310 751 2368 lranuouiea
784 2312 919 2384 inquam.
951 2312 1105 2368 tenebrusa
1126 2309 1259 2387 appello,
1289 2310 1394 2384 loquor
1417 2327 1452 2368 ex
1472 2310 1587 2385 judicio
1611 2324 1640 2372 et

287 2413 374 2476 natatu
397 2415 477 2462 meo.
511 2411 539 2456 et
563 2397 659 2456 habeo
684 2409 713 2456 te
736 2397 970 2472 astipulatorem,
999 2400 1050 2473 qui
1078 2416 1183 2470 negas,
1215 2405 1293 2456 tuam
1317 2399 1507 2470 intentionem
1529 2400 1637 2475 subjici

286 2487 585 2548 demonstrationibus
608 2485 836 2546 mathematicis.
865 2487 927 2542 sine
950 2489 1057 2560 quibus
1081 2503 1136 2560 ego
1159 2503 1264 2544 coecus
1286 2503 1366 2558 snm3
1396 2486 1448 2542 tibi
1474 2495 1504 2543 tu
1531 2487 1640 2547 videris

287 2576 516 2636 insolentissime
550 2578 649 2632 omina
680 2574 855 2650 depingere.
890 2573 988 2645 figuris
1018 2574 1244 2649 hieroglyphicas
1279 2572 1365 2632 valde
1400 2572 1638 2648 significantibus

286 2665 442 2742 explieare.
488 2663 523 2720 Et
547 2661 619 2719 illud
643 2661 713 2718 mibi
736 2673 765 2719 et
789 2663 841 2717 tibi
864 2659 920 2717 boe
944 2659 1077 2722 ridetur:
1106 2660 1288 2718 abundemus
1316 2667 1438 2735 uterque
1460 2677 1514 2719 suo
1539 2680 1640 2736 sensu,

286 2754 398 2829 jtnlitet
422 2750 514 2808 let-tor
537 2763 565 2807 et
590 2751 753 2827 composita
776 2747 812 2806 l'n
835 2751 899 2806 erit.
945 2747 1021 2804 lllud
1043 2747 1139 2806 solum
1161 2748 1231 2819 mibi
1250 2745 1440 2827 relinquatur,
1461 2747 1542 2824 quod
1558 2751 1641 2811 nulla

290 2842 396 2915 lnjtrria
419 2854 472 2895 nee
496 2848 548 2894 tuo
572 2842 599 2893 ἰιι
624 2838 801 2895 ιιιιιιιιιιιιὶε
823 2854 914 2913 surpra
936 2840 1121 2911 aenigmata.
1152 2854 1206 2896 neo
1227 2853 1293 2894 meo
1315 2838 1432 2895 conatui
1455 2855 1552 2896 rerum
1584 2841 1641 2898 ob-

292 2942 445 2985 scurarum
461 2925 696 2997 explicationem.
721 2942 798 3000 qtrae
821 2925 851 2981 tit
876 2942 928 2999 per
950 2926 1040 2982 rerba
1061 2934 1090 2982 et
1113 2926 1300 3000 quantitates,
1325 2924 1421 2981 tribui.
1464 2923 1542 2991 Nam
1566 2926 1641 2986 illud

288 3014 325 3071 de
348 3020 400 3071 tuo
423 3028 513 3085 scirpo
533 3012 595 3083 jam
620 3016 716 3071 serbis
739 3016 797 3069 tuis
820 3014 911 3088 ipsius
933 3014 1065 3087 probari.
1089 3012 1144 3071 boc
1167 3012 1203 3070 de
1225 3029 1290 3070 meo
1307 3021 1414 3069 conatu
1435 3028 1550 3071 rursum
1578 3026 1641 3073 tute

287 3102 350 3175 nee
373 3096 487 3171 analysi
512 3115 588 3155 urana
619 3119 650 3157 es
674 3102 786 3163 ianm.
817 3118 864 3158 me
886 3102 1092 3157 consonantias
1114 3100 1215 3169 coelo,
1247 3110 1338 3169 terra,
1370 3114 1428 3155 non
1451 3098 1565 3158 meliori
1591 3106 1643 3161 ria

288 3201 378 3259 quam
401 3183 616 3255 longitudinum
640 3191 826 3264 pnrpurtione
850 3187 1002 3246 enneleare
1024 3204 1120 3263 pense.
1164 3188 1200 3245 Et
1214 3189 1325 3262 passim
1341 3186 1551 3246 verbositatem
1567 3190 1641 3247 mibi

289 3271 409 3343 objicis.
444 3288 502 3344 qna
526 3288 555 3329 re
578 3278 814 3348 perspicuitatem
845 3280 946 3349 utique
968 3274 1096 3333 solemus
1118 3275 1268 3347 ademare,
1299 3290 1365 3332 unm
1387 3281 1419 3330 tu
1448 3292 1539 3350 saepe
1571 3278 1641 3337 loeo

287 3358 454 3419 verborum,
477 3375 553 3431 qnae
577 3377 711 3421 mensas„
736 3364 875 3421 exhibeas
898 3366 1035 3437 pieturaa

377 3442 479 3515 Neque
502 3456 600 3504 tannen
622 3448 680 3508 boe
703 3450 778 3509 idem
802 3464 862 3513 est,
885 3468 921 3508 ae
943 3453 968 3507 si
991 3460 1020 3509 te
1042 3449 1180 3506 dixissem
1206 3448 1304 3506 celare
1324 3452 1468 3522 mysteria
1491 3460 1643 3526 emeram,

290 3527 371 3603 quod
394 3540 438 3585 est
461 3536 612 3605 propesiti.
659 3537 720 3593 lltsi
743 3540 821 3595 enim
845 3538 932 3599 mibi„
954 3540 1005 3611 qui
1028 3536 1240 3595 mathematicis
1263 3534 1564 3598 demonstrationibus
1588 3560 1644 3599 as-

291 3616 387 3689 sueri,
415 3616 538 3675 multum
569 3624 752 3681 tenebrarum
777 3626 930 3683 otiundnnt
962 3628 992 3682 in
1020 3624 1195 3683 baruroniois
1223 3622 1443 3698 hieroglyphice
1473 3635 1541 3700 tua,
1578 3630 1644 3689 fieri

290 3710 388 3758 tamen
411 3714 508 3775 poten
536 3718 564 3765 et
595 3710 703 3767 laetum
726 3713 830 3771 eredo.
864 3724 896 3769 ut
920 3724 951 3772 tu
975 3714 1204 3775 existimaveris.
1233 3720 1262 3768 te
1285 3710 1516 3773 luculentissime
1540 3722 1646 3775 onrnia

291 3786 509 3869 depingerebll
555 3792 690 3868 Quiane
715 3798 770 3856 boe
793 3799 911 3875 quidem
933 3818 1025 3858 ausus
1047 3802 1165 3857 luimem
1188 3798 1301 3868 dicere,
1325 3797 1403 3874 quod
1427 3807 1458 3858 tu
1491 3820 1561 3878 pag.
1591 3808 1642 3862 12.

292 3872 328 3931 de
354 3886 383 3930 te
406 3875 484 3933 credi
508 3881 568 3943 ris,
600 3896 627 3939 te
651 3885 767 3944 oemdta
790 3904 842 3962 pro
864 3905 953 3963 pesse
975 3889 1191 3949 manifestasse.
1219 3903 1287 3943 nam
1309 3886 1392 3962 plura
1414 3887 1463 3946 irio
1486 3900 1516 3948 te
1540 3909 1646 3968 posse,

292 3976 382 4033 quam
405 3979 464 4021 una
487 3966 551 4024 riee
574 3966 659 4027 libuit
682 3982 848 4046 praestare,
871 3974 971 4032 malim
994 3976 1120 4033 eredere.

379 4044 463 4119 0⁰²0
486 4050 621 4129 deinceps
645 4074 800 4136 praecepta
825 4064 989 4137 sapientum
1013 4076 1075 4119 tute
1099 4062 1151 4119 tibi
1175 4062 1231 4136 ipsi
1254 4060 1372 4135 objicis,
1394 4068 1538 4137 mysteria
1559 4067 1648 4144 phy-

290 4134 353 4191 *ῖς*
375 4136 526 4209 Wlfflin,
550 4159 585 4199 ‘⁸
610 4144 737 4219 vtlinta
760 4158 790 4205 te
806 4149 870 4223 ipso
886 4148 1020 4207 dissolri.
1065 4150 1200 4208 Forsitan
1219 4150 1296 4206 enim
1310 4148 1423 4222 aliquid
1439 4151 1556 4221 afferes,
1582 4173 1648 4230 quo

290 4228 320 4277 et
342 4221 405 4293 ipse
428 4226 502 4281 tueri
524 4244 570 4284 me
592 4234 711 4303 pumina,
735 4234 903 4293 harmonias
925 4236 1068 4295 melesius
1090 4239 1120 4292 in
1141 4238 1234 4294 lucem
1257 4236 1405 4311 protereus
1428 4249 1458 4295 et
1481 4241 1649 4301 silentium

288 4308 322 4360 5¹⁸
344 4310 466 4365 “imile
488 4323 597 4371 secretu
620 4337 771 4377 rectamne.
820 4324 897 4395 Quin
922 4328 1010 4379 etiam
1033 4325 1086 4381 tibi
1110 4325 1165 4399 ipsi
1187 4326 1338 4398 qrnrerenti
1362 4334 1425 4383 tute
1447 4330 1648 4403 respondeto,

288 4408 439 4491 furscum
461 4415 567 4457 arcana
589 4402 711 4480 physica
733 4407 842 4467 mundo
865 4410 1051 4485 propalatum
1074 4428 1140 4473 eas.
1172 4411 1389 4485 aenigmatibus
1420 4416 1524 4488 potius
1546 4421 1649 4478 utaris

288 4496 317 4533 m
341 4497 433 4538 noem
454 4490 618 4547 sermonis?

377 4565 493 4640 Quaero
516 4578 643 4634 vicisim
666 4597 732 4655 ego,
755 4599 806 4639 cur
827 4600 1001 4641 sueeenseas
1024 4582 1104 4645 mibi.
1128 4587 1295 4659 aenigmata
1315 4586 1369 4643 tibi
1393 4588 1543 4655 tribuenti.
1575 4612 1649 4655 eum

288 4649 345 4708 hae
375 4655 439 4732 ipsa
460 4677 547 4736 super
575 4681 605 4722 re
627 4674 686 4723 tam
716 4684 838 4744 operose
861 4680 891 4728 ta
914 4668 1127 4729 defendendum
1151 4673 1204 4730 tibi
1236 4672 1354 4730 alinea
1381 4675 1430 4733 16.
1459 4686 1650 4752 putaveris?

288 4736 391 4800 Nonne
414 4762 483 4821 ergo
507 4752 605 4808 lateris
628 4756 794 4829 aenigmata
816 4757 981 4828 tenebrosa,
1005 4759 1125 4817 sirecte
1148 4778 1167 4818 a
1188 4770 1217 4818 te
1240 4774 1382 4836 usurpata
1400 4765 1587 4843 eonteud'm,
1622 4774 1648 4829 si

288 4828 427 4905 emplis
449 4842 478 4892 te
500 4839 614 4912 maguis
636 4842 755 4901 munis?
799 4842 920 4903 Licetne
949 4843 1021 4903 milti
1043 4854 1127 4905 tuum
1155 4849 1185 4921 ip
1208 4854 1291 4906 tanta
1312 4852 1459 4909 sermonis
1491 4856 1649 4935 inaequg.
