3567 5625
275 385 339 446 368
543 405 550 413 ·
788 369 938 431 Ptolemaei
955 370 1110 432 Humanis.

272 556 300 612 in
318 553 489 625 aequinoctio
506 552 588 622 iacta,
606 551 766 624 aequauerit
782 549 953 622 magitudine
975 549 1028 606 hoc
1045 549 1218 607 interuallum
1235 551 1390 623 systematis
1408 557 1496 608 tonum
1514 565 1626 622 apros.

262 634 477 690 ‘lambanomeuo
495 633 530 688 ad
548 639 643 700 nemu,
668 639 717 687 aut
734 634 758 687 si
775 631 912 701 charum,
937 631 965 685 in
992 645 1047 698 qua
1072 631 1161 700 pictae
1187 632 1226 688 sic
1244 640 1308 690 aaut
1331 633 1450 688 chordae
1472 631 1626 701 quindecim

273 723 381 770 erectae
398 711 559 783 parallelae,
582 718 779 782 contorqueas,
804 711 844 766 sic
861 718 892 766 ut
909 711 938 765 iu
956 724 986 765 se
1009 716 1103 766 mutuo
1121 720 1270 781 congruant
1293 713 1581 783 proslambanomenos
1597 718 1628 765 et

274 810 360 864 mese,
377 801 443 848 tunc
461 799 492 849 ut
509 793 588 848 Aries
605 793 713 862 Librae,
732 792 771 847 sic
790 790 860 845 duae
876 790 947 845 istac
965 798 1103 845 extremae
1120 790 1173 860 ipsi
1191 808 1264 847 mese
1282 800 1468 863 opponentnr;
1491 789 1626 847 subintel-

273 873 342 941 tige:
361 880 389 928 et
405 871 559 941 apparebit,
577 869 651 941 quod
670 879 732 927 ante
751 870 861 939 dictum,
880 868 1016 938 quomodo
1034 871 1140 939 species
1158 870 1289 941 diapason
1313 871 1434 941 undique
1453 872 1513 925 siue
1531 869 1628 926 discn-

275 952 346 1007 mine
364 950 490 1021 principii
506 956 534 1006 et
550 950 612 1005 finis
630 950 658 1004 in
677 950 729 1005 boe
747 949 848 1004 circqu
867 948 1041 1018 systematico
1059 949 1195 1020 designari
1212 951 1327 1020 possint
1640 1017 1644 1024 ¹

361 1030 433 1084 Nota
450 1030 525 1083 XIII.
561 1028 664 1084 Probat
686 1029 767 1084 tertio
789 1027 1017 1097 comparationem
1041 1029 1113 1084 hauc
1140 1032 1295 1099 systematis
1319 1046 1379 1085 cum
1406 1029 1532 1099 zodiaco,
1563 1029 1628 1099 quia

273 1109 351 1164 salde
368 1109 516 1179 probabilis
534 1108 570 1163 sit
586 1107 634 1163 illa
650 1108 711 1178 ipsa
729 1108 909 1176 oppositionis
927 1106 1006 1174 ratio,
1023 1122 1095 1175 quas
1113 1111 1245 1180 sequitur,
1263 1110 1287 1164 si
1306 1109 1471 1179 diagramma
1494 1116 1628 1180 systema·

275 1191 310 1244 tis
329 1189 400 1244 dicto
423 1185 502 1241 modo
521 1186 627 1253 redigas
645 1188 674 1240 in
692 1186 831 1241 circulum.
867 1187 951 1241 Vides
969 1193 1073 1256 antem,
1096 1187 1282 1245 Ptolemaeum
1305 1206 1358 1244 nnn
1376 1189 1498 1259 profiteri
1517 1190 1627 1244 demon·

275 1268 432 1336 strutiones,
460 1265 508 1320 aed
526 1264 622 1321 saltem
640 1265 856 1336 probabilitates.
891 1266 963 1334 Etsi,
988 1267 1132 1334 quaejam
1150 1267 1270 1336 attingit,
1298 1266 1536 1322 demonstrationis
1555 1267 1631 1335 leges

274 1347 354 1402 facile
371 1346 519 1417 patiuntur.
555 1343 697 1415 Oppositio
716 1346 882 1401 diametralis
901 1353 944 1401 est
961 1347 1092 1401 terminus
1110 1347 1298 1417 astrologIens,
1318 1345 1390 1401 idem
1407 1344 1480 1415 quod
1498 1353 1628 1414 aspecm

249 1425 426 1496 oppositus.
1082 1483 1085 1492 ,

360 1507 433 1561 Nota
449 1503 520 1559 XIV.
555 1502 662 1573 Potest,
686 1504 786 1573 inquit,
811 1504 883 1560 cuca
909 1511 1050 1574 aspectum
1073 1505 1228 1575 oppositum
1251 1502 1357 1573 concipi
1375 1503 1515 1573 proportio
1542 1501 1628 1573 dupla

274 1586 345 1641 inter
362 1590 449 1640 totum
467 1581 597 1638 &culum
618 1588 646 1637 et
664 1582 796 1636 utrumvis
815 1583 1061 1650 semicirculorum,
1081 1600 1150 1653 quos
1171 1583 1343 1652 distinguunt
1365 1583 1436 1637 inter
1454 1597 1483 1636 se
1501 1583 1631 1651 planctae

276 1664 407 1737 oppositi;
435 1661 575 1718 snbsnms:
603 1661 675 1718 mont
697 1661 985 1729 proslambanomenos
1009 1662 1150 1718 mesecin
1175 1663 1229 1718 hoc
1251 1661 1424 1730 systematico
1444 1661 1548 1717 circqu
1574 1657 1629 1718 sibi

276 1745 430 1816 oppositae,
455 1756 530 1797 mese
548 1757 613 1796 vero
631 1750 709 1796 uetes
728 1739 813 1811 dupla
830 1748 874 1796 est
891 1741 919 1796 in
937 1742 1062 1797 musione
1087 1757 1136 1810 per
1154 1755 1247 1795 omnes
1265 1740 1386 1808 aequali,
1409 1750 1437 1794 et
1456 1745 1629 1813 generaliter,

276 1826 346 1881 sicut
364 1823 490 1890 chordae,
509 1821 580 1876 iuter
597 1837 666 1890 quas
685 1827 728 1875 est
746 1821 886 1891 diapason,
906 1837 991 1890 aeque
1004 1830 1100 1876 tensae
1118 1828 1183 1876 suut
1194 1821 1267 1875 inter
1279 1835 1309 1874 se
1320 1822 1504 1889 proportionis
1516 1815 1634 1893 duplaes

363 1905 436 1960 Nota
453 1902 510 1957 XV.
547 1902 615 1955 Prae
634 1899 731 1955 ceteris
750 1900 1008 1970 configurationibus
1026 1901 1171 1970 plurimum
1190 1905 1233 1954 est
1245 1900 1418 1967 aequalitatis
1435 1902 1464 1956 iu
1475 1905 1629 1974 configura·

275 1984 349 2040 tione
367 1981 531 2049 dimeuali3
551 1980 696 2036 subsume:
716 1979 787 2034 sient
803 1981 885 2034 etiam
904 1980 975 2034 iuter
993 1994 1075 2034 sonos
1093 1978 1371 2049 proslambanomeni,
1395 1995 1483 2035 meses
1502 1991 1530 2038 et
1550 1995 1628 2042 netes

276 2063 409 2133 quaedam
427 2062 502 2117 uelut
518 2059 670 2130 aequalitas
694 2065 737 2112 est
754 2073 803 2112 seu
821 2058 964 2127 identitas,
990 2073 1053 2112 uam
1071 2058 1248 2114 intermediae
1270 2057 1389 2111 chordae
1407 2058 1571 2118 altrinsecus
1589 2064 1628 2119 di·

276 2145 415 2199 rersisoue
438 2147 589 2197 consonant
614 2145 663 2196 aut
683 2137 765 2208 plane
790 2136 940 2194 dissonant.
976 2135 1136 2204 Aequalitas
1158 2145 1286 2205 aspectus
1305 2138 1424 2207 oppositi
1441 2139 1510 2195 haec
1526 2149 1572 2198 est
1595 2160 1628 2199 ex

275 2222 345 2278 libro
364 2237 424 2277 meo
443 2221 490 2275 111.
514 2219 560 2275 iol.
580 2222 614 2275 17
632 2219 719 2288 (139),
743 2218 808 2286 quia
829 2233 879 2286 per
904 2216 1065 2270 diametrum
1093 2224 1168 2271 totus
1195 2216 1313 2272 circulus
1336 2217 1465 2272 dividitur
1487 2220 1516 2274 in
1534 2231 1629 2289 partes

276 2301 344 2357 duas
362 2302 434 2357 inter
450 2316 481 2357 se
499 2299 635 2369 aequales,
652 2305 743 2354 εειεεε
760 2297 886 2366 figuralia
902 2296 990 2352 latera
1007 2295 1133 2352 dividunt
1149 2297 1177 2350 iu
1189 2295 1352 2366 inaequalia,
1370 2304 1401 2352 ut
1416 2296 1490 2352 latus
1502 2303 1630 2368 quadrati

275 2381 303 2436 in
321 2398 405 2436 uuum
423 2387 451 2436 et
468 2379 521 2435 trin
538 2386 588 2433 etc

361 2460 434 2515 Nota
451 2457 522 2514 XVI.
560 2455 674 2524 Quando
692 2455 810 2512 circulus
828 2470 877 2525 per
895 2454 997 2523 figuras
1020 2454 1149 2510 dividitur
1166 2454 1194 2509 in
1212 2462 1317 2524 partes,
1342 2465 1517 2527 quotcunque
1534 2468 1630 2529 partes

183 2551 190 2564 ·
274 2538 400 2610 aequales
419 2536 489 2593 tiunt
505 2551 539 2589 cx
557 2534 667 2602 circulo,
684 2534 799 2590 totidem
815 2534 899 2588 rectis
912 2534 1051 2588 subtensis
1064 2534 1206 2602 peragitur
1217 2533 1371 2603 inscripti03
1393 2543 1422 2591 et
1436 2553 1497 2591 cnm
1510 2538 1630 2596 circulus
1700 2563 1709 2576 ·

273 2619 302 2673 in
320 2618 388 2672 duas
407 2614 536 2685 aequales
560 2621 653 2683 partes
671 2620 714 2669 εει
732 2612 907 2679 dividendus,
932 2610 976 2666 bic
999 2627 1052 2666 non
1078 2611 1161 2667 etiam
1179 2611 1285 2668 duabus
1296 2614 1401 2688 rectis,
1425 2617 1473 2672 sed
1496 2634 1551 2673 uua
1569 2620 1631 2674 sola

275 2714 324 2767 per
343 2703 465 2753 canuam
484 2694 566 2750 ducta
584 2710 654 2763 opus
673 2703 723 2762 est,
743 2709 813 2762 qnae
830 2692 947 2762 repetita
964 2692 992 2746 in
1010 2706 1041 2745 se
1053 2692 1139 2760 ipsam
1155 2691 1283 2746 coincidit
1299 2692 1385 2763 fitque
1399 2701 1537 2763 potestate
1551 2698 1632 2772 duae,

274 2784 339 2833 actu
360 2791 423 2831 nna.
460 2771 651 2843 Subintellige:
675 2778 702 2827 et
725 2772 764 2828 sic
790 2771 872 2827 etiam
890 2786 920 2827 se
938 2785 983 2827 res
1002 2768 1086 2825 habat
1103 2786 1165 2825 cnm
1183 2770 1269 2839 sonis,
1296 2769 1427 2841 diapason
1452 2773 1632 2851 iacientibus;

274 2872 337 2910 nom
354 2861 418 2924 post
435 2852 534 2908 multas
553 2850 733 2907 dirersisonas
752 2851 954 2919 consonantias,
973 2865 1044 2919 quae
1062 2857 1126 2905 suut
1139 2851 1173 2905 ab
1186 2851 1310 2919 unisono,
1329 2853 1439 2906 mudena
1452 2856 1633 2909 consonantia

276 2934 407 3003 diapason
424 2930 456 2986 fla
472 2929 591 2987 identica
608 2928 820 2998 quodammodo;
840 2945 925 2984 sonus
947 2929 1018 2982 euim
1040 2933 1138 2983 acutus
1163 2944 1224 2983 cnm
1247 2930 1323 2997 grani
1345 2931 1380 2985 in.
1391 2931 1462 2987 idem
1480 2933 1579 2988 recidit
1603 2941 1633 2988 ει

276 3009 473 3082 quodammodo
492 3009 585 3064 unitur
603 3009 636 3063 ei.

362 3108 437 3163 Nota
453 3106 538 3161 XVII.
574 3106 634 3160 Hoc
651 3104 717 3160 dicit
734 3119 795 3159 esse
813 3102 926 3173 primam
946 3117 1056 3158 cansam
1080 3119 1129 3160 sen
1146 3105 1308 3175 principium
1326 3108 1499 3177 aequalitatis
1517 3109 1632 3179 figurae.

275 3187 335 3243 Hoc
345 3187 436 3243 multis
448 3185 534 3240 modia
544 3193 637 3255 potest
645 3185 767 3254 iutelligi,
785 3183 827 3239 vel
839 3183 1010 3252 generaliter,
1030 3178 1102 3252 quod
1113 3184 1253 3251 ἐφαρμοσις
1269 3186 1322 3240 ista
1331 3193 1464 3240 rectarum
1474 3184 1633 3254 planorum-

277 3283 330 3334 que
349 3272 380 3321 nt
396 3275 424 3321 et
441 3265 601 3335 angulorum
625 3264 661 3318 sit
677 3263 839 3333 principium
858 3262 1061 3319 demonstrandi
1085 3263 1276 3332 aequalitatem
1299 3264 1476 3333 figuratarum
1495 3268 1635 3333 quantita·

276 3354 333 3401 tum
351 3346 496 3416 planarum
515 3343 670 3414 praecipue,
689 3342 732 3397 vel
749 3343 778 3397 in
796 3341 887 3411 specie
906 3340 940 3396 de
958 3342 1049 3410 liueis,
1072 3344 1146 3412 qnod
1164 3360 1197 3396 ex
1210 3352 1310 3398 centro
1333 3343 1367 3398 ad
1386 3343 1634 3399 cucumierentiam

277 3431 305 3479 et
329 3424 369 3478 sic
392 3423 473 3480 etiam
496 3423 531 3479 ad
554 3423 682 3492 opposita
699 3429 802 3490 puncta
819 3437 997 3491 quaecunque
1022 3423 1255 3478 circumferentiae
1283 3432 1374 3479 rectae
1398 3440 1491 3479 omnes
1509 3425 1584 3479 inter
1603 3439 1634 3480 se

276 3503 331 3557 sint
348 3503 486 3575 aequales,
505 3510 535 3557 nt
552 3501 658 3570 figurae
676 3516 770 3556 rocem
789 3503 869 3554 etiam
888 3500 922 3554 dc
940 3500 1013 3556 linea
1030 3504 1153 3573 accipiat.
1189 3504 1239 3557 Vel
1253 3503 1300 3571 alc,
1320 3503 1393 3572 quod
1407 3503 1474 3557 baec
1493 3504 1529 3557 sit
1547 3519 1636 3559 musa

276 3590 305 3636 et
322 3580 483 3651 priucipium
501 3579 678 3651 aequalitatis
696 3580 756 3648 ejus
775 3579 887 3648 figurae,
907 3594 977 3647 quae
995 3581 1111 3637 circulus
1125 3581 1238 3649 dicitur3
1258 3581 1419 3651 principium
1432 3581 1549 3651 quidem,
1569 3583 1637 3652 quia

277 3662 395 3718 cuculus
413 3661 574 3719 describitur
590 3659 756 3730 aequalitate
773 3661 856 3729 hrrjus
874 3659 969 3714 lineas.
1004 3659 1054 3714 Vel
1073 3662 1120 3723 sic,
1146 3658 1217 3726 quod
1236 3660 1385 3729 aequalitas
1403 3659 1535 3714 linearum
1556 3660 1636 3730 (qua-

276 3741 310 3795 lis
333 3748 473 3809 spectatur
494 3741 576 3796 etiam
597 3740 668 3795 inter
692 3739 851 3793 diametrum
877 3747 907 3792 et
930 3754 959 3792 se
983 3739 1070 3808 ipsam
1088 3739 1242 3808 repetitam)
1265 3739 1301 3792 sit
1326 3738 1518 3808 principiorum
1538 3757 1636 3817 riuum,

279 3820 377 3888 quibus
395 3819 599 3875 constituuntur
617 3817 745 3887 aequales
763 3818 874 3885 tigrrrae.
912 3818 963 3874 Vel
982 3818 1028 3885 sic,
1048 3816 1174 3885 quodid,
1193 3816 1265 3886 qnod
1285 3816 1415 3872 diameter
1433 3833 1540 3887 semper
1559 3820 1637 3886 ejus·

278 3899 339 3954 dem
357 3905 399 3953 est
416 3898 606 3968 longitudinm,
634 3898 670 3952 sit
687 3897 847 3967 principium
872 3895 1075 3953 demonstrandi
1097 3896 1212 3963 figuram
1235 3895 1400 3966 regularem,
1426 3914 1495 3967 quae
1519 3897 1636 3954 demon-

278 3979 374 4033 stratio
392 3977 517 4032 cousiatit
534 3976 561 4032 in
580 3976 747 4045 aequalitate
765 3975 853 4030 lineae
871 3975 915 4029 ael
933 3976 992 4043 ejus
1010 3975 1149 4045 potentiae
1174 3983 1201 4028 et
1219 3974 1344 4028 similium
1368 3992 1429 4029 cum
1448 3974 1530 4045 certis
1548 3979 1637 4045 parti·
1671 4018 1674 4029 .

277 4055 330 4110 bus
355 4053 486 4110 diametri.
526 4054 578 4110 Vel
601 4054 719 4122 denique
745 4053 902 4109 referuntur
928 4056 997 4110 haec
1026 4054 1108 4111 verba
1135 4054 1169 4109 ad
1197 4054 1353 4124 sequeutia,
1383 4071 1421 4109 sc.
1447 4055 1521 4123 qnod
1542 4055 1636 4113 lineae

238 4132 244 4155 ¹
278 4142 385 4190 ceterae
402 4149 452 4202 per
468 4133 580 4203 planum
597 4125 692 4187 cuculi
709 4132 852 4188 traductae
870 4133 964 4188 circuli
982 4134 1090 4202 quidem
1108 4133 1350 4188 clrcumlerentiam
1375 4133 1402 4187 in
1420 4142 1512 4204 partes
1532 4149 1637 4204 aequa·

277 4213 318 4269 les
337 4213 501 4282 distinguere
518 4212 640 4283 possint,
658 4218 687 4266 at
704 4228 758 4267 nou
778 4213 857 4267 simul
875 4221 904 4268 et
921 4212 1033 4283 planum
1052 4212 1157 4281 duculi,
1182 4213 1249 4267 baec
1268 4212 1400 4267 diameter
1416 4229 1481 4268 vero
1500 4221 1528 4267 et
1546 4216 1637 4270 circu·

278 4293 336 4347 lum
354 4298 381 4347 et
398 4292 509 4361 pianum
527 4291 650 4348 similiter
667 4292 695 4345 in
714 4292 850 4359 aequalia,
874 4299 905 4346 ut
923 4294 962 4348 ita
979 4291 1097 4346 circulus
1122 4291 1166 4345 hic
1181 4290 1238 4360 jam
1257 4306 1340 4345 cansa
1365 4291 1408 4347 sui
1426 4292 1507 4361 plane
1525 4292 1639 4349 dicatur

279 4370 374 4442 figura,
393 4378 421 4427 et
438 4371 541 4442 figurae
560 4368 710 4440 aequalitas
730 4371 765 4424 sit
782 4370 851 4426 haec
868 4372 929 4438 ejus
947 4370 1061 4426 bisectio
1080 4369 1108 4423 in
1125 4369 1179 4425 duo
1196 4369 1278 4439 plana
1296 4370 1513 4426 semleircularia.
1577 4440 1583 4449 ι

231 4448 237 4465 ‘
365 4452 437 4507 Nota
455 4449 555 4506 XVIII.
592 4449 695 4518 Quarta
712 4463 796 4504 cansa
813 4449 1023 4519 comparationis
1042 4454 1085 4502 est
1096 4447 1178 4502 baec:
1198 4448 1225 4502 in
1238 4446 1342 4501 musica
1352 4450 1558 4504 consonantiam
1578 4451 1638 4506 dia·

279 4547 379 4601 pason.
397 4530 485 4601 qualis
503 4536 547 4584 est
562 4528 634 4584 inter
651 4544 744 4583 mesen
762 4534 791 4584 et
808 4536 959 4596 extremas,
978 4527 1006 4581 in
1025 4527 1172 4595 astrologia
1189 4542 1253 4581 reso
1271 4525 1512 4594 configurationem
1531 4528 1638 4584 diame-

278 4612 388 4679 tralem,
416 4607 503 4677 qualis
527 4613 570 4664 est
592 4607 784 4676 interpuncta
807 4607 1029 4674 aequinoctialia,
1052 4620 1103 4675 pro
1128 4605 1284 4660 fortissimIs
1302 4599 1420 4674 agnosci.
1456 4605 1638 4663 Ptolemaeus

278 4688 349 4743 banc
366 4704 421 4742 uon
438 4694 469 4742 ut
486 4702 596 4743 cauam
613 4687 741 4756 proponit
758 4685 977 4755 comparationis,
996 4684 1044 4740 sed
1062 4685 1115 4738 hoc
1126 4684 1216 4753 ipsum
1234 4699 1283 4738 ceu
1296 4686 1494 4740 consectarium
1506 4700 1542 4739 cx
1554 4702 1639 4755 pras·

278 4769 369 4823 missis
387 4766 564 4839 geometricis,
584 4766 669 4822 veluti
687 4766 778 4822 causis
795 4763 985 4834 archetypicis,
1004 4762 1122 4819 deducit.
1159 4764 1235 4817 Haec
1247 4762 1331 4833 igitur
1349 4762 1522 4831 aagenuiua
1538 4771 1639 4819 textus

279 4845 438 4902 Ptolemaici
454 4848 598 4918 sententia,
615 4846 644 4901 in
662 4862 724 4915 qna,
742 4853 873 4915 quantum
890 4845 984 4901 Iarore
1001 4850 1128 4901 conatum
1145 4843 1295 4900 Ptolemmi
1312 4844 1341 4898 in
1352 4857 1453 4911 genere
1469 4859 1638 4914 prosequor,
