3567 5625
250 453 289 516 to
825 456 996 514 Prooemium

246 629 404 707 earumque
433 630 527 692 latera
554 634 628 694 inter
656 649 689 693 se
718 636 866 710 componit
894 652 930 694 er
958 637 1004 707 vi,
1036 651 1125 711 quam
1154 634 1282 695 habeant
1313 642 1345 694 ut
1370 635 1529 697 rationales
1559 643 1590 697 et

246 720 427 779 irrationales
450 721 635 797 quantitates,
659 730 843 798 comparatae
866 739 932 780 cum
953 722 1036 782 radin
1059 725 1266 799 circumscripti
1289 724 1398 784 circuli.

219 846 235 888 -Χ
347 807 457 868 Liber
485 807 662 867 secundus
689 808 799 867 orditur
825 826 844 867 a
868 808 1084 869 definitionibus
1110 813 1379 885 congruentiae.
1424 810 1506 870 Voce
1534 808 1590 870 hac

244 892 329 952 aliter
357 897 448 953 utitur
477 912 565 970 quam
595 895 669 955 alias
699 898 743 955 ati
775 896 826 955 illa
856 896 954 956 solent
979 889 1189 957 mathematici.
1234 896 1433 972 Congruenter
1463 899 1491 957 ei
1520 903 1591 957 sunt

244 979 367 1057 figurae,
395 984 419 1041 sl
443 999 508 1041 enm
531 982 647 1059 angulis
668 985 729 1042 suis
752 984 878 1060 spatium
901 993 1009 1060 puncto
1032 984 1245 1060 ehcumJectum
1268 993 1321 1043 aut
1342 987 1373 1043 in
1394 983 1516 1061 planitie
1537 991 1590 1044 aut

244 1071 274 1126 in
297 1069 393 1145 spatio
415 1070 541 1147 explent.
595 1069 744 1146 Exemplis
766 1071 911 1146 ejusmodi
932 1072 1079 1148 perlectae
1102 1079 1154 1131 aut
1174 1071 1359 1148 imperfectae
1382 1075 1589 1148 congruentiae

245 1157 335 1214 utitur
356 1157 456 1217 multis
477 1157 592 1234 figuris,
621 1175 694 1233 quas
721 1167 774 1217 aut
796 1166 829 1216 ut
851 1175 973 1235 corpora
994 1167 1046 1218 aut
1067 1175 1168 1218 eorum
1189 1158 1363 1218 lineamenta
1384 1157 1483 1239 (retes)
1511 1158 1589 1217 loliis

244 1244 369 1319 propriis
383 1243 514 1321 depictas
529 1244 619 1304 addit
652 1244 714 1305 Nos
736 1262 802 1310 eum
816 1254 964 1306 auctorem
978 1248 1070 1306 secuti
1086 1245 1140 1304 has
1154 1246 1262 1306 formas
1276 1245 1368 1322 lapidi
1384 1245 1589 1323 imprimendas

243 1332 409 1391 amavimus
432 1339 462 1393 et
483 1339 666 1405 annotamus,
696 1332 804 1409 ligures
831 1335 861 1390 in
884 1332 1025 1393 lateribus
1049 1336 1067 1392 5
1097 1333 1273 1409 regularium
1300 1350 1453 1409 corporum
1474 1333 1588 1410 Pytha·

208 1457 214 1468 -
242 1421 357 1495 geticos
378 1419 527 1498 symbolos
556 1420 671 1492 relerre,
702 1419 947 1496 quemadmodum
968 1421 1025 1481 hoc
1046 1438 1065 1479 a
1086 1419 1214 1496 Keplero
1236 1419 1312 1480 thesi
1335 1422 1386 1481 25.
1409 1419 1586 1497 explicatum

243 1512 297 1566 est.
342 1506 388 1566 De
415 1505 491 1566 thesi
514 1509 564 1565 07.
588 1506 733 1582 Keplerus
761 1507 800 1565 ad
830 1508 1017 1584 inquirendas
1040 1507 1258 1583 semiregulares
1283 1508 1392 1567 formas
1417 1525 1588 1586 progressus

243 1593 381 1654 tredecim
403 1610 525 1671 corpora
547 1594 735 1654 Achimediea
756 1594 892 1672 explieat
944 1594 1171 1671 Quaestionihus
1193 1593 1249 1654 hoe
1270 1593 1344 1653 libro
1367 1595 1453 1654 laetis
1476 1611 1511 1655 eo
1533 1593 1588 1655 de·

243 1679 370 1754 ducitur,
403 1689 436 1739 ut
458 1682 551 1754 dicat,
583 1698 726 1758 congruas
748 1699 813 1742 esse
834 1682 945 1759 figuras
968 1681 1135 1756 duodecim,
1165 1698 1205 1741 se.
1228 1682 1335 1757 figuras
1364 1683 1588 1759 comprehensas

241 1768 382 1828 lateribus
405 1771 434 1842 3,
456 1771 485 1842 4,
505 1770 534 1842 b,
558 1768 586 1842 0,
609 1769 637 1841 8,
662 1771 710 1842 10,
734 1771 771 1827 lu
787 1777 817 1828 et
832 1772 873 1829 20
897 1769 1040 1847 (,figurae
1062 1770 1205 1830 radicales
1226 1786 1280 1828 seu
1301 1765 1457 1852 primae“),
1480 1770 1588 1847 quibua

243 1854 384 1915 accedant
416 1857 435 1914 4
465 1855 582 1916 stellae:
620 1859 829 1933 pentagonica,
865 1859 1051 1933 octogouiea,
1091 1857 1268 1934 decagonica
1304 1865 1334 1916 et
1370 1856 1590 1935 dodeeagonica

116 1949 119 1954 ’
242 1941 385 2023 („ligurae
407 1939 553 2022 aumae“).

347 2029 457 2090 Liber
479 2031 611 2090 tertius
632 2030 718 2090 refert
735 2031 829 2090 lactas
852 2030 887 2090 de
908 2032 1021 2090 musica
1044 2041 1073 2089 et
1094 2031 1175 2091 sonis
1196 2030 1370 2090 hamonicis
1393 2033 1586 2108 quaestiones.

242 2116 276 2174 In
299 2117 479 2193 praelatione
502 2117 743 2194 deprehendimus
766 2120 847 2178 varia
867 2117 903 2177 de
917 2126 1047 2178 veterum
1062 2121 1174 2177 musica
1187 2117 1304 2194 prodita
1318 2126 1348 2177 et
1359 2117 1587 2196 Pythagoricum

242 2206 368 2265 maxime
396 2213 540 2283 tetractyn
570 2207 774 2264 examinatam.
819 2204 964 2282 Keplerus
992 2205 1155 2282 profitetur,
1187 2205 1244 2263 sibi
1273 2221 1368 2281 neque
1389 2205 1589 2283 Pythagorica

243 2309 338 2368 neque
372 2291 484 2353 meliori
517 2292 680 2352 Ptolemaei
713 2292 878 2367 humonia,
912 2310 978 2352 cum
1010 2302 1132 2369 utraque
1166 2291 1319 2370 disciplina
1356 2292 1475 2352 auditus
1504 2294 1586 2368 justo

242 2381 384 2440 minorem
406 2382 549 2442 rationem
571 2380 730 2456 habuisset,
754 2398 818 2442 esse
840 2380 1029 2440 satisfactum.
1061 2378 1155 2455 Quam
1179 2380 1217 2439 ob
1240 2397 1360 2440 eausam
1378 2397 1410 2439 se
1428 2398 1464 2440 ex
1483 2382 1588 2456 viginti

243 2469 327 2526 auum
350 2466 380 2526 id
402 2465 507 2545 egis‘se,
531 2476 564 2526 ut
586 2485 622 2528 ea
644 2470 772 2528 musicae
793 2467 983 2527 fundamenta
1005 2475 1133 2544 poneret,
1164 2484 1239 2542 quae
1259 2484 1318 2527 non
1342 2467 1437 2527 solum
1459 2469 1586 2527 numefis

241 2554 396 2615 abstractis
424 2558 597 2631 niterentur,
627 2554 678 2615 sed
705 2557 736 2613 iu
766 2555 832 2615 aliis
859 2570 976 2631 quoque
1006 2555 1167 2614 rationibus
1197 2562 1227 2614 et
1254 2556 1468 2632 quantitatibus
1489 2554 1587 2614 locum

242 2642 384 2703 habereut
405 2650 436 2703 et
456 2643 571 2702 auditui
592 2642 803 2702 satisfacerent.
847 2641 932 2702 Haec
954 2641 1143 2703 fundamenta
1163 2644 1192 2699 in
1215 2645 1376 2718 geometria
1401 2644 1499 2721 posita
1520 2659 1585 2702 esse

241 2736 335 2803 ratus,
366 2732 535 2807 primarium
563 2732 666 2790 statuit
693 2732 888 2806 propositum,
921 2729 1093 2790 diametrum
1122 2723 1221 2789 circuli
1252 2738 1281 2789 et
1309 2729 1401 2790 latera
1428 2730 1586 2807 figurarum

168 2818 173 2831 ’
243 2817 432 2894 ,radicalium
456 2820 609 2878 terminare
631 2825 743 2896 partem
765 2817 865 2878 circuli
887 2826 1095 2878 consonantem
1111 2834 1177 2878 cum
1192 2825 1253 2877 toto
1270 2819 1396 2878 circulo“
1420 2821 1586 2896 pariterque

242 2903 357 2965 chordis
384 2903 422 2965 ad
450 2905 573 2966 eandem
602 2907 742 2965 rationem
770 2904 872 2965 divisis
900 2904 982 2964 reddi
1008 2922 1097 2966 sonos
1125 2904 1319 2964 harmonieos.
1371 2906 1485 2967 Dahis
1507 2906 1586 2966 divi·

241 2992 374 3053 sionibus
403 2992 580 3053 harmonicis
611 2993 825 3069 templaribus
848 2995 944 3068 agitur
966 2993 1073 3053 ethee
1095 2999 1178 3052 suut:
1215 2987 1249 3073 1)
1272 2992 1404 3067 hiseetio,
1435 2989 1472 3075 2)
1494 2996 1586 3054 sectio

241 3081 405 3141 iuratione
431 3082 446 3139 l
471 3079 562 3155 adt,
586 3075 623 3161 3)
646 3083 810 3139 iuratione
835 3083 849 3138 1
875 3079 914 3138 ad
938 3081 966 3155 3,
991 3076 1027 3161 4)
1053 3078 1124 3139 lad
1148 3081 1176 3152 4,
1202 3079 1235 3155 5)
1261 3079 1331 3139 lad
1355 3081 1383 3155 5,
1408 3075 1443 3163 0)
1467 3080 1541 3140 aad
1557 3085 1586 3155 3,

241 3173 271 3228 et
296 3163 332 3249 7)
354 3169 446 3228 sectio
468 3169 498 3225 in
520 3168 633 3228 ratione
658 3166 676 3226 5
699 3166 737 3226 ad
761 3170 789 3226 3.
843 3166 946 3226 Plures
968 3184 1057 3244 quam
1079 3173 1191 3244 septem
1212 3168 1285 3226 istas
1314 3166 1486 3227 chordarum
1508 3170 1588 3227 diri·

239 3257 337 3315 sinnas
365 3271 423 3315 non
450 3271 514 3315 esse
543 3257 574 3312 in
605 3255 764 3315 harmonia.
817 3253 880 3313 Has
908 3270 979 3313 vero
1007 3252 1178 3327 divisiones,
1209 3253 1355 3331 Keplcrus
1383 3256 1484 3330 refert,
1513 3273 1587 3316 ase

238 3345 363 3420 primum
385 3341 488 3402 auditu
510 3341 605 3402 indice
626 3344 770 3415 inventas,
795 3350 824 3402 et
838 3340 1027 3401 fundamenta
1041 3359 1140 3402 aarum
1155 3342 1247 3401 multo
1262 3341 1361 3402 labore
1376 3361 1412 3402 ex
1426 3345 1588 3419 geometria

241 3438 324 3490 eruta
346 3446 420 3505 esse,
443 3432 676 3506 sententiamque
699 3447 783 3489 suam
804 3432 834 3489 in
855 3428 1017 3488 Prodrumo
1040 3433 1070 3497 (l.
1090 3433 1152 3498 139)
1177 3432 1362 3488 enuntiatam
1384 3430 1497 3490 refellit

348 3515 418 3577 Jam
449 3517 485 3578 de
514 3519 659 3579 continuis
685 3516 921 3595 proportionibus
951 3511 1125 3577 harmonicis
1154 3533 1245 3591 agens
1274 3517 1458 3593 reprehendit
1479 3534 1587 3593 ragam

183 3642 185 3649 ·
240 3604 483 3682 significationem
505 3616 578 3673 (a—
592 3607 610 3661 b
623 3626 629 3661 :
642 3607 660 3661 b
674 3637 704 3648 —
720 3622 830 3662 e=a:
845 3615 882 3677 e),
913 3620 967 3663 nec
989 3606 1045 3663 uisi
1068 3621 1127 3677 eos,
1151 3606 1202 3676 ait,
1224 3620 1360 3663 numeros
1381 3605 1489 3665 habere
1510 3608 1587 3664 inter

240 3709 273 3752 se
301 3697 517 3769 proportionem
551 3693 763 3767 harmonicam,
797 3693 827 3749 in
858 3691 966 3767 quibus
998 3691 1111 3752 medius
1144 3708 1210 3751 cum
1245 3693 1350 3751 exteris
1384 3694 1528 3753 ambobus
1557 3701 1587 3753 et

241 3778 419 3842 differentiae
441 3781 634 3840 membrorum
657 3781 731 3840 inter
752 3796 784 3838 se
806 3780 934 3839 rationes
956 3778 1088 3853 formem,
1112 3796 1187 3855 quae
1201 3780 1403 3858 interceptam
1417 3779 1585 3855 divisiones,

241 3884 318 3944 quae
341 3867 529 3943 dictassent,
554 3874 707 3928 occurrant
729 3872 781 3926 aut
804 3866 1008 3942 comprehendi
1030 3869 1066 3926 iis
1087 3868 1209 3942 possint
1241 3865 1319 3928 Vere
1332 3871 1499 3928 continuam
1515 3885 1541 3929 e.
1558 3884 1584 3928 e

240 3952 418 4016 intercedere
440 3957 656 4032 proportionem
678 3954 753 4012 inter
774 3969 910 4012 numeros
933 3955 984 4028 00,
1011 3954 1058 4026 15,
1087 3956 1145 4027 12,
1164 3969 1229 4013 esse
1252 3957 1327 4014 enim
1349 3960 1385 4015 20
1398 3989 1428 3999 -
1445 3960 1476 4015 15
1489 3978 1496 4013 :
1509 3960 1581 4014 15-

240 4044 1291 4115 12=20:t2=5:3et20:15=t:3et15:12=5:t;
1321 4057 1456 4102 numeros
1485 4050 1586 4102 conlm

242 4129 292 4206 35,
311 4130 361 4202 20,
380 4131 420 4187 14
441 4146 500 4191 nnn
515 4130 619 4189 relerre
633 4132 850 4206 proportionem
871 4128 1079 4202 harmonicam,
1103 4130 1238 4204 quamvis
1254 4132 1287 4188 35
1300 4163 1333 4172 -
1344 4132 1379 4187 20
1391 4154 1397 4188 :
1410 4132 1446 4189 20
1457 4163 1490 4174 -
1506 4134 1538 4189 tt
1550 4154 1586 4179 =

241 4221 274 4276 35
292 4239 299 4275 ε
318 4220 405 4275 14=
423 4220 439 4276 5
457 4239 464 4275 ε
483 4220 500 4275 2
520 4215 695 4295 respondeat
715 4216 843 4294 regulae,
867 4222 968 4277 contra
990 4222 1023 4275 35
1042 4240 1049 4275 z
1068 4220 1154 4276 20:
1172 4222 1188 4276 7
1207 4239 1213 4273 :
1232 4227 1247 4271 t
1267 4218 1370 4275 etto:
1391 4218 1423 4272 tt
1441 4219 1586 4275 :10:7

241 4322 299 4365 non
321 4311 490 4364 consonent.
692 4370 698 4379 ,

344 4390 455 4467 Quarto
487 4392 583 4469 capite
612 4391 679 4452 libri
711 4391 788 4451 tertii
814 4390 959 4467 Keplerus
989 4388 1085 4466 pergit
1112 4388 1150 4450 ad
1178 4389 1333 4449 discrimen
1363 4390 1438 4448 inter
1466 4395 1585 4447 acutum

240 4484 271 4538 et
287 4495 386 4555 grava
409 4479 501 4541 altum
524 4488 553 4540 et
575 4477 759 4556 proluudum,
783 4481 857 4539 inter
878 4475 1034 4538 intervalla
1055 4479 1197 4537 concinna
1218 4485 1249 4537 et
1270 4493 1400 4536 consona
1421 4477 1450 4534 in
1473 4478 1586 4536 musica

241 4573 271 4626 et
292 4566 365 4626 haec
387 4570 513 4629 humens
540 4585 593 4644 per
620 4567 745 4629 tabellas
773 4574 936 4643 comparat,
966 4564 1004 4623 ad
1033 4582 1108 4641 quae
1130 4563 1330 4625 annotandum
1351 4570 1409 4637 est,
1439 4562 1584 4624 hocloco

188 4662 190 4671 ’
241 4661 271 4713 et
285 4655 507 4729 insequentibus
521 4672 610 4716 voces
624 4655 764 4731 duplam,
782 4653 954 4724 dimidiam,
969 4653 1141 4728 minoem,
1163 4652 1278 4711 eddius
1303 4654 1333 4709 iu
1348 4652 1585 4727 proportionibus

240 4742 356 4817 signare
378 4741 534 4817 quadrare,
557 4742 684 4803 radicem
707 4741 878 4819 quadratam
901 4740 1060 4814 extrahere,
1089 4738 1228 4813 dividere,
1257 4737 1460 4815 multiplicare.
1484 4772 1526 4782 —
1549 4738 1611 4797 In·

241 4827 299 4887 hoc
326 4830 422 4906 capite
451 4831 610 4907 explicatas
637 4831 725 4890 etlam
752 4829 884 4889 videmus
907 4844 1012 4887 vocesz
1042 4835 1140 4900 muto,
1170 4834 1259 4888 mnus
1287 4828 1396 4901 major,
1425 4827 1583 4904 memus,

241 4918 351 4991 minor,
373 4919 575 4993 smmum,
598 4918 693 4992 dictio,
716 4936 841 4980 comma
