3567 5625
258 390 321 457 392
773 381 921 451 Ptolemaei
938 383 1094 440 Harmonia.

258 576 390 636 terminis
412 564 622 650 prodeuntibus
644 561 704 620 iere
733 561 883 638 proportio
912 562 1034 621 orbium.
1079 564 1155 623 Nam
1177 567 1303 626 extimae
1324 563 1443 625 Saturni
1464 562 1606 640 sphaerae

259 666 400 723 diameter
421 662 446 717 si
468 653 507 714 ad
529 653 666 713 extimam
688 645 775 707 Jovis
797 649 902 708 flatui
925 650 1234 725 proslambanomenos
1265 652 1302 714 ed
1323 653 1452 729 hypaten
1475 652 1607 729 hypaton

262 753 350 824 8ter,
375 750 428 808 erit
450 744 539 820 igitur
561 738 598 797 ad
621 737 702 794 illam
724 743 756 794 61
781 738 861 795 6661
887 736 926 795 ad
949 739 1043 797 4096.
1074 740 1110 797 Et
1133 741 1157 799 si
1179 739 1267 800 iovis
1289 738 1327 798 ad
1349 735 1486 799 Martiam
1509 747 1608 798 estut

258 841 368 917 hypate
391 835 522 911 hypaton
539 830 558 884 4
575 824 613 883 ad
636 825 765 900 hypaten
788 840 886 906 mesen
905 827 922 882 3
940 833 991 898 ter,
1016 829 1069 885 erit
1091 829 1179 903 igitur
1201 827 1239 887 ad
1261 827 1341 886 illam
1364 835 1396 887 ut
1418 830 1480 887 256
1502 827 1540 885 ad
1556 828 1606 897 81,

260 936 289 987 et
311 927 354 984 sic
376 925 465 983 etlam
488 915 541 975 erit
564 912 672 971 Martia
704 910 741 968 ad
764 910 842 970 Solis
873 914 995 989 primam
1017 914 1187 991 sphaeram3
1219 914 1295 974 Solis
1324 932 1394 974 vero
1424 915 1607 974 adveneris

258 1015 382 1091 primam
404 1022 517 1067 rursum
540 1009 572 1060 ut
595 1016 673 1058 mese
697 1000 715 1057 9
739 998 777 1057 ad
799 1017 973 1075 paramesen
997 1002 1080 1073 8ter,
1104 1002 1133 1060 id
1157 1011 1259 1062 estut
1282 1004 1361 1062 6561
1387 1003 1425 1061 ad
1449 1004 1555 1076 4096,
1579 1009 1607 1062 et

237 1102 383 1160 ‘Veneris
411 1095 448 1156 ad
477 1089 614 1151 Mercurii
641 1095 674 1145 ut
705 1089 768 1147 256
798 1085 836 1144 ad
866 1089 922 1161 81,
957 1090 1000 1147 sic
1031 1090 1119 1149 etiam
1149 1087 1285 1150 Mercurii
1316 1093 1409 1166 prima
1438 1089 1476 1148 ad
1506 1089 1608 1149 Lunae

258 1193 535 1350 primagplioemm
554 1265 617 1340 jam
638 1262 694 1322 hae
718 1280 818 1322 omnes
847 1266 1049 1340 proportiones
1077 1268 1223 1325 communi
1254 1270 1440 1325 terminorum
1463 1282 1607 1338 mensura,

262 1370 294 1421 ut
316 1363 424 1421 haheat

414 1463 488 1510 Luna
609 1457 651 1514 81,
669 1457 768 1501 616666
787 1452 831 1500 dat
848 1456 1000 1503 asmonomis
1018 1457 1215 1506 semidiametros
1233 1457 1322 1507 Terrae
1410 1461 1452 1509 st.

294 1537 396 1584 venient
418 1530 543 1581 Mercurio
592 1527 642 1573 256
691 1559 1304 1579 ···············
1395 1530 1451 1578 167.

417 1601 510 1650 Venari
592 1596 642 1643 811
691 1629 1303 1660 ................
1376 1601 1451 1649 tutu.

415 1672 470 1723 8011
576 1667 642 1715 1312
691 1698 1303 1722 ...............
1377 1671 1452 1720 1116.

416 1742 492 1791 Marti
575 1738 643 1785 4141
693 1768 1002 1788 ........
1029 1783 1033 1798 ,
1038 1774 1304 1790 .......
1375 1741 1451 1789 8022.

413 1813 473 1862 ,lori
558 1808 641 1858 13101
690 1838 1304 1859 ...............
1362 1812 1453 1860 tastu.

415 1883 521 1932 Saturno
557 1879 643 1927 20493
691 1909 1303 1930 ...............
1358 1881 1450 1930 18691.

348 1969 388 2034 Ut
410 1985 524 2046 semper
546 1964 690 2025 inferioris
711 1959 884 2037 longissima
911 1961 1049 2023 distantia
1072 1986 1092 2026 a
1113 1967 1205 2027 Terra
1227 1971 1266 2028 sit
1287 1971 1445 2046 superioris
1467 1970 1609 2030 brevissi-

263 2078 330 2120 mae
353 2057 496 2133 aequalis.
540 2055 594 2112 Est
624 2053 713 2128 igitur
740 2052 889 2125 proportio
918 2054 1073 2127 primarum
1104 2054 1294 2131 sphaerarum
1321 2059 1350 2114 in
1378 2056 1487 2116 mundo
1518 2058 1610 2117 multo

262 2148 380 2226 quidem
403 2144 497 2219 major
519 2141 705 2219 proportione
729 2134 902 2196 chordarum
924 2140 1072 2199 stabilium
1096 2146 1264 2217 systematis
1287 2145 1419 2222 perlecti,
1452 2153 1484 2203 at
1507 2146 1612 2203 similis

260 2246 358 2295 tamen
381 2232 423 2292 illi
446 2225 663 2308 quodammodo
693 2221 880 2284 nihilomiuus
904 2235 968 2298 est3
1000 2236 1030 2286 61
1055 2228 1188 2289 similiter
1214 2230 1271 2291 iere
1299 2249 1409 2309 magna
1440 2232 1487 2291 rel
1518 2250 1613 2308 parra

263 2332 308 2384 est
339 2324 368 2380 in
398 2316 643 2396 respondentibus
671 2311 728 2372 sibi
760 2320 861 2371 mutuo
885 2312 1001 2372 chordis
1023 2324 1052 2375 et
1080 2316 1229 2393 sphaeris,
1262 2327 1294 2378 61
1317 2322 1346 2377 16
1369 2320 1612 2396 praecedentibus

262 2414 336 2470 inter
357 2427 390 2469 se
413 2408 598 2467 consociatae
621 2409 651 2462 et
673 2407 859 2473 comparatae
882 2401 1006 2464 inerunt.

335 2491 420 2565 111616
438 2508 459 2560 1.
496 2503 557 2558 Etsi
576 2507 658 2570 eaput
675 2500 728 2553 hoc
747 2499 814 2553 nibil
831 2499 916 2553 habet
933 2515 949 2552 a
966 2500 1122 2556 Ptolemaeo
1145 2504 1197 2556 nisi
1221 2503 1345 2569 titulum,
1369 2505 1559 2560 tractationem
1580 2519 1614 2560 ex

260 2606 317 2645 me:
337 2590 401 2658 quia
418 2596 509 2640 tamen
526 2582 596 2636 hanc
615 2595 665 2647 ego
683 2577 718 2633 ad
737 2579 845 2647 genium
863 2578 1083 2647 praecedentium
1100 2580 1257 2636 Ptolemaiei
1276 2584 1366 2651 operis
1385 2584 1504 2652 capitum
1523 2584 1614 2653 adque

258 2672 376 2722 mentem
393 2661 541 2719 Ptolemaei
560 2677 615 2715 666
633 2657 703 2714 male
721 2657 815 2712 ridear
833 2658 1024 2726 concinnasse,
1047 2659 1105 2725 jam
1131 2661 1212 2715 etiarn
1231 2662 1315 2731 harre,
1338 2662 1422 2717 veluti
1441 2664 1465 2717 si
1484 2674 1559 2718 esset
1579 2665 1613 2719 ab

260 2749 320 2817 ipso
339 2743 497 2799 Ptolemaeo
516 2740 626 2808 scripta,
645 2737 720 2792 lubet
740 2738 904 2791 examinare.
941 2737 993 2791 Illa
1011 2754 1074 2792 rere
1092 2741 1233 2807 tractatio,
1248 2758 1318 2809 quae
1335 2742 1378 2797 his
1396 2743 1513 2797 residuis
1531 2743 1614 2798 trium

260 2823 380 2892 capitum
399 2819 485 2876 titulis
503 2819 679 2887 subjungitur
705 2818 733 2872 in
752 2818 902 2886 exemplari
928 2835 988 2872 meo
1016 2821 1212 2889 manuscripto,
1227 2822 1311 2889 inque
1337 2822 1461 2876 versione
1480 2824 1615 2893 Gogsriui

259 2899 358 2969 latina,
384 2914 454 2969 quae
472 2904 515 2953 est
533 2912 634 2953 excusa
651 2898 773 2952 Venetiis
791 2913 862 2952 anno
881 2899 964 2966 1562,
983 2898 1093 2967 indigna
1110 2900 1175 2954 mihi
1194 2908 1236 2956 est
1253 2901 1323 2971 risa,
1342 2916 1412 2970 quae
1429 2902 1484 2955 hnc
1501 2901 1615 2956 referre-

261 2987 314 3035 tur.
349 2980 444 3048 Neque
462 2977 532 3032 enim
551 2984 593 3030 est
611 2976 697 3044 ipsius
716 2974 872 3039 Ptolemaei,
891 2991 980 3044 neque
998 2977 1036 3031 ita
1053 2978 1155 3046 scripta
1173 2987 1229 3049 est,
1248 2988 1279 3033 61
1297 2996 1330 3033 ex
1348 2979 1522 3035 Ptolemsieis
1540 2982 1615 3050 pria-

262 3058 339 3127 cipiis
357 3056 514 3111 continuata
530 3053 614 3109 rideri
639 3054 727 3122 666611
754 3054 788 3109 ab
806 3053 989 3123 intelligente,
1017 3062 1049 3109 ut
1067 3055 1262 3111 demonstrarit
1290 3057 1370 3112 rebus
1397 3058 1569 3115 evidentibus
1588 3066 1617 3115 et

261 3135 451 3190 mathematica
469 3132 597 3187 methodo
617 3131 742 3186 Barlaam
760 3130 909 3186 monachus
927 3134 954 3187 16
972 3133 1064 3188 libello
1083 3146 1191 3204 graeco,
1209 3151 1287 3203 quern
1305 3135 1446 3205 logistiese
1465 3153 1532 3192 suae
1550 3140 1616 3194 sub·

258 3214 359 3283 junxit,
379 3228 458 3280 quem
476 3210 691 3279 manuscriptum
709 3226 742 3263 ex
762 3210 832 3263 dono
850 3211 876 3265 J.
898 3210 930 3265 G.
949 3212 1082 3266 Heruarti
1100 3212 1237 3281 possideo.

348 3301 422 3355 Nota
439 3299 474 3353 II.
513 3298 611 3352 «Primi
629 3298 747 3352 numeri»
768 3298 912 3367 dupliciter
935 3298 1075 3368 dicuntur,
1102 3299 1144 3354 rel
1167 3300 1304 3371 absolute,
1332 3306 1542 3375 61111616,
1572 3307 1617 3361 rel

166 3395 171 3413 ¹
263 3380 363 3449 relate,
387 3385 418 3434 61
437 3392 497 3434 cum
515 3391 604 3431 meses
623 3377 657 3430 ad
676 3393 836 3446 paramesen
860 3381 1000 3448 proportio
1018 3381 1178 3449 exprimitur
1196 3382 1315 3437 numeris
1333 3384 1363 3451 9,
1387 3384 1494 3439 816166
1512 3402 1543 3441 66
1561 3387 1618 3457 pri·

264 3459 329 3524 mis,
358 3456 422 3525 quia
440 3456 575 3510 communi
593 3456 708 3511 (11616666
735 3465 835 3511 carent.
873 3458 918 3513 Sic
941 3460 1132 3516 semidiametri
1156 3461 1229 3516 orbis
1246 3462 1341 3517 Lunae
1359 3464 1498 3531 proportio
1517 3467 1553 3521 ad
1572 3483 1617 3520 se-

263 3536 461 3592 midiametrum
479 3535 553 3590 orbis
572 3528 643 3590 Solis
662 3535 811 3590 seeundum
835 3545 954 3591 veterem
973 3541 1165 3593 astronomiam
1184 3547 1226 3595 est
1244 3555 1290 3610 ea,
1319 3556 1389 3609 quae
1410 3545 1420 3596 1
1442 3542 1477 3596 sd
1497 3545 1530 3599 19
1549 3544 1618 3600 iere.

262 3615 395 3685 Proponit
417 3615 500 3683 igitur
522 3616 566 3669 hie
584 3614 756 3675 Ptolemaeus
783 3614 885 3683 ahquid
911 3616 1108 3687 indagandum,
1136 3621 1209 3687 quod
1234 3621 1262 3674 in
1290 3635 1340 3673 suo
1359 3635 1442 3688 opere
1459 3622 1563 3691 Magno
1582 3625 1619 3679 de

265 3695 352 3750 stellis
371 3694 473 3766 scripto
491 3695 610 3751 nondum
636 3694 823 3762 indagaverat;
853 3693 972 3762 quinque
1000 3695 1070 3749 eninr
1095 3696 1263 3757 residuorum
1287 3698 1391 3754 orbium
1419 3704 1562 3770 proportio
1582 3703 1619 3758 ad

262 3777 343 3831 orbes
361 3774 431 3829 Solis
446 3782 474 3830 61
490 3776 586 3831 Lunae
603 3774 631 3829 in
648 3773 804 3829 Ptolemaeo
823 3772 1000 3830 desideratur.

348 3863 421 3917 Nota
436 3862 486 3916 III.
521 3862 612 3916 Prima
630 3861 748 3930 sphaera
765 3862 899 3930 cujusque
917 3859 1042 3930 61666166
1068 3872 1111 3918 661
1129 3864 1241 3929 mama,
1269 3866 1388 3935 reliquas
1414 3867 1461 3922 uni
1486 3868 1619 3937 planetae

263 3942 432 3997 necessarias
451 3940 601 3996 includens.
637 3940 744 3994 Dicitur
761 3954 778 3992 a
796 3938 949 3994 Pnrbsehio
968 3941 1139 3997 concentrica
1157 3943 1199 3997 rel
1218 3943 1344 3999 deferens
1363 3945 1456 4001 nodos.

349 4028 422 4083 Nota
439 4029 485 4083 IV.
523 4027 617 4096 Capite
642 4028 666 4081 8.
685 4028 740 4083 (166
763 4025 885 4081 membra
907 4028 1010 4083 iecerat
1034 4031 1242 4101 comparationis
1259 4048 1350 4087 rerum
1369 4034 1534 4090 musicarum
1554 4008 1619 4093 edm

263 4107 439 4165 coelestibus.
475 4106 609 4162 Generale
627 4122 718 4175 unum,
738 4106 853 4161 alterum
872 4106 1017 4175 sinmre.
1053 4108 1192 4164 Hactenus
1215 4110 1297 4178 igitur
1318 4127 1368 4180 per
1386 4127 1434 4165 sex
1452 4114 1620 4185 666116661-

263 4206 335 4245 mum
354 4190 502 4243 membrum
515 4185 571 4240 luit
588 4185 622 4240 de
640 4186 757 4259 61666116
775 4186 802 4239 16
820 4200 931 4254 genere:
959 4186 1082 4254 sequitur
1098 4203 1170 4242 nunc
1188 4189 1275 4244 tribus
1293 4190 1403 4259 reliquis
1422 4192 1559 4261 capitibus
1579 4196 1619 4251 al·

264 4277 352 4323 terum
370 4266 405 4321 de
424 4267 544 4334 singulis.

350 4358 422 4412 Nota
439 4358 470 4411 V.
507 4356 585 4424 Quod
610 4357 693 4426 igitur
711 4356 841 4425 sphaeras
860 4362 1000 4424 comparat
1027 4353 1101 4410 sonis
1119 4355 1279 4423 stabilibus,
1307 4356 1372 4411 nihil
1390 4356 1428 4411 illi
1446 4357 1535 4429 iavet,
1564 4362 1620 4416 nisi

265 4451 393 4492 numerus
412 4436 539 4503 utrinque
557 4436 636 4491 idem.
672 4435 773 4491 Perse
792 4434 960 4490 insociabilia
979 4442 1042 4488 sunt
1060 4451 1181 4503 corpora,
1201 4452 1270 4504 quae
1288 4444 1364 4505 6661,
1382 4444 1410 4491 61
1428 4446 1518 4494 motus
1538 4441 1620 4497 ehor-

264 4515 373 4583 darum,
392 4530 462 4584 quae
480 4522 630 4583 nodarat,
658 4515 706 4573 sed
723 4519 807 4584 6661,
834 4530 950 4583 corpora
968 4530 1002 4567 ex
1021 4519 1169 4583 systemate
1186 4516 1337 4583 coelorum,
1365 4517 1438 4585 quod
1456 4519 1532 4573 Deus
1550 4522 1621 4576 iecit

265 4595 471 4663 rationibusque
491 4609 593 4650 summe
611 4596 772 4651 necessariis
790 4593 980 4661 conformavit,
1006 4600 1034 4648 et
1052 4595 1171 4650 chordae
1189 4612 1222 4650 er
1240 4588 1386 4664 systemate
1404 4599 1524 4653 musico.
1542 4603 1621 4670 quod

265 4674 384 4728 humano
402 4674 499 4729 saltem
518 4674 629 4728 arbitrio
648 4675 844 4730 conformatum
863 4674 903 4728 sic
921 4680 974 4741 est,
1003 4690 1063 4728 eum
1091 4676 1226 4743 potuisset
1249 4674 1329 4730 etiam
1352 4676 1432 4731 aliter
1454 4677 1621 4734 conformari

265 4754 293 4807 in
311 4752 454 4808 nonnullis.
490 4753 626 4809 concinne
644 4755 753 4822 quidem
771 4754 904 4823 sphaerae
926 4752 1046 4821 chordis,
1065 4761 1155 4809 motus
1174 4769 1243 4809 vero
1256 4753 1433 4822 sphaerarum
1452 4757 1574 4812 motibus
1593 4764 1622 4812 61

266 4831 340 4897 souis
359 4832 519 4890 chordarum
538 4834 689 4906 comparari
711 4832 796 4891 rideri
814 4833 932 4905 possint:
958 4838 986 4887 at
1003 4832 1071 4888 haec
1097 4832 1233 4889 1161166116
1255 4832 1337 4904 66616
1355 4832 1418 4903 plus
1436 4834 1522 4889 nihilo
1540 4836 1619 4906 dicit,
