3567 5625
270 390 334 451 itit)
704 380 746 436 Da
763 379 987 461 Propertionihus
1005 379 1183 439 Harmorrisis.

271 580 325 623 nec
346 565 376 619 iu
397 558 603 631 scurrilitatem
630 576 694 619 sese
717 559 903 637 profundant.
949 560 1073 617 Rursum
1103 561 1176 621 haec
1198 576 1255 620 non
1279 563 1451 638 compositIo
1471 572 1520 621 est
1541 564 1617 623 inte-

270 667 387 727 gramm
410 650 589 726 specierum,
611 646 664 706 sed
689 645 810 705 violatio
832 646 987 719 nonnulla,
1011 656 1044 704 ut
1066 647 1234 707 harmonica
1257 650 1371 707 existat.

358 734 409 796 Vl.
434 733 480 793 Ad
504 725 714 793 arithmeticam
735 736 861 810 pertinet
882 734 1106 809 aequalitatem,
1139 734 1218 811 quod
1240 737 1402 810 antiquitus
1431 744 1529 824 patres
1552 754 1616 796 cum

270 825 356 902 plebe
378 824 543 900 promIscuo
566 838 704 880 consessu
725 820 811 879 ludos
834 830 966 913 spectare
989 821 1077 894 soliti,
1101 821 1138 880 ad
1162 825 1367 897 geometricam
1386 814 1616 925 proportionem,

271 910 350 988 quod
379 917 483 989 postea
513 915 610 985 patres
638 926 656 966 a
685 908 769 985 plebe
796 909 930 984 sejuncti
976 908 1041 967 Hoc
1072 909 1187 985 quidem
1213 910 1256 968 sic
1278 920 1337 980 ιιι,
1370 913 1396 967 si
1422 911 1503 969 solos
1532 909 1617 970 ludos

272 997 445 1059 consideres
492 996 530 1054 At
552 998 578 1054 si
601 996 738 1055 universa
761 998 834 1071 reip.
856 996 1008 1054 commoda
1033 1000 1217 1055 aucmentis
1241 996 1393 1072 complexu
1416 1006 1525 1069 tensas,
1552 1015 1617 1057 cum

275 1104 311 1145 ex
334 1087 369 1143 iis
391 1084 516 1161 plurima
538 1083 670 1161 patribus
694 1082 845 1141 vindicata
869 1085 974 1142 luerint
996 1085 1110 1149 ratione
1133 1085 1324 1160 geometrica,
1354 1084 1465 1160 populo
1492 1086 1616 1159 secluso,

270 1174 408 1250 pertinuit
430 1170 565 1247 equidem
587 1170 661 1229 haec
683 1171 749 1247 ipsa
772 1172 799 1226 in
823 1169 900 1228 ludis
925 1173 1075 1245 utriusque
1095 1172 1204 1230 ordinis
1227 1174 1402 1247 exaequatio
1425 1171 1462 1229 ad
1486 1180 1617 1232 contem-

168 1316 171 1323 ,
270 1262 450 1338 perationem
473 1257 562 1330 illam,
586 1274 673 1317 sensu
695 1256 802 1316 Bodiui
825 1258 1022 1317 harmonicam
1046 1261 1135 1317 totius
1157 1259 1338 1334 gubernandi
1359 1259 1484 1333 lormaa;
1509 1262 1617 1341 qnippe

271 1365 330 1424 qua
360 1354 390 1406 ιι
411 1345 494 1422 plebs
517 1344 728 1417 deliniebatur,
762 1354 794 1402 ut
815 1348 898 1420 pueri
920 1346 1016 1404 solent
1038 1346 1124 1405 rebus
1158 1344 1305 1421 leviculis,
1334 1345 1431 1421 adque
1454 1346 1616 1421 diligendos

272 1433 386 1495 ordines
408 1435 572 1509 superiores
595 1432 783 1503 invitabatur,
807 1448 903 1507 nequo
926 1434 1082 1508 quicquam
1106 1433 1301 1509 derogabatur
1322 1432 1456 1510 dignitati
1474 1433 1616 1493 ordinum.

272 1520 404 1597 Quadrat
425 1523 513 1579 etiam
536 1519 574 1578 ad
597 1537 678 1578 meas
701 1518 883 1591 medietates,
909 1527 1054 1595 quatenns
1069 1524 1218 1596 proportio
1242 1537 1299 1578 nou
1315 1528 1437 1594 tenetur,
1462 1532 1492 1579 ιιι
1515 1528 1618 1581 tenea·

271 1617 318 1671 tur
340 1607 503 1668 concordia.
548 1606 664 1665 Prius*
656 1623 685 1664 ιιι
708 1609 793 1665 certis
815 1608 949 1682 personis
973 1606 1106 1665 ordinum
1130 1607 1324 1682 derogabatur
1344 1607 1517 1683 analogiae,
1540 1627 1618 1669 nnuc

272 1698 300 1754 iu
325 1697 410 1756 certis
431 1695 575 1771 praemiis

359 1782 427 1841 VIL
452 1781 604 1839 Amicitias
626 1782 737 1838 animat
760 1779 927 1838 harmonica
950 1783 1188 1856 contemperatio
1233 1779 1320 1856 Quod
1336 1782 1412 1842 enim
1435 1790 1480 1840 est
1503 1783 1531 1840 in
1548 1800 1617 1859 pro·

270 1872 405 1947 portione
435 1867 656 1940 concordantia,
686 1866 743 1925 hoc
771 1873 816 1924 est
843 1868 871 1921 in
904 1868 993 1925 totius
1021 1867 1166 1926 humanae
1190 1870 1268 1926 vitas
1296 1869 1408 1927 ambitu
1440 1886 1535 1943 amor,
1567 1873 1617 1946 qui

272 1955 492 2016 tundamentum
515 1963 560 2015 est
581 1955 737 2013 amicitiae.
784 1952 896 2028 Quodsi
918 1972 998 2013 mera
1021 1954 1184 2029 aequalitas
1208 1956 1368 2015 ciliciorum
1390 1954 1537 2016 inducitur
1552 1957 1616 2033 lege

273 2043 464 2115 arithmetica,
486 2040 568 2100 nulla
590 2045 644 2099 erit
666 2043 721 2099 nisi
746 2043 819 2099 inter
841 2041 981 2117 aequales
1004 2045 1148 2114 curicitia3
1173 2051 1201 2102 ιι
1223 2044 1249 2100 si
1266 2045 1340 2101 iuter
1355 2043 1524 2119 inaequales
1540 2063 1617 2104 ruera

274 2140 304 2192 ot
326 2132 471 2208 exquisita
499 2128 658 2188 similitudo
687 2127 846 2188 officiorum
868 2131 1060 2202 geometrica,
1089 2130 1282 2206 neutrohique
1309 2132 1437 2190 amicitia
1465 2134 1534 2203 erit,
1566 2132 1617 2190 sad

272 2219 312 2277 ibi
336 2227 479 2295 perpetua
499 2218 660 2292 negotiatio
683 2215 914 2290 nundinatioqne
938 2214 1108 2288 ciliciorum,
1132 2216 1274 2275 commodi
1298 2220 1344 2275 sui
1367 2227 1473 2289 causa,
1493 2218 1542 2278 hic
1564 2238 1617 2279 ne·
1680 2212 1683 2217 ’

273 2307 399 2366 ιιιιιιίι
426 2306 541 2381 patroni
569 2311 599 2364 et
629 2303 743 2362 clientis
774 2305 968 2372 consociatio,
997 2303 1079 2362 nulla
1107 2304 1215 2361 amoris
1245 2303 1470 2372 demonstrandi,
1489 2305 1617 2377 libertas,

273 2392 345 2451 nihil
375 2400 578 2469 spontaneum.
625 2392 763 2449 Amicitia
791 2391 844 2448 etsi
874 2392 1031 2449 consistere
1063 2408 1127 2450 cnut
1156 2391 1262 2450 crebris
1286 2392 1397 2466 iujuriis
1429 2409 1487 2449 non
1509 2400 1616 2468 potatu,

272 2481 353 2557 leges
384 2487 480 2539 ιιιιιιιι
503 2480 614 2554 respuit
643 2480 801 2554 omniaque
827 2475 865 2536 ad
887 2478 1017 2537 sobrium
1044 2486 1074 2536 et
1095 2495 1198 2537 sanum
1221 2482 1328 2538 amoris
1351 2481 1502 2539 arbitrium
1523 2481 1618 2551 refert,

274 2585 350 2628 nunc
374 2566 513 2643 aequalia
534 2564 711 2642 rependens,
740 2580 817 2622 nunc
839 2564 1084 2640 proportionalia,
1114 2574 1158 2624 est
1180 2566 1229 2622 ubi
1257 2577 1373 2639 centra,
1403 2584 1516 2642 sempor
1539 2567 1618 2639 talia,

276 2650 351 2731 q'uae
382 2672 434 2731 pro
461 2660 585 2712 renata
613 2653 708 2713 lacere
732 2650 867 2709 ridentur
889 2650 927 2709 ad
950 2656 1201 2711 conservationem
1226 2657 1349 2723 amoris,
1384 2656 1432 2729 qui
1457 2656 1559 2728 etiam,
1589 2663 1621 2717 ut

273 2743 428 2801 harmonia
450 2740 639 2799 dissonantiis
662 2746 691 2797 ιι
713 2746 745 2796 ut
768 2740 843 2813 ignis
865 2738 931 2796 ferri
954 2738 1044 2816 stylo,
1071 2740 1178 2797 luditur
1201 2741 1312 2817 injuriis
1334 2741 1483 2800 nonnullis
1505 2760 1621 2801 earum·

171 2883 175 2890 ,
277 2847 333 2907 que
356 2828 570 2888 condonatione
591 2829 721 2903 gratuita
744 2829 820 2886 vires
842 2836 974 2884 renovat.

361 2915 446 2974 VIII.
471 2913 690 2989 Aequalitatem
712 2912 925 2992 arithmeticam
941 2913 1072 2972 Bodinus
1095 2913 1212 2988 pulchre
1228 2923 1378 2991 comparat
1395 2916 1512 2991 regulae
1527 2915 1620 2992 Poly·

275 3002 343 3063 cleti
363 3003 482 3076 lerreac,
507 3018 583 3077 quae
607 3001 700 3077 frangi
723 3001 914 3077 priusquam
938 3000 1014 3060 flecti
1037 3011 1152 3075 posset,
1176 3000 1395 3061 similitudinem
1416 3003 1620 3076 geometricam

274 3089 393 3166 regulae
409 3088 534 3149 Lesbiae
556 3088 720 3164 plumbeae,
745 3104 820 3163 qnae
843 3088 978 3146 omnibus
1000 3088 1118 3162 angulis
1139 3087 1422 3150 accommodabatnr.
1465 3089 1533 3165 Ipse
1552 3091 1622 3149 har·

274 3178 419 3237 monicum
442 3178 656 3252 proportionem
679 3192 750 3233 suae
774 3173 950 3233 definitionis
973 3175 1128 3236 adumbrat
1150 3174 1251 3250 regula
1270 3175 1376 3252 lignea,
1399 3193 1475 3251 quac
1498 3177 1623 3236 flectitur

275 3263 407 3341 quidem,
429 3272 465 3336 atj
483 3281 499 3322 ι
522 3264 648 3339 vestigio
670 3261 752 3320 redit.

361 3349 419 3411 IX.
439 3349 477 3409 >In
500 3351 711 3426 gubernatione
734 3350 827 3407 omnis
849 3350 965 3424 generis
988 3348 1154 3426 politiorum
1177 3350 1254 3423 rigor
1276 3348 1372 3425 legum
1396 3357 1425 3408 et
1443 3349 1554 3424 judicis
1577 3351 1623 3416 cle

277 3437 376 3499 licium
398 3445 602 3514 comparantur
626 3435 797 3514 aequalitati
820 3436 1030 3509 arithmeticae,
1055 3453 1114 3510 qua
1136 3452 1194 3492 ιιοιι
1219 3444 1330 3496 tantum
1354 3454 1438 3496 snum
1458 3440 1566 3513 cuique
1585 3438 1624 3498 ad

276 3526 417 3586 amussim
438 3526 583 3598 tribuitur,
607 3524 770 3596 sedetiam
794 3540 905 3600 poenae
929 3526 1091 3598 irrogantur
1115 3521 1349 3599 delinquentibus
1375 3524 1537 3600 aequaliter
1558 3527 1623 3585 siue

275 3630 463 3691 personarum
478 3619 622 3688 respectu,
650 3621 678 3671 ct
700 3629 759 3687 qua
782 3609 1000 3685 adstringuntur
1019 3609 1135 3686 judices
1162 3609 1198 3668 ad
1223 3609 1302 3688 leges
1324 3610 1421 3687 adque
1443 3612 1572 3687 allegata
1594 3622 1624 3673 et

276 3701 407 3780 probata,
430 3707 463 3758 ut
484 3699 642 3760 secundum
666 3716 716 3757 ιιι
736 3696 876 3774 Judicent,
902 3699 1016 3757 etiamsi
1040 3700 1157 3773 iniquae
1178 3696 1261 3774 leges
1276 3698 1439 3757 videantur.
1488 3701 1622 3758 Vicissim

276 3787 410 3862 aequitas
440 3794 470 3846 ιι
499 3786 649 3845 arbitrium
679 3788 866 3860 magistratus
899 3802 1025 3855 merum,
1057 3787 1107 3860 qui
1131 3793 1227 3844 tamen
1256 3785 1350 3845 honus
1373 3787 1411 3844 sit
1439 3794 1470 3845 ιι
1491 3804 1527 3845 ex
1550 3804 1623 3845 con·

276 3871 399 3950 scientia
420 3880 498 3948 agat,
521 3875 714 3946 geometricae
738 3871 893 3947 analogiae
916 3880 1048 3954 uatumm
1073 3870 1175 3929 induit.
1223 3873 1262 3929 ht
1283 3872 1413 3931 Bodinus
1436 3872 1623 3934 harmonicae

277 3962 552 4037 contemperationis
576 3959 709 4034 exemplo
730 3957 857 4017 medium
881 3961 1037 4034 interponit
1060 3959 1186 4017 officium
1212 3959 1257 4017 vel
1272 3960 1452 4036 superiorum
1468 3962 1623 4036 curiarum,

258 4047 326 4108 'rei
353 4049 497 4120 omnium,
529 4045 577 4106 vel
606 4048 710 4104 summi
740 4047 957 4121 magistratus,
978 4045 1084 4120 quibus
1114 4063 1209 4122 neque
1238 4046 1306 4105 licet
1335 4064 1372 4105 ex
1393 4048 1511 4106 arbitrio
1535 4066 1623 4122 agera

277 4151 356 4196 mero
379 4141 409 4194 et
431 4143 528 4193 tamen
551 4135 732 4211 permittitur,
755 4140 789 4192 ut
810 4132 890 4208 leges
913 4149 966 4210 pro
989 4134 1100 4192 ratione
1116 4136 1398 4194 circumstantiarum
1414 4135 1540 4206 flectant,
1563 4153 1622 4195 uon

279 4229 425 4298 trangsnt,
449 4229 478 4281 et
501 4239 552 4296 eas
574 4223 603 4277 in
623 4220 743 4298 judiciis
766 4220 926 4280 sectandum
949 4222 1126 4303 aequitatem
1144 4223 1373 4297 interpretantur,
1397 4229 1430 4279 ut
1452 4231 1547 4280 ιιιιιιιι
1570 4241 1624 4298 par

277 4309 440 4390 singulares
461 4311 607 4370 curiarum
629 4309 788 4368 sententias
809 4307 881 4365 nihil
904 4307 962 4383 legi
987 4307 1148 4382 derogetur.
1194 4308 1266 4367 Vult
1288 4308 1369 4384 leges
1390 4308 1490 4367 haberi
1512 4310 1623 4369 similes

278 4416 350 4458 suaa
378 4413 513 4468 normae,
544 4403 577 4454 ut
607 4396 712 4455 cadant
734 4394 850 4471 quidem
879 4398 908 4452 in
931 4396 1051 4460 flexum.
1083 4403 1114 4453 at
1143 4397 1242 4454 statim
1264 4395 1393 4456 redeant.
1437 4393 1623 4472 Quamquam

279 4485 335 4546 hoc
357 4485 424 4544 loco
446 4482 578 4544 Bodinus
606 4482 740 4560 exemplo
763 4500 816 4541 suo
839 4500 940 4542 verum
964 4481 1190 4554 demonstrarit,
1222 4483 1300 4559 quod
1331 4483 1367 4542 de
1384 4483 1459 4558 juris
1482 4482 1623 4544 consultis

281 4572 474 4632 affirmaverat
505 4579 606 4630 antea:
637 4573 718 4647 ipsos
747 4570 953 4628 mathematica
985 4572 1041 4628 ista
1070 4578 1188 4646 propter
1214 4572 1259 4629 sui
1289 4571 1496 4630 obscuritatem
1525 4573 1623 4630 minus

280 4662 437 4737 percipere.
481 4658 557 4717 Nam
579 4674 637 4716 non
658 4657 785 4734 quadrat
807 4657 871 4733 ejus
894 4655 929 4715 de
951 4659 1077 4715 numeria
1101 4656 1258 4732 disputatio
1289 4657 1327 4715 ad
1350 4674 1480 4716 normam
1502 4667 1621 4719 noemae

282 4746 462 4826 disciplinae,
486 4762 550 4805 cnm
573 4745 629 4817 ait,
652 4746 713 4805 lieri
734 4762 793 4804 noo
815 4760 915 4821 posse,
940 4752 971 4802 ut
991 4746 1141 4821 proportio
1163 4748 1355 4819 geometrica,
1382 4762 1457 4820 quas
1480 4753 1525 4805 est
1548 4748 1623 4809 inter

282 4841 406 4919 quatuor
436 4834 588 4910 terminos,
623 4829 685 4894 ulla
713 4834 901 4896 terminorum
932 4832 1156 4912 transpositione
1181 4828 1283 4911 pereat
1309 4830 1488 4908 eandemque
1517 4835 1623 4896 asserit
