3567 5625
257 400 331 462 ,444
586 359 589 370 Ι
733 396 899 467 Appendiois
916 397 1139 452 Harmonicornrn

266 575 407 635 menone
436 571 584 636 dividatur
613 580 642 633 et
670 574 822 650 quaelibet
851 574 1053 637 denominetur
1083 594 1102 636 a
1131 593 1251 637 numero
1283 551 1506 647 cancianorum,
1539 588 1616 649 qnae

266 664 369 739 recipit
389 664 502 721 unitate
525 669 621 733 aucta,
644 663 714 737 quia
737 680 790 739 pro
813 663 976 723 intervallis
999 667 1137 725 terminos
1166 666 1277 723 unitate
1299 662 1397 740 plures
1420 677 1616 720 numeramus.

353 749 418 823 Hie,
442 751 548 825 inquis,
571 749 766 809 mueidcrotie
787 768 870 809 more
892 756 1078 827 geometrico.
1124 750 1149 811 Ο
1172 760 1339 828 geometrae
1362 749 1537 819 concurrite,
1569 749 1616 804 in·

267 839 381 914 quirice,
404 838 428 896 si
452 837 608 912 qnisquam
630 854 645 895 e
668 846 765 896 vestro
790 855 908 897 numero
930 842 976 911 sit,
1000 843 1050 916 qui
1073 839 1294 916 praecedentem
1309 838 1429 897 Roberti
1453 837 1616 896 orationem

266 924 420 998 intelligat
467 925 569 996 Patet,
597 927 721 984 minora
744 927 908 986 interuallo
931 944 989 986 crac
1010 929 1168 1003 simplicio.
1214 927 1276 986 Nec
1304 925 1360 984 hoc
1387 933 1467 1001 patet
1493 940 1529 981 ex
1558 925 1616 982 tuis

267 1011 566 1083 considerationibus,
595 1028 649 1070 uec
671 1029 727 1086 ego
750 1016 855 1089 negavi
880 1030 1023 1091 unquam,
1052 1026 1165 1091 partem
1188 1013 1341 1073 formalem
1368 1030 1432 1071 esse
1454 1008 1617 1087 simplicio·

265 1118 327 1160 rem
350 1107 412 1158 toto
435 1115 504 1171 suo,
536 1097 589 1157 sed
611 1097 666 1157 hoc
689 1098 788 1158 docui:
818 1100 966 1177 simplices
990 1102 1043 1162 has
1066 1111 1179 1180 partes,
1211 1119 1286 1177 quaa
1309 1102 1453 1160 concinna
1483 1098 1615 1170 dicimus,

267 1197 330 1248 ono
360 1190 536 1265 posteriores
565 1203 628 1244 esse
658 1189 855 1246 consonantiis
885 1192 973 1264 ipsis,
1004 1193 1099 1249 itaut
1129 1192 1352 1259 consonantiae,
1384 1204 1474 1246 causa
1496 1184 1616 1260 quidem

266 1293 337 1336 suae
360 1275 540 1351 quantitatis,
564 1290 621 1331 nou
645 1290 735 1333 causa
757 1274 917 1351 qualitatis,
941 1279 969 1334 in
993 1276 1044 1337 iiie
1067 1280 1210 1337 concinna
1232 1285 1338 1336 natura
1357 1274 1431 1334 duce
1445 1272 1615 1332 dissolvan-

267 1372 313 1422 tur
335 1379 388 1421 seu
412 1357 687 1439 distinguantur.⁵¹‘)

354 1447 431 1523 Quid
455 1467 510 1525 ego
533 1465 611 1507 nunc
634 1446 729 1508 dicam
752 1447 787 1508 de
810 1451 1019 1525 sequentibus,
1044 1453 1092 1511 uhi
1115 1451 1210 1510 videri
1234 1451 1316 1523 dicia,
1339 1450 1415 1508 hanc
1438 1465 1503 1508 esse
1524 1449 1617 1507 ratio·

268 1553 334 1594 nem
359 1554 453 1594 meam
475 1535 675 1612 productionis
699 1538 904 1595 concinnerum
927 1556 946 1596 a
969 1542 1114 1617 consonis,
1140 1538 1218 1616 quod
1243 1539 1354 1597 scilicet
1377 1537 1483 1596 cubum
1506 1551 1616 1612 agnos·

268 1641 332 1684 cem
354 1626 574 1702 primigenium,
604 1621 691 1698 idque
712 1623 788 1682 libro
812 1624 848 1680 V.
895 1626 1009 1686 duest
1036 1626 1097 1685 ulla
1125 1628 1219 1702 magis
1249 1627 1350 1701 iniqua
1376 1626 1524 1701 perversio
1550 1640 1616 1681 rer-

267 1712 384 1777 horum‚
416 1713 511 1786 scopi,
547 1709 702 1769 methodii
746 1710 824 1786 Quid
853 1713 929 1770 cubo
961 1732 1027 1773 curn
1057 1723 1121 1773 ortu
1157 1711 1387 1773 concinnatum?
1432 1709 1510 1790 Quid
1541 1709 1616 1768 lihro

267 1815 331 1858 meo
355 1798 392 1871 V,
415 1799 465 1858 ubi
489 1800 630 1858 musicam
653 1799 680 1855 in
705 1799 804 1858 coelos
828 1799 946 1872 induco,
976 1820 1041 1860 cum
1064 1802 1138 1862 libro
1162 1791 1222 1874 Ill,
1252 1801 1302 1859 ubi
1326 1800 1465 1858 musicam
1496 1815 1531 1857 ex
1556 1798 1615 1856 suis

267 1888 414 1964 principiis
437 1885 549 1961 gigno?
594 1882 730 1957 Omnino,
755 1886 892 1960 Roberte,
917 1888 968 1948 tibi
994 1892 1059 1965 quis
1083 1889 1181 1948 credat
1203 1886 1390 1960 methodum,
1413 1887 1439 1945 si
1462 1887 1528 1966 quis
1553 1902 1616 1943 mc·

268 1973 391 2033 thodum
414 1975 494 2054 beneq
510 1979 640 2031 curatam
664 1972 757 2032 velit?
801 1971 884 2048 Quae
908 1977 997 2052 igitur
1019 1985 1050 2035 tu
1074 1985 1174 2036 contra
1190 1978 1332 2034 rationem
1354 1974 1430 2033 hanc
1452 1972 1528 2031 salso
1543 1971 1615 2029 nrihi

267 2062 403 2120 tributam
427 2060 568 2137 disputas,
592 2077 627 2118 ea
650 2063 814 2120 transmitto
837 2062 904 2120 aliis
927 2064 1115 2138 excutienda,
1140 2066 1249 2142 quippe
1273 2065 1308 2121 iis
1331 2062 1401 2121 mihi
1423 2077 1519 2137 neque
1543 2061 1617 2119 seri·

267 2157 314 2207 tur
336 2166 431 2224 neque
453 2151 578 2207 metitur.
624 2221 631 2232 .

356 2235 492 2311 Sequitur
515 2235 593 2294 linea
620 2234 668 2293 15.
692 2251 727 2292 ex
750 2251 837 2310 puro,
861 2243 895 2294 ut
917 2238 969 2310 ais,
994 2247 1115 2298 naturae
1137 2238 1216 2296 tonte
1233 2236 1421 2313 longissimus
1438 2233 1616 2294 inductionis

266 2325 346 2380 rivus
366 2341 417 2399 per
439 2331 496 2383 tres
519 2324 651 2399 paginas,
675 2322 758 2397 cujus
782 2324 876 2381 esitus
901 2342 966 2401 pag.
988 2327 1046 2384 24:
1067 2326 1134 2402 fles-i
1155 2328 1190 2384 in
1205 2326 1409 2386 amoenante
1429 2323 1617 2398 propraeto-

265 2428 334 2469 nem
357 2430 377 2470 a
399 2413 512 2469 minori
534 2409 576 2468 od
595 2410 709 2482 majus,
731 2427 795 2468 non
817 2429 837 2468 o
859 2413 972 2485 major-t
993 2412 1036 2471 ad
1055 2417 1167 2472 minua.

353 2495 392 2557 Ut
415 2501 501 2574 igitur
523 2515 541 2556 a
564 2496 750 2556 conclusione
773 2497 853 2572 prius
878 2500 1023 2575 incipiam,
1049 2501 1136 2560 velim
1160 2509 1188 2558 te
1206 2499 1382 2572 meminisse,
1404 2495 1544 2570 Roberte,
1568 2513 1615 2562 me

265 2584 330 2659 hoc,
355 2585 435 2662 quod
457 2594 487 2644 tu
511 2583 787 2660 concludiavneque
810 2602 934 2656 negasse
957 2604 1053 2663 neque
1075 2588 1252 2660 aifinnasse3
1277 2585 1330 2652 aad
1354 2585 1411 2644 hoc
1434 2585 1517 2657 dico,
1543 2600 1615 2642 con·

265 2676 425 2744 concutias,
451 2676 643 2749 quantitatem
666 2672 820 2748 majorem,
845 2673 956 2732 definiri
979 2676 1077 2749 prius,
1101 2678 1245 2735 concinna
1266 2672 1438 2744 intervalla,
1463 2677 1496 2728 ut
1518 2688 1616 2747 quau·

265 2762 365 2821 titates
388 2763 529 2833 minores,
564 2758 675 2819 definiri
698 2760 860 2836 posterius,
891 2761 1005 2822 scilieet
1028 2780 1079 2839 per
1102 2765 1230 2840 ipsarum
1261 2761 1520 2822 consonantiarum
1544 2762 1617 2817 inter

267 2866 298 2907 se
321 2851 577 2925 comparationem.
624 2846 746 2906 Definiri
769 2855 867 2907 autem
893 2849 1039 2910 hocloco
1062 2860 1108 2911 est
1129 2851 1223 2924 idem,
1255 2850 1335 2927 quod
1358 2848 1478 2908 induere
1506 2856 1617 2906 certam

266 2937 456 3012 qualitatem,
486 2952 563 3012 quae
585 2936 623 2993 sit
644 2933 838 3009 jucunditatis
862 2938 891 2995 in
915 2937 1017 2997 auditu
1041 2955 1141 3000 cauea.
1184 2936 1255 2998 Jarn
1286 2946 1337 2997 tua
1359 2935 1410 2996 illa
1431 2935 1616 2993 ratiocinatio

234 3056 240 3071 ι
267 3040 327 3083 nou
349 3024 471 3084 retertur
498 3021 534 3082 ad
558 3021 715 3099 qualitates
737 3022 842 3096 hasce,
874 3025 925 3084 sed
958 3024 995 3084 ad
1018 3025 1074 3085 hoc
1104 3026 1215 3085 solum:
1249 3027 1274 3083 si
1303 3024 1379 3084 duae
1401 3021 1528 3082 chordae
1560 3024 1618 3079 sint

267 3111 431 3187 aequaliter
454 3121 553 3171 tensae
575 3126 734 3186 earumque
757 3108 849 3170 altera
872 3119 957 3172 sonet
979 3112 1145 3175 invariabili
1166 3130 1248 3184 sono,
1272 3112 1384 3187 reliqna
1406 3112 1480 3169 iuter
1494 3109 1617 3185 pulsan·

269 3198 339 3257 dum
363 3202 529 3259 successive
552 3199 698 3255 minuatur
719 3195 809 3276 (quod
833 3208 879 3258 est
901 3205 998 3269 nursing
1028 3198 1282 3277 quantitativum),
1314 3209 1383 3258 tune
1406 3196 1540 3275 quidem,
1573 3196 1617 3254 his

256 3288 383 3362 positis,
409 3304 509 3347 verum
534 3294 593 3357 eat,
617 3287 730 3342 transiri
754 3288 851 3345 omnia
872 3290 993 3346 minima
1017 3287 1171 3347 intervalla
1193 3290 1344 3359 concinna,
1371 3288 1539 3364 priusquam
1565 3301 1617 3342 ve-

268 3377 367 3435 niatur
390 3374 427 3433 ad
451 3375 565 3433 tertiam
588 3372 743 3442 minorem,
775 3383 918 3449 quaeest
947 3378 1066 3435 minima
1089 3378 1352 3434 consonantiarum.
1398 3374 1437 3432 At
1467 3374 1492 3430 si
1516 3389 1617 3431 casnm

268 3461 378 3540 tingere
401 3461 482 3534 licet,
513 3460 620 3535 fingam
644 3477 700 3536 ego
723 3462 913 3522 contrarium:
942 3480 1038 3540 neque
1064 3466 1140 3522 enim
1164 3466 1258 3521 miuus
1281 3463 1388 3539 poterit
1415 3459 1511 3520 altera
1531 3457 1617 3518 chor-

177 3592 180 3597 ·
268 3550 371 3610 darum
393 3551 560 3611 sonantium
583 3549 671 3607 etiam
693 3551 794 3623 augeri
816 3553 993 3625 successive,
1017 3554 1101 3610 initio
1125 3552 1201 3610 iacto
1225 3570 1244 3611 a
1266 3558 1383 3626 puncto,
1407 3545 1535 3607 chordae
1559 3557 1617 3604 ter-

268 3640 362 3713 mino;
392 3655 451 3713 quo
473 3638 569 3713 posito
592 3644 744 3711 sequetur,
776 3643 808 3695 nt
837 3640 986 3697 minimum
1015 3641 1221 3699 correinnorum
1250 3637 1352 3696 ultimo
1384 3637 1513 3693 omnium
1545 3650 1617 3693 con-

269 3725 390 3786 ficiatur.
434 3725 537 3800 Neque
561 3731 657 3782 tamen
681 3725 808 3795 interest,
832 3741 928 3802 ueque
949 3726 998 3787 hic
1020 3743 1114 3803 neque
1138 3727 1206 3798 illic,
1230 3724 1301 3802 quid
1316 3724 1476 3799 hispositis
1499 3722 1618 3780 casibus

268 3815 377 3890 primo,
402 3811 473 3889 quid
497 3811 600 3869 ultimo
624 3813 743 3885 existat,
774 3811 825 3871 sed
849 3813 995 3889 quodnam
1019 3831 1134 3886 ceruus,
1162 3831 1239 3890 quae
1262 3816 1405 3885 existunt,
1435 3810 1473 3869 ab
1497 3810 1617 3867 auribus

268 3901 446 3979 approbetur
476 3917 529 3959 seu
557 3905 589 3956 ut
621 3901 793 3958 concinnum
826 3918 878 3960 eeu
910 3908 942 3959 ut
964 3920 1140 3974 consonum,
1172 3901 1229 3959 hoc
1256 3902 1384 3959 interest.
1428 3897 1495 3956 Hoc
1528 3897 1619 3956 etiam

269 3991 396 4060 interest,
420 3996 452 4046 ut
474 4003 659 4062 quaeramus,
683 4005 771 4064 qnam
796 3988 833 4046 ob
858 4005 977 4047 mnarum
1000 4007 1085 4049 aures
1108 3999 1140 4048 ut
1162 3991 1303 4048 concinna
1325 3986 1488 4062 approbent
1510 4002 1547 4045 er
1569 3985 1618 4040 in-

268 4076 399 4137 tervattts
428 4074 528 4134 ordine
558 4075 773 4147 emergentibus
800 4074 851 4134 illa
881 4079 1066 4153 potissimum
1100 4095 1188 4153 quam
1215 4079 1287 4153 ista,
1318 4082 1347 4134 et
1370 4070 1486 4149 quade
1510 4088 1618 4145 causa3

268 4181 338 4223 num
353 4164 400 4224 oh
423 4178 617 4222 consonorum
642 4165 897 4239 comparationem,
922 4182 975 4222 seu
998 4168 1068 4241 quia
1090 4174 1158 4223 sunt
1176 4180 1312 4224 excessus
1335 4178 1529 4221 consouorurn
1552 4176 1619 4217 nra·

265 4252 362 4329 jerom
385 4267 474 4328 supra
496 4265 626 4309 consone
650 4253 775 4324 minora,
799 4259 831 4309 ut
853 4269 909 4327 ego
933 4252 1015 4325 dico,
1039 4271 1075 4311 an
1100 4253 1137 4311 oh
1160 4268 1264 4312 causas
1286 4249 1416 4326 aliquas,
1449 4254 1620 4325 quaesunt

268 4340 448 4416 antiquiores
471 4339 542 4414 ipsis
565 4341 717 4415 consonis,
741 4356 814 4414 quas
839 4348 868 4398 te
892 4340 1020 4399 nondum
1043 4343 1191 4401 invenisse
1214 4349 1322 4398 certum
1345 4345 1399 4395 est.

355 4426 425 4488 Jern
448 4423 526 4501 quod
551 4424 747 4486 inductionem
771 4428 865 4503 ipsam
889 4429 994 4488 attinet
1017 4428 1052 4488 de
1074 4431 1169 4495 sonis,
1201 4429 1256 4486 etsi
1279 4424 1401 4484 multum
1424 4433 1454 4483 tu
1478 4423 1620 4482 tenebra·

268 4531 332 4573 rurn
355 4522 386 4575 et
407 4513 587 4572 locutionum
612 4515 814 4591 ambiguarum
837 4517 955 4591 ingeris,
978 4514 1050 4574 illud
1066 4521 1162 4574 manen
1185 4515 1352 4592 passimex
1372 4513 1408 4570 iis
1430 4511 1527 4572 elucet
1549 4508 1620 4587 pul-

269 4600 369 4661 chrum
392 4609 421 4661 et
444 4599 676 4667 consideratione
701 4603 819 4679 dignum
843 4603 1004 4679 problema,
1027 4605 1156 4678 quaesit
1178 4612 1432 4661 naturasouorum
1455 4601 1484 4656 in
1499 4614 1618 4675 genere,

270 4688 340 4764 quid
363 4705 467 4767 sonus,
499 4706 576 4765 quae
599 4707 690 4749 causa
712 4693 853 4751 acuminis
877 4691 1083 4766 etgravitatis
1112 4708 1163 4766 per
1185 4706 1286 4750 omnes
1308 4690 1473 4749 senmurum
1498 4688 1618 4744 termas.

269 4776 399 4836 Materia
422 4775 644 4854 disceptationis
667 4788 712 4837 est
733 4779 864 4857 physica,
887 4780 1035 4854 pertinens
1058 4777 1096 4836 ad
1117 4776 1249 4837 libellum
1273 4775 1437 4833 Aristotelis
1461 4772 1497 4832 de
1521 4772 1620 4831 Audi-

269 4863 379 4923 bilibus
407 4862 504 4940 adque
536 4872 678 4942 cognatas
708 4866 771 4942 ejus
802 4865 1015 4943 problematum
1044 4867 1200 4925 sectiones.
1243 4862 1302 4923 Hic
1332 4860 1422 4921 multa
1456 4868 1555 4921 essent
1588 4861 1618 4917 in
