3567 5625
821 1665 1067 1783 nitiduli

568 1892 622 1964 ud
659 1892 828 1964 librum
865 1889 903 1961 ll.
940 1879 1326 1960 Harmonicorum.

364 2319 461 2397 Quum
482 2337 572 2398 supra
594 2321 623 2377 in
646 2319 743 2381 indice
766 2321 895 2400 capitam
917 2319 983 2379 libri
1001 2316 1036 2376 V.
1060 2319 1209 2397 professus
1231 2336 1295 2378 sum
1315 2318 1523 2396 appendicem:
1547 2316 1629 2379 illa'm

277 2410 325 2471 hic
346 2424 404 2469 non
428 2415 473 2469 est
493 2416 528 2467 ut
549 2415 699 2487 exspectet
719 2407 827 2468 lector:

1027 2492 1187 2567 Amphora
1209 2496 1305 2569 coepit

453 2601 456 2606 ·
571 2579 709 2656 lattitui,
732 2589 873 2642 currente
894 2587 964 2641 roto
985 2598 1092 2640 veum
1114 2597 1224 2640 urceus
1245 2583 1314 2640 ecit

276 2670 389 2732 Causas
412 2670 508 2731 dicam
531 2670 673 2730 breviter:
696 2687 835 2746 magnum
858 2676 888 2730 et
909 2667 1060 2728 exundans
1083 2666 1190 2727 flumen
1213 2685 1271 2726 non
1295 2667 1446 2728 commode
1468 2670 1629 2744 navigatu-

277 2775 444 2833 russiam,
475 2775 541 2819 cum
564 2772 631 2817 ecco
654 2758 747 2835 copiis
769 2773 912 2834 aquarum
943 2758 972 2814 in
995 2763 1112 2819 tenuem
1134 2756 1230 2814 rivum
1263 2755 1481 2817 subsidentibus
1518 2756 1628 2816 vadum

277 2850 384 2924 patuit,
406 2845 485 2922 quod
508 2844 598 2923 pedes
622 2847 782 2918 transirem,
805 2846 876 2904 navi
900 2848 929 2903 in
953 2861 1008 2902 sua
1029 2846 1156 2902 statione
1178 2843 1279 2903 relicta
1302 2844 1339 2903 ad
1363 2862 1433 2904 usus
1456 2847 1551 2920 magis
1575 2862 1630 2905 ne-

276 2934 428 2995 cessarios.
472 2932 539 2991 Hoc
568 2941 613 2991 est
641 2930 719 3008 qnod
748 2931 830 2992 dicct
862 2932 1029 2992 Ptolemaei
1051 2929 1203 2990 Hermon.
1232 2931 1302 2990 iibri
1326 2931 1396 3005 111,
1426 2948 1501 3007 quos
1533 2932 1629 2991 babeo

278 3020 409 3081 Graecos
430 3010 662 3096 manuscriptos,
690 3035 756 3078 cum
779 3020 994 3078 commentariis
1017 3017 1171 3094 Porphyrii
1201 3018 1368 3095 philosophi
1400 3018 1629 3095 profundissimi,

278 3107 378 3167 itidem
400 3104 530 3180 Graecis,
563 3106 601 3164 ab
632 3107 835 3182 initiatusque
865 3106 905 3166 ad
922 3105 978 3169 lib.
1002 3104 1042 3163 Il.
1072 3122 1135 3181 cap.
1163 3088 1193 3169 l,
1227 3105 1304 3181 digni
1335 3106 1404 3165 mibi
1436 3123 1551 3183 semper
1574 3107 1631 3165 risi

112 3188 117 3197 ’
178 3242 187 3257 ,
278 3202 355 3269 sant,
379 3196 430 3270 qui
452 3192 650 3253 Graeculatini
674 3194 779 3271 integri
802 3194 915 3252 exirent
937 3196 965 3251 in
988 3191 1147 3268 pubiicum,
1171 3209 1265 3268 esque
1288 3194 1323 3252 de
1340 3210 1430 3252 causa
1452 3202 1521 3254 anta
1536 3211 1630 3253 annos

282 3284 322 3342 10
344 3283 429 3358 coepi
450 3280 516 3340 illos
540 3283 570 3337 in
593 3279 732 3340 Latinum
753 3297 917 3340 sennonem
939 3288 1069 3352 vertere,
1096 3297 1173 3355 quae
1196 3283 1293 3338 versio
1314 3282 1455 3357 processit
1478 3297 1569 3357 usque
1593 3281 1630 3339 ad

277 3367 466 3430 medietatem
489 3367 598 3427 codicis
620 3366 825 3446 Porphyrioni.
871 3366 937 3443 Quo
960 3369 1055 3426 minus
1078 3365 1199 3425 ulterius
1227 3385 1388 3444 pergerem,
1420 3368 1629 3443 impedimento

277 3455 350 3515 mibi
370 3455 426 3515 luit
447 3453 505 3514 loci
527 3456 660 3527 motatio,
683 3457 839 3532 conjuncta
862 3472 928 3515 curn
950 3454 1082 3532 plurimis
1097 3453 1251 3531 molestiis,
1275 3465 1303 3513 et
1325 3463 1479 3532 postquam
1496 3455 1629 3515 lineium

278 3545 363 3616 veni,
385 3560 497 3602 novum
525 3542 687 3602 studlomm
710 3546 970 3603 astronomicarum
999 3543 1122 3600 initium.
1168 3542 1208 3599 At
1232 3558 1301 3600 vero
1331 3560 1396 3602 curn
1426 3550 1495 3603 ante
1519 3561 1628 3602 annrrm

277 3634 494 3712 proposuissem
516 3646 597 3690 meos
620 3628 861 3690 Harmonicornm
884 3629 975 3689 libros
998 3628 1035 3687 V.
1059 3627 1153 3699 edere,
1176 3637 1353 3687 momentum
1370 3634 1475 3706 ingens
1492 3630 1628 3690 ridebam

279 3721 368 3780 situm
399 3721 428 3776 in
452 3712 670 3795 comparatione
697 3720 756 3778 mei
779 3719 876 3795 operis
907 3735 973 3777 cnm
996 3715 1190 3785 Ptolemaico,
1223 3720 1391 3792 praesertim
1424 3717 1486 3776 iibri
1509 3720 1566 3777 mei
1592 3719 1628 3777 V.

188 3834 191 3843 ·
280 3825 346 3866 cum
368 3807 480 3865 ultimis
509 3806 654 3882 capitibus
676 3804 728 3863 lib.
751 3804 807 3863 ΙΙΙ.
830 3804 1009 3877 Ptolemaei,
1038 3820 1160 3879 quornm
1183 3804 1239 3863 tria
1262 3816 1390 3864 extrema
1422 3804 1493 3863 nibil
1518 3805 1629 3867 babent

279 3895 337 3952 nisi
359 3891 499 3952 lemmata
519 3909 573 3952 seu
595 3891 697 3951 timlos
719 3909 738 3952 a
759 3890 941 3952 Ptolemaeo.
986 3890 1091 3968 Itaque
1106 3890 1266 3950 reluctante
1291 3896 1377 3967 genio
1400 3893 1538 3969 proposui
1555 3911 1629 3970 ope-

280 3982 375 4040 risse
398 3982 463 4056 ipso
486 3979 582 4038 mutili
604 3996 692 4037 uuam
714 3977 808 4038 solam
831 3987 944 4056 partem
967 3977 1130 4056 decerpere,
1153 3995 1230 4052 quae
1246 3982 1371 4038 maxime
1394 3979 1432 4039 ad
1454 3998 1549 4040 meam
1566 3999 1632 4040 ma·

282 4068 385 4128 teriam
416 4066 554 4128 iaciebat.
599 4065 693 4142 Quem
722 4065 761 4125 ad
792 4066 879 4127 finem
909 4075 938 4127 et
968 4065 1041 4124 verti
1073 4066 1177 4124 librum
1200 4065 1360 4126 Ptolemaei
1385 4066 1439 4126 lll.
1470 4085 1575 4145 acap.
1602 4072 1630 4128 3.

281 4154 320 4214 ad
341 4154 429 4214 linem
452 4154 596 4215 attribue
617 4153 728 4213 ultimis
750 4153 937 4214 lemmatibus
960 4154 1095 4212 inanibus
1117 4169 1188 4211 suos
1202 4161 1299 4212 textus
1318 4172 1354 4213 ex
1370 4157 1518 4231 principiis
1534 4165 1632 4216 astro-

281 4243 398 4302 nomiae
420 4241 619 4302 Ptolemaicae
643 4251 730 4302 etex
753 4248 849 4301 mente
872 4243 1000 4302 auctoris
1024 4248 1135 4317 quanta
1158 4244 1253 4316 potuit
1276 4240 1337 4301 fieri
1360 4240 1534 4302 dexteritate
1557 4263 1631 4304 con·

282 4332 414 4389 sinuatos
437 4328 564 4405 subjeci,
595 4336 623 4388 et
647 4328 772 4406 denique
794 4331 1018 4389 commentarios
1040 4345 1094 4387 seu
1116 4337 1201 4387 notas
1224 4324 1333 4404 adjeci,
1366 4329 1473 4404 quibus
1501 4338 1531 4390 et
1554 4331 1631 4390 Por-

281 4416 443 4494 phyrianae
466 4419 733 4488 commentationis,
764 4416 815 4475 lib.
838 4417 878 4475 Il.
903 4417 999 4494 capita
1022 4418 1050 4475 i.
1075 4415 1231 4494 abruptae,
1260 4415 1390 4475 delectus
1414 4419 1444 4473 in
1465 4417 1522 4476 boo
1545 4423 1631 4478 tertio

284 4502 435 4581 suppletur
457 4514 488 4564 et
509 4506 629 4563 inventa
652 4503 831 4564 Ptolemaica
860 4521 926 4563 cum
950 4504 1021 4562 tueis
1042 4511 1247 4579 comparantur
1270 4513 1299 4563 et
1322 4502 1476 4564 discrimen
1498 4506 1633 4565 ostendi·

282 4599 331 4650 tur
352 4592 426 4651 iuter
447 4591 610 4652 Ptolemaei
633 4591 839 4669 symbolismos
861 4598 891 4650 et
912 4608 994 4650 meas
1016 4588 1277 4651 demonstrationes
1294 4590 1456 4666 legitimas,
1480 4592 1561 4652 unde
1586 4597 1633 4651 in-

284 4677 406 4737 firmitas
438 4686 468 4738 et
490 4679 671 4756 imperiectio
693 4675 950 4756 symbolismornm
972 4677 1087 4737 illorum
1120 4686 1149 4738 et
1171 4695 1263 4738 causa
1284 4680 1437 4755 potissima
1466 4678 1556 4755 hujus
1580 4683 1633 4752 rei,

283 4783 325 4825 sc.
339 4764 452 4824 salsitas
468 4769 673 4845 principiorum
687 4767 883 4825 astronomiae
898 4764 1096 4825 Ptolemaicae
1110 4767 1245 4845 patescit.
1284 4764 1358 4824 Cum
1373 4767 1462 4842 igitur
1476 4766 1542 4827 sola
1559 4767 1634 4829 haec

285 4850 430 4935 appendix
454 4854 492 4923 ed
516 4855 556 4922 30
577 4855 701 4939 paginas
722 4852 789 4917 libri
811 4860 990 4930 occupatura
1011 4859 1104 4928 esset,
1136 4869 1203 4919 ecce
1226 4865 1358 4923 coenam
1386 4856 1498 4915 interea
1519 4854 1631 4916 bellum
