3567 5625
654 307 766 382 Keplexl
781 308 909 367 Machina
925 309 1097 383 Hydrauliea.
1481 304 1541 375 633

200 485 337 559 pollicitus
354 492 397 540 est
414 482 539 553 adieras,
551 499 588 540 -se
605 500 694 541 meum
707 486 934 557 (losmegraphiae
946 484 1104 558 Mysterinr'o
1122 487 1209 557 prima
1226 486 1369 542 occasione
1386 484 1420 541 ad
1432 484 1541 542 Portam

201 566 430 634 transmissurum,
450 565 483 620 de
502 564 665 634 aquatilibus
684 567 776 620 tacuit.
811 567 866 621 Res
884 575 975 621 tamen
992 568 1044 638 ipsi
1063 582 1143 622 curae
1160 565 1212 620 tuit
1230 574 1258 621 et
1275 568 1383 622 omuino
1401 568 1465 642 mihi
1482 582 1541 637 per·

200 641 314 710 suadeo,¹
327 645 472 713 instigasse
488 645 606 718 Portam,
625 654 656 700 ut
674 644 743 702 hauc
761 663 818 703 rem
836 646 871 702 ad
890 663 968 702 usum
985 646 1140 703 transierat
1175 646 1217 700 Ita
1236 664 1279 702 me
1300 663 1416 716 namque
1445 647 1540 703 adhor-

199 733 273 781 tatus
301 733 344 779 est
368 725 397 780 in
419 725 473 780 alia
494 726 664 794 inventione,
691 726 725 781 de
748 741 803 795 qua
824 734 927 796 postea
964 725 1017 781 Sed
1035 725 1071 781 ad
1088 727 1121 780 D.
1139 726 1284 781 Pistorium
1307 727 1397 782 redeo.
1434 726 1461 781 Is
1481 742 1541 780 cum

198 821 252 860 non
269 809 364 873 posset
382 819 413 859 se
430 803 557 873 expedire
575 819 610 858 ex
627 802 697 860 male
716 804 838 861 formatis
855 805 979 861 iconibus
997 813 1025 861 et
1042 804 1139 859 vitioso
1158 813 1249 874 textu,
1273 822 1317 860 me
1333 806 1415 874 jussit
1432 822 1540 860 manum

195 884 335 946 adhibere.
369 883 484 938 Factum
501 882 529 938 id
547 883 640 952 obiter,
659 900 710 939 nec
727 885 756 939 iu
773 883 828 939 ullo
846 900 929 940 ceusu
942 884 1030 940 habeo
1042 886 1115 940 hunc
1126 882 1255 954 laborem,
1273 900 1335 939 nam
1347 899 1396 953 per
1409 900 1438 938 se
1451 882 1540 939 breuis

198 963 259 1018 init.
295 964 383 1019 Unum
401 962 455 1017 hoc
472 961 588 1018 aceedit:
605 964 891 1038 praecipuumlPortae
909 963 1060 1027 artificium,
1080 963 1114 1019 de
1125 961 1265 1030 fenuculo,
1285 963 1331 1031 qni
1345 978 1443 1030 aquam
1457 961 1540 1031 duplo

198 1042 280 1098 altius
298 1042 461 1112 eiaculatur,
485 1058 565 1111 quam
590 1049 632 1098 est
656 1060 735 1100 casus
753 1045 782 1098 in
798 1043 941 1111 fonticulo,
964 1043 992 1098 id
1016 1042 1158 1098 artificium
1180 1043 1259 1097 icone
1284 1049 1311 1098 et
1328 1043 1414 1098 literis
1432 1042 1540 1112 quidem

198 1122 287 1192 aptis,
314 1129 392 1177 textu
410 1138 473 1178 uuo
490 1123 571 1192 plane
588 1124 700 1179 mentito
725 1124 885 1193 exprimitur
910 1123 989 1178 simul
1013 1130 1041 1178 et
1059 1123 1217 1182 occultatur.
1253 1123 1309 1177 Eas
1337 1138 1387 1191 ego
1413 1120 1540 1190 strophas

199 1199 285 1254 evolvi
303 1207 461 1269 textumque
480 1201 585 1270 addidi,
608 1203 715 1259 ueritati
738 1210 765 1262 et
787 1204 971 1272 diagrammati
996 1203 1207 1269 conuenientem,
1234 1201 1306 1271 quod
1325 1201 1394 1255 alius
1412 1215 1478 1255 sane
1495 1199 1541 1254 vix

202 1279 418 1352 deprehenderit.
455 1279 509 1335 Sed
527 1281 591 1352 quid
608 1282 680 1338 hoel
710 1281 855 1337 Praeterea
871 1297 961 1350 neque
979 1281 1084 1337 correxi
1100 1280 1129 1336 in
1141 1279 1192 1334 hae
1204 1279 1299 1335 alume
1312 1280 1410 1334 Portae
1422 1279 1540 1335 editione

200 1358 352 1429 quicquam,
370 1376 420 1414 nec
438 1358 539 1430 adjeci:

285 1436 476 1492 Peroommode
502 1453 565 1493 uero
592 1438 738 1494 admoneor
763 1439 802 1493 rei
828 1441 1005 1495 necessariae.
1041 1440 1225 1496 Inventionem
1242 1439 1330 1495 habeo
1349 1436 1540 1509 exprimendae

198 1531 285 1585 aquae
304 1525 499 1586 comparatam,
523 1532 654 1587 perquam
676 1517 784 1583 utilem,
808 1519 831 1573 si
850 1518 910 1587 qnia
934 1519 1033 1574 artifex
1050 1521 1117 1573 mihi
1134 1521 1207 1575 illam
1225 1520 1371 1589 exemplari
1399 1521 1539 1589 exprimat

197 1596 296 1651 Nullae
315 1595 477 1650 adhibentur
494 1596 630 1663 valvulae,
655 1596 718 1663 quia
736 1597 904 1658 circulariter
920 1598 973 1651 hoc
990 1596 1057 1668 agit,
1082 1599 1154 1667 quod
1173 1599 1252 1665 uulgo
1272 1599 1360 1654 dictae
1378 1613 1494 1667 pompae
1511 1597 1539 1650 in

196 1677 269 1732 linea
286 1683 376 1744 recta,
404 1676 517 1732 subinde
535 1677 736 1731 intermittente.
772 1677 836 1732 Cum
856 1676 903 1731 diu
917 1677 982 1747 jam,
1002 1694 1040 1732 se.
1054 1678 1095 1732 ab.
1114 1693 1184 1732 anno
1196 1678 1238 1732 97.
1255 1678 1306 1731 boo
1318 1693 1412 1731 saxum
1425 1676 1538 1741 volvam,

196 1754 304 1812 tandem
322 1755 403 1811 incidi
419 1756 448 1810 in
465 1756 654 1826 Arugustunum
672 1755 813 1820 artificem,
841 1757 903 1825 qui,
930 1755 1044 1828 pecunia
1062 1757 1095 1811 77
1113 1755 1140 1810 fl.
1163 1772 1240 1812 ame
1258 1760 1377 1824 accepta,
1403 1753 1539 1824 pollicitus

197 1841 241 1889 est
258 1833 360 1903 scripto
379 1840 407 1888 et
424 1832 528 1903 sigillo,
553 1849 582 1888 se
600 1833 782 1903 perfecturum
800 1837 941 1904 Augustae
965 1836 1117 1907 exemplar;
1142 1852 1196 1906 quo
1214 1835 1248 1890 ad
1267 1833 1448 1903 praescriptas
1465 1832 1539 1901 leges

196 1912 327 1983 perfeeto,
346 1909 434 1967 debeo
450 1912 491 1965 illi
509 1928 639 1969 summam
657 1914 788 1985 integram
805 1915 841 1971 58
859 1916 966 1971 circiter
983 1916 1148 1982 tallerorum,
1175 1930 1224 1984 pro
1242 1913 1311 1967 libra
1329 1912 1398 1968 aeris
1426 1927 1464 1966 sc.
1482 1913 1538 1965 Au·

196 1989 313 2059 gustana'
341 1991 410 2059 52¹i2
434 1991 576 2048 cruciatos.
614 1993 728 2048 Cautum
747 2001 806 2062 est,
834 2002 864 2053 ot
885 1994 1038 2064 perlectum
1061 2011 1130 2064 opus
1157 1993 1211 2048 duo
1237 1991 1390 2047 examinent
1412 1989 1539 2058 artifices,
1599 2061 1604 2070 .
1634 2037 1637 2042 ,

195 2071 266 2127 alter
283 2086 300 2125 a
316 2086 359 2126 me
376 2080 513 2139 exoratus,
531 2070 600 2127 alter
617 2073 651 2127 ab
670 2073 731 2144 illo;
756 2074 802 2142 qui
826 2075 850 2128 si
872 2075 1011 2145 exemplar
1027 2071 1202 2144 praescriptis
1219 2070 1325 2139 legibus
1343 2069 1460 2125 dixerint
1478 2082 1540 2122 con·

196 2165 265 2220 grue
283 2149 347 2217 (uon
365 2150 536 2204 considerato
554 2148 681 2222 effectu),
710 2153 826 2223 pecnnia
852 2153 949 2210 artifici
976 2154 1086 2209 residua
1112 2158 1155 2208 est
1171 2150 1353 2219 numeranda,
1381 2149 1423 2204 sin
1440 2149 1537 2212 minus,

195 2230 333 2285 restitutio
351 2228 416 2283 mihi
433 2229 468 2284 27
484 2228 648 2285 florenorum
668 2239 710 2286 est
727 2231 860 2288 facienda.

282 2309 357 2363 Haec
374 2308 413 2363 ita
430 2308 592 2380 pepigimus,
611 2311 675 2378 quia
693 2313 843 2382 sperabam,
862 2313 978 2383 aliquem
1001 2327 1036 2367 ex
1057 2312 1125 2368 meis
1143 2311 1319 2367 familiaribus
1336 2312 1486 2379 Augustam
1504 2309 1539 2364 ad

195 2388 395 2459 praescriptum
413 2393 520 2456 tempus
539 2395 690 2448 uenturum.
727 2393 793 2448 (lum
810 2394 863 2449 bac
880 2409 929 2463 spe
947 2392 1102 2459 exciderim,
1122 2391 1280 2459 nescioquo
1298 2404 1341 2444 me
1358 2394 1468 2452 sertam,
1486 2384 1539 2440 nisi

194 2465 230 2521 ad
247 2467 285 2522 Μ,
304 2469 404 2536 Tuam,
431 2468 475 2523 cni
492 2470 609 2538 plurima
631 2478 674 2525 est
691 2474 831 2541 Augustae
849 2476 954 2530 nautia
990 2476 1067 2544 Rogo
1093 2471 1186 2541 itaque
1211 2470 1339 2539 majorem
1366 2469 1395 2522 in
1420 2466 1537 2538 modum,

196 2545 219 2600 si
237 2545 376 2603 comode
393 2545 453 2600 deri
470 2553 574 2616 potest,
602 2553 633 2602 nt
651 2549 685 2603 ad
704 2550 847 2620 collegium
865 2553 1002 2622 opificium
1028 2555 1067 2608 ber
1084 2551 1225 2619 Sicbltlpmib
1243 2547 1403 2618 perscribat,
1426 2552 1464 2614 ut,
1491 2546 1537 2613 qui

196 2631 261 2680 sunt
276 2624 347 2679 inter
365 2639 412 2679 eos
426 2624 520 2694 jurati,
539 2641 608 2695 opus
626 2628 775 2697 inspiciant
813 2631 933 2699 Tempus
956 2630 1077 2700 elapsum
1102 2638 1156 2699 est,
1184 2646 1235 2686 nec
1257 2636 1366 2696 teneor,
1390 2627 1453 2696 qnia
1470 2626 1502 2679 D.
1521 2639 1538 2679 s

196 2702 399 2771 Dietrichstein,
418 2703 465 2771 qui
479 2702 536 2771 jam
554 2702 599 2757 bie
615 2702 733 2773 legatum
750 2708 806 2776 agit
824 2716 852 2763 et
868 2710 947 2778 cujus
965 2709 1064 2765 fiducia
1082 2709 1194 2780 nitebar,
1214 2710 1289 2766 brevi
1303 2709 1392 2778 Praga
1408 2706 1536 2762 discedet

195 2784 224 2840 Si
241 2798 349 2838 manum
367 2781 437 2838 forte
456 2799 510 2838 non
534 2782 698 2842 admovisset
720 2788 868 2859 hactenns,
887 2788 1036 2859 adigendus
1060 2796 1101 2845 est
1123 2789 1189 2845 mihi
1207 2790 1241 2846 ad
1259 2787 1438 2855 solutionem,
1464 2784 1536 2854 qnod
1566 2834 1574 2847 ,

194 2872 275 2933 opto;
293 2877 353 2916 nam
373 2863 482 2918 sinistra
500 2863 573 2919 fame
592 2880 653 2918 eum
672 2867 808 2938 seqnitur,
836 2869 914 2938 quasi
931 2869 1034 2936 majora
1057 2870 1158 2925 uiribus
1193 2868 1356 2937 susceperit,
1379 2866 1433 2921 imo
1459 2864 1537 2934 quasi

194 2958 249 2998 uun
266 2940 347 2996 liceat
363 2941 402 2995 illi
420 2941 463 2996 vel
474 2941 558 3007 ,fratri
576 2958 626 2999 suo
644 2945 672 2998 in
691 2946 742 3000 hac
764 2948 876 3002 matesis
898 2948 1013 3017 versari,
1037 2963 1097 3002 cum
1116 2948 1175 3017 ipae
1193 2948 1229 3003 sit
1246 2946 1376 3015 lignarius
1394 2951 1421 2999 et
1439 2958 1536 3013 aquae·

193 3022 332 3077 ductarius
351 3021 477 3091 simplex,
502 3021 586 3077 irater
601 3039 665 3079 vero
684 3025 743 3094 ejus
761 3026 906 3080 Balthasar
927 3027 1004 3081 fusor
1028 3026 1147 3094 quidem,
1173 3028 1231 3083 sed.
1253 3027 1372 3081 nondum
1399 3024 1535 3094 magister.

192 3101 252 3157 Hoc
270 3099 435 3156 addendum:
455 3110 560 3171 patrem
578 3103 645 3172 ipsis
663 3120 723 3158 esse
742 3106 989 3176 aquaeductorium,
1007 3107 1081 3175 ipsos
1099 3122 1162 3165 vera
1181 3106 1274 3160 ambos
1293 3103 1419 3160 coelibes.

279 3178 397 3233 Purnum
410 3186 493 3249 atque
504 3181 646 3252 resolvero,
666 3183 804 3252 exemplar
815 3183 850 3238 ad
862 3184 937 3254 leges
954 3201 1121 3255 expressum,
1139 3186 1272 3254 reliquum
1281 3184 1412 3253 pecuniae
1422 3182 1534 3236 mittam.

192 3260 294 3329 Spero,
322 3259 346 3313 si
372 3274 427 3312 non
449 3258 572 3315 futurum
595 3264 631 3317 sit
648 3263 686 3319 M.
706 3262 781 3316 Tuae
799 3263 983 3331 commodum,
1011 3264 1055 3318 hia
1072 3278 1115 3317 me
1134 3263 1278 3331 adjuwe,
1304 3277 1348 3317 me
1375 3263 1537 3317 documenta

191 3335 288 3393 illaesa
304 3344 485 3404 recepturum.

278 3416 502 3485 Postscripta
539 3419 610 3473 Dum
627 3419 721 3475 literas
739 3420 863 3489 detineo,
885 3421 1010 3488 Augusta
1033 3420 1164 3490 rescisco,
1190 3419 1243 3474 hoc
1266 3434 1337 3489 opus
1357 3418 1476 3472 nondum
1496 3419 1535 3472 in·

194 3496 320 3551 rhoetum
339 3512 407 3564 esse,
425 3512 477 3553 nee
494 3499 633 3567 Augustae
652 3498 763 3552 haerere
776 3498 908 3568 opificem,
927 3499 974 3554 sed
993 3498 1038 3553 hic
1055 3499 1167 3569 Pragae.
1202 3499 1328 3553 Poteram
1340 3497 1433 3567 itaque
1448 3503 1535 3552 totum

190 3577 263 3631 hune
281 3575 370 3630 locum
388 3578 544 3647 praeterire,
562 3578 614 3634 nisi
631 3578 730 3648 pagina
747 3586 820 3632 esset
833 3578 969 3646 mutanda,
989 3592 1059 3647 quae
1071 3578 1151 3632 etiam
1166 3578 1219 3633 alia
1231 3578 1360 3633 eontinet.
1380 3577 1434 3631 Sed
1445 3583 1541 3630 tamen

190 3658 229 3711 M.
248 3657 324 3710 Tuae
341 3655 455 3711 liberum
474 3665 529 3724 est,
548 3657 592 3711 hic
610 3674 652 3712 me
671 3656 783 3713 consilio
799 3657 910 3726 juvare,
935 3665 982 3713 aut
998 3657 1154 3727 percontari
1171 3658 1205 3712 de
1222 3658 1376 3715 hominibus
1394 3655 1470 3722 istis,
1489 3661 1537 3709 aut

190 3734 372 3801 dexteriorem
390 3737 530 3793 nominare
548 3737 679 3807 opificem,
699 3745 746 3792 aut
764 3737 820 3791 tale
838 3736 948 3807 aliquid.

278 3844 419 3911 Putationis,
439 3860 512 3910 quam
531 3847 593 3895 dicit
610 3846 746 3910 Keplerus,
765 3861 860 3896 summa
877 3848 937 3895 haec
957 3853 1006 3897 est:

279 3933 315 3981 Zu
334 3934 435 3984 mesen:
461 3932 506 3981 Als
524 3934 556 3984 Μ.
576 3934 659 3983 Johan
676 3937 769 3998 Keplar
787 3937 815 3987 u.
835 3936 866 3985 K.
886 3936 931 3985 Mt.
950 3935 1142 3984 Mathematicus
1160 3949 1190 3983 an
1210 3937 1305 3997 ciuem,
1328 3934 1377 3981 und
1396 3932 1467 3981 Hans
1486 3934 1536 3981 und

193 4003 324 4051 balthasar
336 4003 364 4051 N.
379 4002 486 4068 [Miller]
500 4005 642 4054 Gabulede'r
660 4021 701 4054 am
719 4007 819 4067 andern,
839 4018 922 4068 stegen
935 4008 1002 4055 einer
1014 4020 1141 4054 messenen
1154 4006 1330 4053 Wasserlcuust
1347 4019 1375 4051 zu
1393 4003 1537 4061 veriorugen

191 4074 231 4120 ein
254 4072 351 4133 Geding
375 4074 422 4120 mit
439 4074 557 4122 einander
574 4079 701 4137 gemacht,
727 4077 813 4125 dassen
832 4077 939 4124 luhalts:
967 4078 1023 4125 dass
1042 4076 1104 4123 nach
1122 4089 1282 4135 gnuegsamer
1298 4066 1471 4133 Veflertigung
1493 4073 1537 4121 des

192 4143 313 4191 Warclrhs
331 4143 364 4192 M.
383 4143 406 4191 J.
425 4144 516 4205 Kepler
542 4144 597 4193 dem
615 4147 684 4195 Hans
704 4147 751 4195 vnd
770 4148 901 4194 Balthesar
918 4145 947 4193 N.
970 4147 1011 4194 iilr
1026 4146 1096 4206 jedes
1114 4145 1197 4193 Piuud
1215 4145 1294 4205 blesa,
1321 4159 1348 4192 so
1368 4145 1412 4191 das
1431 4142 1536 4190 Werclrb

191 4226 277 4271 aragon
295 4212 382 4276 werde,
402 4213 454 4261 drel
472 4214 517 4263 Ort
534 4216 602 4264 aines
620 4216 722 4267 Thalers
741 4218 799 4266 oder
816 4214 884 4281 ossi,
902 4217 943 4263 Kr.
963 4215 1080 4265 bezahlen
1099 4218 1175 4278 solle3
1201 4216 1243 4263 Sia
1261 4217 1322 4264 aber
1338 4228 1420 4272 wagan
1439 4210 1537 4272 biangel

190 4283 242 4330 lrer
259 4282 441 4331 Instrumenteu
466 4284 509 4331 das
525 4285 632 4334 Werclrh
657 4301 689 4335 an
715 4287 821 4336 etlicben
844 4288 955 4347 Pnneten
981 4300 1011 4335 zu
1034 4286 1077 4335 das
1101 4286 1225 4334 Erflnders
1243 4286 1389 4344 llegnuegeu
1416 4283 1463 4329 und
1482 4282 1536 4328 An-

191 4352 272 4412 geben
292 4354 333 4399 ihr
351 4351 455 4401 dlssmal
474 4355 511 4402 uit
528 4356 675 4416 ueriertlgeu
695 4358 822 4406 lrhbnden:
846 4358 927 4405 baben
945 4357 1018 4406 bride
1035 4357 1110 4405 Thai]
1128 4357 1181 4405 sich
1200 4357 1247 4403 aul
1263 4357 1303 4403 ein
1321 4368 1401 4403 naues
1420 4351 1468 4400 und
1487 4352 1535 4399 iol·

190 4422 283 4483 gendes
301 4423 396 4471 Gestalt
413 4424 460 4471 mlt
480 4425 598 4472 einander
618 4426 715 4476 beredt:
738 4429 760 4487 1)
777 4428 1003 4476 BeideGebnieder
1022 4430 1213 4475 venavemieren
1232 4426 1293 4488 eleb,
1313 4426 1378 4472 diesa
1396 4423 1535 4480 lucentiori,
1558 4416 1561 4429 '

189 4495 228 4542 sle
245 4494 344 4552 gerathe
368 4506 420 4541 nun
438 4494 485 4542 uel
505 4494 565 4541 eder
583 4495 652 4553 vbel,
674 4498 713 4544 nit
730 4495 804 4544 allelu
830 4499 869 4545 tur
887 4498 937 4544 sich
963 4498 1086 4559 selbsten,
1111 4499 1159 4545 ahu
1178 4497 1210 4544 Μ.
1230 4496 1253 4545 J.
1273 4493 1376 4556 Keplers
1396 4493 1535 4539 semissen

189 4564 228 4611 ult
247 4563 444 4611 naebzumaehen
462 4564 521 4611 oder
538 4578 567 4612 zu
587 4566 753 4626 gebrauchen,
774 4567 879 4615 eundern
898 4569 960 4614 auch
980 4567 1115 4626 dlesalbige
1132 4566 1254 4616 Nicmand
1276 4564 1389 4613 auderem
1408 4577 1438 4610 zu
1457 4562 1535 4609 oileu—

141 4632 145 4639 ‘
190 4636 276 4693 baren,
295 4631 376 4680 wedsr
395 4632 471 4682 durch
490 4635 550 4698 sich,
569 4634 633 4682 noch
652 4637 689 4684 Ire
709 4637 846 4686 Gebilllfcn.
884 4636 913 4702 7]
932 4638 966 4688 Μ.
984 4636 1008 4686 J.
1022 4635 1114 4697 Kepler
1131 4639 1228 4685 bezahlt
1246 4639 1305 4684 inen
1323 4649 1362 4681 am
1376 4632 1489 4691 Wcrclrb,
1508 4646 1535 4679 so

187 4707 255 4765 jetro
274 4704 306 4750 77
325 4702 409 4751 Piuud
426 4703 492 4768 halt,
509 4702 652 4752 benuntiioh
672 4707 704 4752 77
723 4707 748 4755 u.
768 4709 878 4760 vorhara.
912 4708 940 4771 3)
959 4708 1000 4757 Sie
1019 4721 1105 4754 neman
1130 4708 1173 4753 das
1191 4708 1413 4755 vovollrhonrmene
1430 4703 1535 4750 Werclrb

188 4774 252 4824 naeb
271 4774 416 4838 augspnsg,
442 4772 492 4821 rud
510 4772 562 4823 diss
580 4775 627 4826 aut
642 4775 697 4825 Iron
715 4775 860 4853 intortio,
888 4780 989 4829 willens
1007 4775 1064 4826 alda
1080 4780 1127 4828 mlt
1144 4776 1220 4828 Hulu
1235 4780 1285 4828 Irae
1303 4778 1421 4833 Vettern,
1447 4772 1536 4834 hlebey
