3567 5625
258 418 321 481 618
383 503 386 512 ι
635 417 668 473 ln
685 416 904 474 stereometriam
915 415 1055 472 Doliorum
1072 409 1224 484 Appendim

254 589 331 664 nulla
348 591 402 646 alia
419 591 551 660 sequitur3
579 597 627 646 eut
644 607 699 646 non
718 590 791 646 ultra
808 591 840 660 V,
859 591 923 659 qnia
941 599 1005 660 post
1021 589 1092 644 banc
1109 589 1207 642 iterum
1223 587 1356 658 incipiunt
1381 586 1415 641 ab
1433 585 1464 660 i,
1489 582 1605 650 deniqne

256 687 288 727 ac
306 671 329 728 si
347 672 408 741 quis
426 671 536 735 diceret,
554 672 692 727 Teutonas
710 671 745 726 ad
757 670 899 726 duodecim
911 684 997 737 usque
1008 667 1143 739 progredi,
1163 667 1294 750 deceptus
1306 666 1409 722 rocnlis
1423 661 1490 727 eiiii,
1502 658 1601 717 rsolti.

343 750 447 818 Quodsi
464 749 520 804 ulla
544 751 614 804 ritae
643 751 827 804 studiornmre
854 749 1002 803 necessitas
1027 747 1115 818 potuit
1133 747 1215 804 aliam
1241 748 1379 816 imponere
1407 739 1605 814 progressionis

230 862 235 866 -
256 826 370 883 formam
387 830 505 884 hnmano
524 830 624 899 captui,
644 830 733 900 potuit
750 828 778 882 id
795 828 968 896 astronomia,
987 827 1021 883 ob
1034 837 1154 883 motuum
1167 826 1374 900 perpetuitatem
1389 832 1416 878 et
1428 821 1601 875 manifestum

257 912 372 962 naturae
390 906 500 961 domum
519 907 554 963 ad
573 908 789 978 progressionem
808 906 1008 976 duodenariam,
1027 907 1212 973 tricenariam,
1238 913 1285 960 sut
1306 905 1387 958 etiarn
1405 898 1605 956 commoditatis

256 1000 341 1039 causa
358 986 386 1040 in
405 987 587 1054 sexagenaria.
606 987 690 1055 Atqui
710 986 838 1053 ridemus,
857 985 909 1041 etsi
927 987 1130 1052 sexagenarium
1148 985 1301 1048 necessario
1320 981 1438 1052 amplexi
1450 980 1506 1034 sint
1519 985 1607 1032 astro-

257 1063 338 1132 nomi,
357 1065 427 1120 hanc
445 1073 535 1121 tamen
554 1067 684 1135 explicari
703 1067 755 1120 illis
775 1083 823 1136 per
841 1066 966 1120 usitatam
991 1066 1144 1133 denariam,
1173 1065 1296 1119 Arabicis
1321 1057 1524 1117 characteribus
1547 1056 1607 1124 J'am

255 1141 352 1198 eximie
378 1143 533 1199 stabilitam.
568 1144 646 1199 Itlern
669 1146 751 1213 igitur
768 1144 924 1200 faciundum
942 1146 970 1199 in
989 1145 1140 1212 octonaria,
1166 1146 1189 1197 si
1206 1144 1323 1198 maxime
1340 1139 1489 1196 necessitas
1507 1133 1606 1204 aliquis

255 1220 383 1277 suaderet
399 1221 470 1278 banc
487 1222 666 1279 introducere.
702 1222 787 1278 Plane
804 1222 894 1278 aliena
917 1234 959 1279 est
985 1232 1118 1293 perpetus
1141 1223 1254 1278 bisectio
1279 1218 1424 1286 acircuio,
1443 1230 1525 1286 quarn
1544 1214 1604 1267 Ste-

254 1301 332 1356 rinus
350 1300 408 1356 ruit
426 1302 462 1358 rin
480 1302 551 1370 512).
587 1302 721 1356 Denariae
739 1302 936 1371 progressionis
953 1303 1082 1358 nobilitas
1100 1305 1127 1358 in
1147 1304 1200 1358 boc
1218 1301 1353 1368 consistit,
1379 1294 1453 1367 qnod
1471 1290 1606 1347 mirabilis

254 1380 302 1436 illa
319 1382 543 1450 geometricorum
568 1383 670 1437 entium
693 1383 751 1437 Deo
778 1390 986 1438 coaeternorum
1012 1383 1107 1454 politia
1132 1383 1277 1438 methodos
1303 1385 1442 1448 separatas
1467 1370 1607 1429 dividendi

257 1461 350 1516 circuli
369 1462 397 1515 in
416 1460 546 1515 divisione
564 1460 675 1516 denaria
692 1462 825 1516 terminat.
861 1462 952 1516 Prima
974 1463 1044 1516 enim
1068 1467 1111 1516 est
1135 1460 1308 1524 bisoctionis,
1337 1473 1407 1527 qnae
1430 1469 1479 1525 per
1496 1448 1606 1539 quadri·
1645 1454 1654 1474 ‘

205 1607 212 1612 ,
255 1542 402 1594 sectionem
422 1546 450 1593 et
467 1539 677 1594 octosectionem
694 1541 723 1595 in
741 1539 874 1596 infinitum
893 1541 1031 1611 pervadit,
1059 1542 1145 1596 altera
1163 1540 1286 1596 conadae
1303 1545 1330 1591 et
1348 1552 1383 1590 ex
1400 1535 1452 1589 hac
1469 1539 1607 1616 ternarias

256 1619 392 1681 sectionis,
410 1618 492 1673 tertia
509 1617 644 1684 denariae,
664 1635 733 1687 quae
751 1635 801 1690 per
823 1621 1045 1690 compositionem
1070 1632 1098 1676 et
1123 1620 1272 1690 quinariam
1305 1613 1454 1686 progignits
1480 1623 1511 1663 ⁸⁰
1537 1607 1606 1676 59⁸¹ss

255 1697 378 1767 singulae
395 1696 535 1762 subnixae,
555 1697 678 1765 singulae
695 1713 794 1752 uorum
813 1709 983 1756 assumentes
1001 1701 1176 1770 principium
1201 1699 1286 1769 prima
1303 1695 1389 1750 utittu
1406 1701 1607 1746 commensura-

255 1779 329 1833 tione
346 1778 485 1849 poteutiae
507 1776 623 1834 laterum
649 1776 677 1831 in
702 1777 878 1845 rectangulo,
905 1780 1026 1846 εεειιιᾱε
1052 1778 1315 1833 commensuratione
1342 1775 1462 1845 ipsorum
1487 1768 1607 1820 laterum

252 1856 281 1911 in
293 1856 401 1926 trigono
419 1856 595 1924 aequilatero,
614 1856 696 1910 tertia
713 1858 975 1912 commensuratione
992 1858 1148 1927 potentialis
1161 1854 1345 1911 diminutionis
1364 1857 1392 1907 et
1409 1845 1525 1924 mirabili
1542 1859 1607 1913 1)ῐο-

255 1935 388 2005 portione,
406 1935 496 1989 divina
513 1933 656 2003 appellata
692 1934 770 2002 (Nam
789 1934 916 2008 trianguli
935 1935 1155 2007 perpendiculum
1178 1943 1221 1989 est
1245 1931 1366 1999 effabile,
1386 1922 1522 1993 hexagoni
1539 1937 1606 1976 sero

254 2012 328 2068 latus
346 2022 374 2068 et
392 2012 559 2080 dodecagoni
578 2015 660 2080 area.)
686 2029 691 2036 ·
1090 2017 1093 2026 “
1145 2047 1147 2054 ‚

343 2092 477 2162 Equidem
496 2100 523 2145 et
540 2092 607 2145 elias
625 2106 723 2159 magna
740 2106 801 2146 cum
814 2091 986 2161 jucunditate
1004 2108 1098 2148 versor
1119 2094 1149 2149 in
1170 2093 1222 2147 bac
1240 2089 1334 2146 sabaia
1352 2084 1528 2156 geometrica,
1557 2078 1606 2133 ubi

253 2186 299 2226 res
318 2170 497 2241 geometricae
515 2178 643 2224 aeternae
661 2178 813 2224 creatorum
832 2177 859 2225 et
877 2171 1039 2227 caducorum
1057 2172 1127 2228 fiunt
1144 2171 1297 2241 archetypi3
1316 2175 1343 2223 et
1357 2169 1386 2223 in
1397 2168 1449 2221 hoc
1466 2161 1606 2234 praesenti

253 2250 365 2319 negotio
383 2257 425 2312 (ne
444 2249 530 2304 solum
550 2248 716 2303 Schonerum
733 2247 762 2301 in
780 2249 890 2319 politica
915 2252 967 2306 hac
990 2254 1149 2320 quaestione
1171 2250 1359 2323 philosophari
1381 2243 1483 2316 patiar)
1510 2238 1606 2293 videor

257 2344 292 2383 ex
310 2331 362 2385 hac
380 2331 440 2399 ipsa
458 2328 606 2396 geometria
623 2328 688 2397 quid
706 2329 766 2382 fieri
784 2328 881 2384 debeat
900 2330 1086 2387 demonstrare
1104 2347 1192 2402 posse.

340 2412 367 2478 1)
386 2405 533 2475 Sexangnli
551 2407 690 2475 inscriptio
707 2407 736 2460 in
755 2406 885 2462 circulum
902 2417 1091 2480 repraesentat
1107 2411 1185 2466 nobis
1198 2407 1399 2480 proportionem
1418 2395 1604 2472 aequalitate,

253 2487 318 2560 quia
336 2488 409 2543 latus
426 2485 570 2557 seiangnli
588 2487 708 2555 aequalis
727 2495 770 2541 est
785 2487 879 2556 rsdio,
907 2494 936 2541 et
953 2490 1032 2556 quie,
1052 2497 1083 2543 ut
1105 2487 1278 2558 aequalitatis
1296 2482 1524 2557 proportio-intra
1542 2489 1606 2529 sese

253 2568 393 2635 subsistit,
418 2581 470 2622 nec
492 2567 563 2621 enim
580 2576 684 2622 sextam
704 2566 798 2622 circuli
815 2584 923 2623 rursum
940 2570 968 2624 in
987 2573 1002 2624 6
1021 2571 1184 2639 geometrice
1202 2567 1339 2630 diviseris,
1357 2577 1446 2632 neque
1464 2565 1527 2631 post
1545 2570 1604 2610 rem

252 2646 369 2716 lecum,
386 2647 459 2704 latus
477 2647 557 2702 ideae
578 2646 663 2715 partis
688 2645 780 2701 circuli
803 2648 1045 2703 commensurabile
1064 2657 1106 2702 est
1124 2647 1158 2702 ad
1176 2647 1250 2701 latus
1268 2653 1363 2699 sextae
1381 2641 1437 2697 ullo
1456 2645 1546 2708 pacto.
1571 2634 1604 2699 2)

149 2731 155 2744 ⁸
253 2725 389 2796 Bisectio,
417 2724 616 2793 quedu’sectio,
636 2724 809 2780 ocmrisectio
832 2726 926 2780 cuculi
944 2727 1030 2797 gignit
1048 2728 1249 2798 proportionem
1267 2721 1426 2779 rationalem
1445 2717 1604 2772 continuam

252 2802 364 2875 duplam
389 2821 419 2859 re
437 2804 496 2874 ipsa
514 2814 542 2860 et
560 2804 587 2858 in
605 2804 738 2873 imagine,
765 2822 827 2860 nam
855 2822 925 2874 quae
951 2814 1026 2862 recta
1053 2807 1182 2863 circulum
1209 2807 1295 2877 primo
1312 2804 1431 2863 biseest,
1458 2796 1542 2866 dupla
1559 2799 1605 2847 est

256 2885 334 2950 radii,
354 2890 382 2937 et
399 2901 468 2953 quae
487 2883 666 2951 quadrisccat.
684 2885 745 2952 ejus
764 2879 884 2955 potentia
902 2882 1037 2957 subdupla
1063 2896 1105 2941 est
1132 2886 1269 2955 potentiae
1291 2880 1445 2937 bisecantis.
1480 2875 1605 2940 Cumque

253 2962 388 3018 dividatur
406 2962 523 3017 circulus
548 2976 597 3031 per
624 2963 694 3017 banc
719 2963 747 3017 in
772 2964 906 3020 inlinitum
935 2965 1029 3019 eadem
1049 2967 1211 3033 geometrica
1228 2960 1474 3021 demonstratione,
1500 2955 1553 3008 hac
1570 2966 1604 3005 ra

252 3058 304 3097 nos
321 3042 423 3096 moueri
442 3048 517 3112 puto,
542 3048 575 3095 ut
591 3041 717 3108 vulgares
735 3049 842 3098 nostras
860 3046 979 3099 unitates
996 3045 1135 3107 (circulum
1154 3044 1224 3098 enirn
1241 3044 1277 3097 ob
1295 3041 1364 3097 alias
1376 3052 1472 3094 causas
1485 3031 1604 3101 excipio)

253 3121 383 3176 condunt
399 3121 549 3177 bisantione
567 3120 715 3175 dividamus
735 3129 763 3176 ει
780 3122 839 3193 ipsi,
859 3139 914 3192 que
931 3125 959 3178 in
977 3139 1007 3177 re
1025 3123 1165 3178 consentio
1178 3124 1296 3179 Steviae.
1333 3123 1359 3190 3)
1377 3117 1497 3174 Denaris
1513 3112 1603 3168 secde

252 3201 363 3256 inchoat
379 3200 487 3270 quidem
505 3202 705 3271 proportionem
725 3201 862 3257 denariam
886 3212 914 3256 et
936 3203 1104 3272 quinariam,
1131 3204 1288 3257 constitutis
1312 3199 1407 3257 circuli
1424 3195 1547 3268 pertibus
1568 3194 1604 3247 ¹0

254 3287 282 3334 et
300 3282 324 3336 5.
344 3279 479 3349 etiamque
497 3281 525 3333 in
541 3280 667 3348 imagine,
687 3279 796 3349 quando
814 3283 951 3350 potentiae
968 3284 1083 3337 laterum
1101 3282 1198 3336 borum
1213 3282 1325 3351 junctae
1343 3279 1416 3333 sarie
1436 3291 1486 3345 per
1504 3273 1602 3340 quint·

254 3357 323 3413 uum
341 3373 482 3411 numerum
502 3358 680 3428 explicentur.
716 3359 754 3412 At
772 3376 826 3413 non
845 3361 933 3430 pergit
951 3363 1069 3417 dividere
1087 3359 1216 3417 circulum
1236 3360 1330 3415 eadem
1347 3354 1532 3427 proportione,
1549 3365 1605 3403 nec

252 3438 322 3495 enim
351 3436 1103 3511 geometricediviserisdecimaminslias10partes.
1140 3442 1236 3510 ltaque
1260 3440 1289 3493 in
1313 3436 1445 3494 divisione
1462 3429 1533 3485 assis
1551 3441 1603 3483 seu

183 3522 185 3529 '
251 3517 364 3572 unitatis
382 3515 577 3585 repudiandam
595 3515 704 3571 Stevino
722 3518 841 3573 concedo
860 3521 1062 3590 proportionem
1080 3520 1224 3574 denariam.

340 3596 450 3649 Interim
469 3595 549 3649 aliam
566 3594 662 3649 miram
680 3596 801 3664 possidet
818 3599 1012 3667 proprietatem
1036 3599 1065 3652 in
1090 3599 1169 3653 lineis
1196 3600 1263 3653 haec
1289 3596 1379 3651 diuina
1401 3592 1494 3647 sectio.
1530 3588 1603 3643 Nam

254 3674 277 3731 si
294 3674 422 3730 continue
441 3674 525 3728 addes
544 3680 650 3742 partem
675 3676 805 3743 majorem
831 3678 898 3744 toti,
926 3687 956 3732 ut
980 3679 1051 3733 istus
1078 3677 1210 3748 decagoni
1235 3676 1311 3731 rsdio
1338 3673 1439 3742 circuli,
1463 3679 1492 3726 ει
1518 3669 1602 3724 alium

251 3757 358 3812 radium
376 3754 542 3824 compositae
560 3769 594 3807 ex
612 3761 729 3821 auoque
748 3764 776 3809 et
793 3757 833 3811 sic
850 3766 995 3827 perpetuo,
1023 3774 1129 3827 semper
1145 3762 1237 3811 manet
1254 3754 1348 3809 eadem
1366 3750 1513 3823 proportio.
1549 3748 1604 3801 Hic

252 3836 344 3905 itaque
375 3833 463 3887 oritur
489 3831 567 3886 uobis
594 3848 701 3886 rursum
730 3836 858 3889 continua
880 3836 1022 3906 proportio
1040 3846 1068 3892 ει
1084 3836 1248 3892 irrationalis
1265 3835 1381 3901 ideoque
1399 3830 1520 3896 infinita,
1546 3843 1603 3881 non

253 3912 402 3981 divisionis,
422 3912 470 3967 sed
489 3911 671 3978 collectionis;
698 3928 761 3967 nam
785 3914 878 3968 circuli
905 3924 997 3985 partes
1015 3916 1147 3970 notabant
1164 3924 1192 3968 et
1210 3915 1285 3985 prius
1313 3914 1465 3982 fragments
1492 3908 1602 3964 musio

254 4009 327 4061 num,
346 3991 418 4047 lines
436 4007 499 4045 uero
517 3997 577 4045 tota
594 3990 686 4058 aliqua
704 3992 761 4045 sive
779 4008 864 4049 asses.
901 3995 1033 4048 Jubemrtr
1051 3994 1136 4060 igitur
1155 3994 1183 4047 in
1201 3994 1312 4049 denaria
1331 3992 1506 4063 proportione
1526 3990 1603 4046 colli-

253 4088 318 4143 gere
336 4085 412 4126 asses
431 4086 479 4125 seu
498 4078 557 4124 tote
573 4076 602 4124 et
619 4076 683 4139 post
700 4074 735 4128 10
752 4072 854 4126 assium
880 4073 1017 4127 stimulum
1045 4074 1079 4128 ed
1105 4073 1236 4127 unitatem
1261 4070 1365 4132 redire,
1393 4069 1418 4122 ei
1436 4086 1473 4123 sc.
1492 4067 1602 4123 cumulo

251 4153 321 4207 assis
339 4165 438 4205 nornen
455 4150 532 4219 clare;
552 4156 584 4204 ut
601 4157 695 4204 nostra
712 4151 739 4203 in
757 4151 881 4218 imagine,
901 4166 972 4220 quae
984 4158 1044 4206 tota
1055 4158 1120 4216 erat,
1139 4157 1270 4222 perpetuo
1284 4149 1368 4219 partis
1380 4148 1491 4217 majoris
1502 4164 1604 4203 nomen

251 4233 279 4288 in
298 4233 434 4287 subeunte
451 4229 655 4300 propagationis
673 4236 736 4282 actu
752 4228 923 4284 nanciscitur.

336 4309 462 4364 Etiamne
476 4308 565 4363 dicere
578 4307 746 4377 audebimus,
765 4308 852 4376 ipsam
866 4309 977 4364 humaui
996 4309 1116 4380 corporis
1135 4309 1378 4365 conformationem
1396 4307 1429 4361 ad
1444 4304 1603 4377 exemplum

250 4391 303 4445 hoc
322 4386 604 4463 geometricrrmhquis
622 4387 839 4455 immateriatum,
858 4389 917 4443 sola
934 4388 1039 4444 ratione
1057 4388 1200 4444 subnixum
1218 4389 1341 4457 adeoque
1359 4396 1514 4451 aeternnm
1542 4401 1605 4439 esse

250 4466 424 4523 institutam?
447 4465 553 4532 Digitus
571 4482 598 4519 n.
613 4467 647 4521 10
658 4465 737 4520 datos
750 4466 785 4520 ad
804 4466 998 4520 numerandum
1016 4473 1044 4521 et
1061 4466 1241 4535 colligendum
1259 4482 1307 4535 per
1327 4466 1366 4533 10,
1386 4470 1481 4533 utpote
1499 4464 1606 4518 homini

253 4544 419 4614 geometriae
437 4559 564 4614 capacem
582 4543 688 4612 futuro;
708 4560 804 4599 manus
822 4560 885 4599 vero
904 4544 990 4611 binas,
1017 4554 1045 4598 et
1061 4545 1090 4598 in
1108 4546 1160 4600 has
1177 4545 1348 4616 dispertitum
1366 4542 1519 4612 aequaliter
1537 4543 1605 4613 digi-

251 4633 340 4679 torum
358 4639 499 4678 numerum
516 4622 550 4676 ad
569 4621 743 4677 dividendum
760 4640 810 4695 per
827 4624 851 4678 2.
887 4624 957 4678 Nam
976 4632 1007 4678 ut
1029 4624 1057 4678 in
1079 4641 1161 4680 manu
1180 4625 1256 4695 digiti
1275 4631 1340 4679 sunt
1357 4622 1465 4677 collecti
1483 4632 1512 4676 ει
1529 4622 1605 4676 colli·
1631 4662 1635 4667 .

250 4700 315 4769 gati,
334 4702 374 4756 sic
391 4702 420 4757 in
437 4716 551 4772 corpore
569 4716 666 4755 manns
685 4711 750 4757 sunt
769 4704 878 4759 ιίιιὶεεε.
915 4705 1044 4759 Mannum
1072 4712 1099 4759 et
1123 4705 1294 4761 brachiorum
1317 4701 1386 4757 rami
1409 4701 1554 4758 discedunt
1577 4703 1605 4756 in

252 4782 401 4838 nonnanes
419 4782 524 4853 plagas,
543 4780 686 4849 digitorum
704 4782 846 4851 quinorum
865 4790 941 4837 ortus
957 4798 994 4837 cx
1012 4784 1105 4839 eadem
1123 4792 1166 4841 est
1183 4784 1271 4857 plaga

341 4870 453 4927 Dictum
466 4868 501 4927 de
512 4884 686 4927 numerorum
698 4871 888 4941 progressione
906 4871 936 4930 in
953 4888 1116 4944 quacunque
1133 4874 1258 4931 materia:
1277 4872 1422 4930 ossuum
1444 4879 1474 4931 et
1490 4870 1525 4930 ue
1542 4886 1607 4944 pro·
