3567 5625
255 414 317 474 232
340 410 343 423 '
668 407 711 463 De
729 404 996 478 Condpuratlombus
1013 364 1192 464 ilarmonieis.

254 590 436 652 conformant
456 587 530 651 radii
552 587 658 660 lucidi,
689 605 735 648 res
757 586 840 648 coelo
863 584 1084 656 oriunda,.,ssd
1107 587 1137 644 iu
1159 585 1279 647 Terram
1299 586 1363 663 jam
1385 587 1517 666 delapsa
1563 589 1610 650 De

254 695 322 738 vere
345 678 519 739 coelestibus
542 693 612 737 vero
635 676 794 735 harmoniis
814 674 891 734 libro
914 673 952 734 V.
975 692 1013 734 er
1033 674 1169 753 professo
1188 692 1320 750 agemus.
1365 675 1515 736 Breviter:
1549 686 1610 736 ter·

253 767 324 824 mini
346 766 563 826 harmoniarum
583 764 659 825 libro
682 766 768 824 tertio
791 762 908 823 luerunt
936 761 1063 821 bominis
1085 777 1138 820 eeu
1161 765 1233 820 artie
1255 778 1347 839 opus,
1376 763 1434 823 hoe
1454 763 1531 824 libro
1554 763 1608 823 IV.

254 860 340 913 eruut
360 864 482 913 naturae
506 866 596 930 opus,
618 850 695 911 libro
719 851 844 927 denique
866 844 905 909 V.
929 858 1012 909 erunt
1034 865 1108 926 opus
1131 847 1189 908 Dei
1213 848 1369 909 Crantoris.

339 940 394 1001 111.
418 938 567 1016 Quantum
585 939 650 1015 jam
671 938 710 998 ad
732 937 905 997 rationalem
927 954 1055 1008 cansam,
1079 953 1156 1012 quae
1172 935 1332 996 harmoniis
1354 955 1440 998 suurn
1455 954 1513 998 cese
1536 954 1610 999 con-

254 1026 348 1101 ciliat,
373 1028 527 1088 discrimen
549 1026 688 1085 librorum
711 1026 786 1085 tertii
810 1033 839 1084 et
861 1026 959 1101 quarti
982 1025 1011 1081 iu
1035 1039 1141 1099 genere
1164 1023 1278 1082 nullum
1294 1033 1348 1095 est,
1371 1026 1424 1085 sed
1447 1025 1554 1086 saltem
1576 1030 1607 1085 in

253 1116 360 1192 specie.
406 1114 574 1175 Intluebaut
596 1116 673 1173 enim
695 1114 770 1173 libro
793 1111 849 1171 lll.
872 1112 1042 1171 harmoniae
1072 1112 1185 1170 maone
1216 1113 1261 1170 sui
1290 1112 1416 1189 subjecti
1447 1114 1610 1174 materialis

252 1199 413 1283 (sonorum)
440 1204 469 1261 in
498 1219 616 1275 sensus,
648 1201 864 1279 recipiebantur
897 1209 926 1257 ct
956 1196 1192 1276 dijudicabantur
1224 1201 1338 1258 ratione
1373 1218 1446 1289 suae
1475 1202 1609 1261 turmulis

254 1291 410 1364 esseutiae,
434 1307 494 1366 qua
514 1288 684 1349 harmoniae
706 1294 775 1348 aunt
796 1284 839 1364 (id
867 1295 913 1345 est
934 1285 1162 1363 formabantur),
1185 1286 1223 1345 ab
1248 1288 1387 1346 instinctu
1420 1291 1511 1348 menti
1535 1306 1610 1348 cou-

254 1386 362 1450 creato,
384 1379 506 1437 rationis
528 1378 591 1436 sine
615 1375 747 1435 discursu
769 1375 922 1452 participe.
967 1373 1006 1433 Et
1032 1372 1175 1432 hacteuus
1202 1372 1374 1434 harmoniae
1406 1376 1609 1436 tautummodo

254 1465 381 1540 seipsis
404 1465 673 1524 considerabuntur.
719 1461 833 1521 Deinde
864 1477 935 1521 vero
961 1477 1013 1538 per
1040 1460 1202 1533 occultum,
1233 1461 1286 1520 aed
1315 1462 1480 1522 contessum
1509 1471 1610 1524 minen

217 1594 220 1599 -
255 1554 459 1612 commercium
480 1550 655 1611 facultatum
678 1552 793 1609 animae
817 1546 1094 1608 transiundebautur
1109 1546 1278 1609 hamtoniae
1302 1550 1455 1609 introrsum
1473 1560 1609 1629 receptae

255 1641 284 1697 iu
308 1639 429 1699 affectus
456 1639 552 1699 cordis
581 1640 692 1711 varios,
725 1654 777 1714 per
805 1636 948 1713 quasdam
980 1637 1026 1693 sui
1052 1635 1258 1694 similitudines
1288 1653 1342 1695 seu
1365 1639 1478 1715 icones;
1509 1646 1608 1698 trane

253 1726 449 1786 tundebantur
471 1737 501 1786 et
523 1728 552 1783 in
575 1724 792 1798 locomotivam,
818 1732 850 1782 ut
871 1722 960 1783 bomo
984 1731 1156 1800 conceptam
1172 1725 1269 1782 auimo
1285 1726 1413 1800 speciem
1436 1725 1608 1787 barmoniae

253 1830 313 1874 non
336 1831 410 1873 voce
432 1821 546 1872 uatum
569 1815 756 1889 exprimeret,
788 1811 840 1870 sed
860 1812 958 1870 ’ctiam
987 1819 1068 1870 motu
1092 1812 1222 1887 corporis
1252 1813 1424 1872 imitaretur.
1468 1813 1515 1872 Ita
1538 1814 1609 1873 har·

253 1903 370 1960 moniae
394 1903 474 1960 vices
497 1900 621 1976 alicujus
644 1916 751 1959 causae
774 1899 934 1958 subierunt.

339 1986 477 2049 Similiter
505 1996 536 2048 et
562 1987 610 2057 hic
632 1989 760 2046 animam
787 2002 951 2062 supponere
978 1999 1098 2044 necesse
1129 1992 1191 2057 est,
1229 1986 1276 2045 cui
1309 1985 1377 2046 iude
1411 2004 1430 2046 a
1460 1989 1608 2049 cr'eatione

252 2091 348 2134 rerum
370 2078 408 2134 sit
431 2076 598 2134 instinctum
626 2075 683 2133 hoo
714 2075 934 2150 proportionum
963 2070 1195 2132 harmonicarum
1219 2095 1364 2151 apaqprnu
1394 2083 1523 2151 atquae
1552 2093 1613 2134 an-

253 2161 354 2239 gulum
377 2164 500 2222 duorum
530 2162 706 2221 radiantium
733 2161 875 2232 siderum,
907 2157 1171 2237 quomodocunque
1201 2160 1277 2219 intro
1304 2172 1454 2239 receptum
1478 2159 1547 2244 (sen
1580 2163 1609 2221 id

252 2249 304 2308 fiat
327 2248 428 2326 eliqua
451 2268 481 2310 re
503 2266 642 2309 sensuum
666 2248 805 2324 analoga,
828 2250 892 2306 sive
914 2265 986 2307 suae
1009 2247 1171 2320 macariae,
1194 2263 1255 2322 qua
1277 2250 1376 2308 anima
1398 2258 1452 2323 est,
1474 2252 1609 2327 proprie·

252 2343 329 2411 tate;
359 2336 394 2396 de
418 2354 477 2414 quo
501 2345 531 2397 et
554 2336 664 2395 dictum
686 2337 783 2412 capite
805 2333 992 2412 praecedenti
1023 2342 1052 2393 et
1074 2332 1205 2394 dicentur
1237 2337 1265 2391 in
1289 2337 1481 2412 sequentibus
1503 2334 1606 2419 plura)

252 2438 352 2483 secum
374 2427 438 2501 ipsa
462 2425 605 2493 aestimet,
629 2423 667 2483 ad
690 2432 817 2499 quatuor
838 2428 933 2481 rectos
956 2430 1117 2498 comparet,
1141 2420 1343 2481 harmonicum
1366 2441 1384 2484 a
1406 2440 1464 2483 uon
1487 2423 1610 2485 harmo-

252 2513 317 2571 nico
341 2511 491 2588 dijudicet,
515 2522 545 2571 et
566 2513 609 2571 sic
630 2511 802 2570 barmoniae
824 2527 910 2569 sunm
932 2526 991 2568 ease
1013 2507 1210 2569 intellectuale
1234 2509 1379 2585 conciliet,
1404 2511 1484 2589 qnod
1506 2513 1610 2589 anguli

252 2598 282 2657 bi
304 2600 375 2658 loris
399 2609 481 2659 extra
502 2600 608 2659 mentis
631 2597 732 2658 limina
754 2595 885 2656 nondum
908 2596 1067 2657 habebant.

339 2684 452 2761 Quodsi
482 2696 653 2763 quaeratur,
687 2683 853 2761 cujusmodi
881 2683 957 2743 haec
987 2687 1085 2744 anima
1110 2685 1164 2756 sit,
1197 2683 1245 2742 urbi
1270 2682 1317 2742 vel
1350 2686 1379 2741 in
1402 2701 1461 2760 quo
1485 2702 1607 2763 corpore

253 2771 420 2847 collocetur,
444 2772 616 2852 respondeo,
641 2773 765 2851 primum
787 2771 862 2832 tales
884 2787 949 2831 esse
972 2774 1101 2832 omnium
1123 2770 1274 2831 homiuum
1289 2775 1414 2832 artimus.
1458 2772 1517 2835 Sed
1532 2773 1608 2835 libro

253 2861 340 2920 tertio
364 2869 427 2921 erat
448 2861 589 2936 incultas,
613 2879 690 2936 quae
712 2869 829 2939 praeest
851 2858 966 2919 auditui
996 2862 1089 2920 etsie
1110 2860 1259 2932 sensibus,
1288 2858 1336 2920 hic
1358 2877 1417 2920 non
1440 2871 1486 2922 est
1508 2865 1607 2922 mnni-

255 2949 318 3005 tiva
338 2946 472 3008 facultas.
519 2946 604 3009 Oculi
627 2950 713 3020 enim,
737 2964 860 3024 quorum
882 2947 1031 3022 objectum
1055 2954 1124 3007 sunt
1140 2945 1196 3005 'lux
1219 2956 1249 3006 et
1270 2946 1344 3006 radii
1366 2947 1470 3022 lucidi,
1494 2949 1610 3009 nullum

255 3036 367 3093 iaciunt
394 3033 531 3095 idoneum
561 3035 700 3095 indicium
731 3034 918 3094 harmonicae
946 3034 1117 3095 radiationis
1139 3035 1280 3094 ‚binorum
1310 3034 1503 3111 planetarum.
1548 3037 1613 3100 Nec

256 3128 300 3181 est
322 3122 526 3182 ratiocinativa
547 3122 687 3199 incultas3
715 3124 770 3182 etsi
793 3124 929 3182 enimes
952 3122 1209 3183 observationibus
1231 3124 1434 3183 astronomicis
1461 3142 1514 3202 per
1537 3141 1613 3184 ocu·

191 3211 198 3222 '
255 3207 301 3268 los
323 3207 559 3269 administrandis
581 3211 657 3269 ratio
679 3212 792 3269 invenit
813 3217 843 3269 et
866 3217 1034 3284 computat,
1066 3212 1116 3286 qui
1139 3210 1245 3287 quovis
1267 3216 1398 3288 tempore
1425 3213 1484 3271 sint
1504 3230 1613 3289 aspec-

255 3302 312 3371 tus,
335 3296 365 3355 id
387 3304 485 3356 tamen
508 3313 567 3355 uon
589 3296 651 3374 agit
676 3296 861 3369 naturaliter,
886 3297 995 3373 quippe
1017 3314 1076 3357 nou
1098 3295 1178 3374 apud
1201 3313 1301 3357 omnes
1324 3300 1497 3375 promiscue
1511 3298 1614 3359 homi·
1713 3329 1716 3335 ·

255 3399 317 3457 nes,
340 3382 392 3443 sed
414 3382 589 3458 voluntarie,
612 3384 691 3462 apud
715 3401 825 3463 paucos
847 3386 1045 3446 astronomiae
1072 3384 1258 3462 singulariter
1289 3386 1413 3445 deditos.
1460 3385 1518 3447 Sed
1542 3395 1614 3447 suut

256 3472 372 3531 animae
402 3471 549 3531 humanae
579 3472 743 3546 subjectum
772 3472 989 3532 harmoniarum
1020 3472 1136 3532 illarum
1163 3475 1287 3548 primum
1315 3477 1427 3534 ratione
1456 3476 1614 3536 instinctus

255 3557 414 3632 naturalis,
445 3559 641 3635 inquantum
670 3562 784 3619 animae
814 3568 883 3620 sunt
906 3559 1085 3637 exemplaria
1112 3562 1265 3632 creatoris,
1298 3570 1329 3620 ut
1352 3561 1460 3621 dictum
1491 3579 1555 3640 cap.
1581 3566 1613 3639 t,

257 3644 387 3705 seeundo
410 3648 523 3706 ratione
545 3644 732 3718 facultatum,
760 3645 859 3706 vitalis
882 3655 912 3706 et
935 3646 1078 3708 naturalis
1100 3655 1291 3723 motuumque
1315 3648 1448 3709 vitalium
1470 3659 1500 3708 et
1522 3659 1615 3710 natu-

255 3731 370 3806 ralium,
394 3750 446 3793 seu
469 3733 624 3793 Platonico
649 3751 729 3793 more
751 3734 989 3811 concupiscibilis
1011 3744 1042 3795 et
1063 3735 1218 3796 irascibilis
1239 3738 1382 3812 partium3
1406 3737 1519 3795 ratione
1542 3740 1615 3814 qui-

257 3819 324 3880 dem
347 3820 441 3894 illius,
472 3822 502 3878 in
535 3828 676 3896 quantum
705 3821 874 3882 barmoniae
901 3830 984 3897 sunt,
1018 3825 1131 3884 ratione
1162 3840 1232 3883 vero
1254 3823 1372 3897 barum,
1406 3826 1435 3882 iu
1467 3833 1614 3900 quantum

260 3909 374 3985 species
396 3907 610 3967 harmoniarum
640 3905 843 3985 imprimuntur
872 3911 901 3966 in
930 3910 983 3970 has
1013 3910 1168 3971 facultates
1197 3909 1329 3986 fiuntque
1345 3927 1465 3971 »causac
1489 3928 1616 3990 operum

256 4002 388 4069 naturae,
412 4003 473 4054 tam
496 3993 646 4054 inanimo
670 4014 758 4071 qnam
782 4000 811 4056 in
835 4013 963 4075 corpore,
987 3998 1165 4076 impultrices
1190 4007 1219 4057 et
1241 3996 1458 4059 stimulatrices.
1493 4000 1615 4062 Deinde

211 4137 214 4150 ,
257 4083 416 4159 praecipua
439 4083 545 4154 anima,
569 4084 598 4140 in
623 4100 710 4158 quum
733 4083 789 4145 bae
811 4082 1008 4144 radiationum
1029 4084 1198 4145 harmoniae
1220 4085 1353 4160 influunt,
1377 4093 1423 4145 est
1444 4084 1496 4146 illa
1511 4086 1615 4164 pbilo-

219 4226 222 4232 .
257 4167 358 4245 sophis
381 4168 460 4230 dicta
481 4179 585 4229 natura
607 4169 788 4247 sublunaris,
821 4190 871 4251 per
895 4180 988 4232 toturn
1011 4171 1153 4246 Telluris,
1181 4172 1317 4233 alumnae
1340 4183 1472 4247 nostrae,
1502 4191 1615 4252 corpus

259 4257 367 4317 diffusa
390 4258 478 4333 inque
501 4256 565 4332 ejus
587 4256 688 4333 aliqua
711 4266 790 4319 certa
812 4267 894 4339 parte
918 4275 975 4318 non
991 4259 1084 4333 aliter,
1107 4277 1194 4336 quam
1210 4263 1307 4319 anima
1322 4261 1450 4320 humana
1465 4263 1495 4319 in
1511 4262 1615 4335 corde,

257 4344 401 4419 radicata,
432 4362 468 4405 ex
490 4361 549 4421 quo
572 4362 626 4404 ceu
649 4345 730 4420 loco,
761 4346 841 4407 ionte
873 4344 921 4407 vel
948 4345 1090 4424 penetrali
1120 4365 1173 4426 per
1194 4350 1321 4425 speciem
1343 4350 1389 4409 sui
1415 4350 1476 4408 exit
1498 4351 1529 4407 in
1551 4353 1616 4410 cir-

260 4433 424 4493 cumfusum
446 4431 543 4491 Terris
559 4449 701 4492 oceanum
716 4440 746 4493 et
760 4434 944 4511 superfusum
960 4437 1090 4510 utrisque
1105 4439 1211 4495 adrem.
1258 4433 1511 4510 Quemadmodum
1528 4455 1615 4513 vero,

258 4523 309 4598 qui
332 4518 448 4581 melodo
470 4521 601 4580 suaviter
624 4523 739 4580 canenti
761 4521 922 4595 auscultat,
953 4522 979 4579 is
1006 4521 1121 4582 laetitia
1148 4523 1264 4594 frontis,
1295 4539 1382 4597 voce,
1413 4522 1521 4600 plausu
1545 4544 1616 4586 ma-

257 4625 347 4667 nuum
370 4606 524 4684 pedumve,
548 4606 586 4667 ed
609 4607 753 4669 melodiae
775 4626 940 4669 mensuram
963 4615 1171 4687 attemperate,
1194 4617 1325 4681 testatur,
1354 4626 1385 4671 se
1407 4611 1487 4687 quod
1510 4623 1556 4672 est
1580 4616 1615 4673 iu

257 4694 386 4762 melodia
415 4694 615 4755 harmonicum
644 4698 792 4773 percipere
822 4704 852 4757 et
882 4696 1061 4773 approbare,
1100 4715 1157 4757 non
1187 4697 1272 4756 aliter
1308 4707 1412 4757 natura
1442 4697 1616 4762 sublunaris

258 4784 451 4848 commotione
473 4784 580 4859 insigni
609 4789 639 4843 et
661 4783 791 4844 evidenti
819 4786 964 4844 viscerum
987 4783 1129 4859 Telluris,
1158 4783 1196 4843 ad
1226 4783 1293 4843 ilios
1323 4786 1507 4861 potissimum
1536 4787 1615 4866 dies,

258 4870 364 4956 quibus
388 4872 513 4940 manha
534 4869 632 4940 sidera
658 4870 748 4934 radiis
771 4873 833 4936 suis
854 4871 1023 4936 barmoniae
1045 4872 1260 4951 configurantur
1287 4873 1317 4931 in
1340 4872 1453 4948 Terris,
1484 4881 1617 4937 metatum
