3567 5625
168 386 175 403 x
281 405 344 466 256
692 401 734 457 De
751 400 1015 471 Contigeratiombur
1032 401 1212 457 Hmoniois.

280 579 455 657 formisque,
487 597 563 657 quae
591 581 709 657 igneum
731 580 802 658 quid
823 588 908 656 sunt,
938 582 1117 659 progenitus.
1161 579 1238 639 Vide
1261 576 1368 656 Optica
1389 597 1472 653 mea,
1504 576 1554 637 iol.
1571 576 1630 655 ⁸25,

283 669 334 740 26,
359 671 410 726 27.
446 673 488 739 (II.
510 671 559 727 143
577 673 606 739 a.)

368 754 452 814 Hanc
479 758 594 815 animae
617 754 743 815 Telluris
770 756 861 814 veluti
890 757 1042 814 materiam
1073 755 1302 829 assignabimus,
1334 756 1361 810 iu
1391 771 1480 828 quam
1507 751 1570 827 jam
1593 752 1632 807 sit

282 843 422 920 impressa
447 841 511 901 loeo
535 844 644 903 turmae
667 846 765 920 imago
798 843 897 902 vultus
920 843 1021 915 divim,
1045 860 1110 899 cum
1132 842 1204 900 ideis
1221 851 1281 900 tam
1305 841 1404 901 circuli
1426 843 1631 913 rationumque

281 930 344 1006 ejus
367 932 504 1004 omnium,
528 948 616 1006 qnam
639 933 767 1007 corporis
790 935 834 990 sui
857 930 982 1002 sensilis,
1006 933 1051 988 cui
1076 928 1202 1015 regendo
1225 929 1372 1006 praetecta
1394 937 1448 1002 est,
1471 926 1630 1001 mundique

281 1017 356 1075 adeo
381 1022 479 1090 totius,
504 1021 533 1075 in
557 1035 615 1094 qno
638 1036 744 1094 eorpus
767 1020 829 1094 ejus
853 1019 980 1093 futurum
1004 1027 1074 1075 erat.
1120 1017 1219 1075 Habet
1249 1019 1324 1075 enim
1349 1018 1430 1075 Deus
1453 1034 1510 1074 non
1530 1031 1631 1074 exem-

280 1104 374 1180 plaria
397 1114 509 1179 tantum
532 1107 709 1181 geometrica
725 1124 840 1178 secum,
862 1106 915 1165 sed
938 1108 1026 1164 etiarn
1042 1113 1199 1180 conceptus
1222 1104 1411 1183 creandarum
1432 1105 1561 1163 omnium
1585 1117 1632 1160 re·

281 1210 344 1249 rnrn
369 1193 532 1261 sensilium,
563 1210 639 1268 quae
663 1197 762 1253 omnia
780 1193 870 1252 simul
892 1198 1043 1252 transeunt
1066 1195 1094 1248 in
1118 1195 1243 1263 animas,
1277 1192 1332 1250 Dei
1355 1192 1548 1267 exemplaria,
1578 1204 1631 1264 pro

282 1280 425 1356 cujusque
447 1280 495 1340 vel
518 1288 607 1357 captu
630 1280 677 1339 vel
701 1298 765 1340 usu.
788 1281 911 1340 Relucet
934 1282 1021 1355 igitur
1045 1282 1073 1335 in
1096 1282 1193 1338 anima
1216 1278 1341 1338 Telluris
1366 1283 1463 1353 imago
1486 1275 1631 1354 quaedam

282 1369 381 1426 circuli
403 1367 516 1427 zodiaci
538 1369 685 1427 sensibilis
701 1371 849 1444 totiusque
865 1368 940 1427 adeo
956 1367 1137 1440 firmamenti,
1161 1367 1308 1425 vinculum
1331 1366 1513 1442 sympathiae
1536 1381 1632 1424 rerum

283 1455 454 1515 coelestium
477 1464 507 1515 et
526 1458 721 1531 terrestrium,
750 1456 879 1516 relucent
906 1456 998 1514 multo
1029 1458 1154 1514 maxime
1185 1457 1214 1511 in
1243 1454 1294 1513 illa
1325 1454 1475 1530 archetypi
1503 1454 1631 1511 omnium

283 1544 374 1620 ipsius
397 1545 562 1602 munierum
586 1546 772 1619 omniumque
794 1552 939 1615 motuum,
969 1543 1076 1618 quibus
1107 1560 1211 1617 corpus
1240 1560 1323 1600 suum
1346 1558 1520 1617 quoeunque
1542 1555 1631 1599 sensu

282 1639 413 1705 moveat,
443 1648 531 1707 quarn
553 1631 603 1690 alii
627 1638 758 1705 desirata,
791 1648 846 1707 ego
870 1628 1010 1709 insuram
1038 1629 1186 1713 lubentius
1215 1631 1435 1690 nominaverim.
1483 1629 1534 1687 Est
1554 1628 1632 1687 enim

282 1720 443 1777 animarum
465 1721 593 1779 essentia
614 1719 700 1791 liaeo,
732 1728 777 1778 est
797 1719 890 1778 veluti
913 1713 991 1796 ῥυσις
1012 1717 1155 1793 quaedam
1184 1716 1272 1792 hujus
1295 1718 1429 1776 flammae
1451 1719 1522 1788 ista,
1551 1714 1631 1792 quod

282 1824 397 1882 semper
419 1810 460 1865 ita
482 1813 550 1865 suut
571 1814 756 1882 comparatae
779 1823 878 1865 secum
901 1808 1015 1865 animae
1032 1807 1121 1879 ipsae
1143 1807 1233 1878 intus,
1265 1823 1299 1863 ae
1322 1809 1347 1863 si
1368 1812 1490 1881 agerent
1510 1802 1556 1874 id,
1586 1803 1632 1861 cui

283 1893 449 1971 peragendo
473 1894 567 1953 iactae
589 1905 671 1966 sunt,
703 1895 767 1952 sive
789 1901 856 1952 actu
879 1896 1027 1970 potiantur
1056 1894 1253 1951 instrumentis
1277 1895 1419 1970 corporis,
1450 1894 1514 1950 sive
1537 1893 1633 1965 impe·

284 1980 408 2040 diantnr.
453 1981 536 2054 Deus
559 1984 666 2059 quippe
695 1988 741 2039 est
767 1980 970 2040 substantialis
1001 1983 1119 2055 energia
1141 1988 1170 2038 et
1192 1983 1257 2054 ipsa
1279 1979 1334 2039 bac
1357 1981 1476 2053 energia
1497 1978 1633 2037 subsistit

284 2070 331 2142 (ut
354 2067 390 2128 de
413 2067 520 2127 divinis
543 2068 671 2128 hnmano
694 2085 773 2126 more
796 2063 992 2149 balbutiam),
1023 2078 1065 2125 et-
1081 2069 1217 2142 imaginis
1246 2069 1334 2143 igitur
1363 2066 1481 2126 divinae
1505 2064 1633 2125 essentia

283 2153 314 2216 ἐν
335 2177 375 2232 τῳ
399 2153 518 2235 stuprare
541 2159 683 2233 consistit,
706 2166 740 2214 nt
761 2155 895 2215 dammae
916 2153 948 2216 dr
961 2178 1002 2231 τῳ
1025 2150 1118 2234 posis:
1142 2163 1174 2213 nt
1196 2156 1251 2212 nisi
1274 2155 1356 2214 Dens
1378 2164 1528 2214 aeteruum
1549 2152 1632 2211 illam

284 2250 478 2304 sustentasset
500 2243 665 2302 irradiando
689 2243 752 2318 ejus
775 2243 866 2301 veluti
889 2245 1053 2314 materiam,
1080 2243 1185 2303 subito
1208 2242 1336 2301 desitura
1363 2240 1634 2318 exstinguendaque

281 2330 378 2392 luerit.
423 2328 598 2407 Quanquam
621 2331 659 2391 ad
680 2331 921 2389 individuationis
943 2349 1014 2390 suae
1036 2332 1210 2407 principium
1231 2347 1290 2388 non
1313 2338 1426 2389 tantum
1447 2346 1562 2404 corpus,
1585 2330 1636 2386 eui

284 2416 411 2493 regendo
434 2418 607 2495 praeficitur,
631 2417 683 2478 sed
706 2421 793 2477 etiam
810 2418 883 2477 haee
906 2421 971 2494 ipsa
987 2416 1145 2477 materialis
1168 2412 1273 2497 (quam
1287 2420 1368 2493 prins
1383 2412 1539 2497 descripsi)
1563 2432 1636 2492 par-

284 2505 374 2565 ticula
395 2509 442 2564 sui
463 2511 636 2582 requiratur,
659 2505 840 2582 distinguens
863 2505 943 2564 illarn
967 2524 985 2564 a
1008 2507 1111 2565 ceteris
1134 2506 1297 2563 annnab'us.

372 2590 522 2668 Quatenus
547 2595 635 2669 igitur
655 2593 729 2653 haec
751 2596 848 2653 anima
870 2592 969 2652 circuli
993 2592 1107 2651 zodiaci
1129 2609 1181 2650 seu
1202 2593 1298 2669 potius
1322 2592 1385 2668 ejus
1418 2592 1508 2649 centri
1536 2596 1638 2664 gestat

284 2678 389 2753 ideam,
413 2683 595 2758 persentiscit
617 2682 723 2759 etiam,
746 2682 796 2756 qui
819 2680 938 2758 planeta
960 2684 1066 2756 quovis
1088 2688 1218 2755 tempore
1241 2680 1297 2737 sub
1321 2696 1378 2755 quo
1402 2678 1516 2737 zodiaci
1538 2675 1635 2752 gradu

284 2775 415 2829 versetur
437 2769 618 2846 angulosque
642 2768 848 2842 radiationum,
873 2771 1040 2828 coeuntium
1063 2770 1093 2826 in
1115 2766 1216 2846 Terra,
1236 2768 1369 2842 metitnr3
1392 2773 1538 2842 quatenus
1562 2781 1636 2824 vero

285 2874 320 2913 ex
343 2856 469 2916 Divinae
498 2859 641 2916 essentiae
670 2856 856 2916 irradiatione
885 2859 1014 2917 rationes
1043 2855 1141 2915 circuli
1170 2856 1362 2931 geometricas
1392 2864 1421 2913 et
1443 2850 1511 2935 (per
1532 2852 1638 2911 circuli

170 2935 179 2948 '
284 2946 531 3019 comparationem
554 2962 619 3004 cum
642 2935 728 3003 cerlis
750 2946 811 3003 suis
833 2939 980 3027 partibus)
1000 2943 1167 3002 harmonias
1189 2942 1393 3020 archetypales
1415 2942 1551 3017 suscepit,
1575 2957 1637 2998 ιιοιι

284 3047 355 3106 pure
375 3031 496 3106 ¹quidem
519 3034 725 3108 geometricas,
757 3031 808 3090 sed
839 3031 1035 3090 radiationnm
1063 3030 1226 3089 lucidarum
1250 3031 1341 3089 veluti
1363 3046 1482 3089 saccaro
1505 3026 1638 3102 quodam

284 3115 435 3187 inductas,
460 3122 517 3177 iuro
541 3123 656 3194 penitus
678 3121 823 3193 imbutas,
854 3137 1005 3178 mensuras
1029 3122 1116 3177 etiam
1139 3117 1311 3194 angulorum
1331 3120 1393 3194 jam
1417 3119 1547 3190 agnitas,
1580 3114 1638 3174 has

286 3221 428 3281 congruus
451 3224 503 3266 seu
527 3206 723 3279 harmonicas,
755 3206 821 3265 illas
848 3209 1022 3282 incongruus
1046 3206 1175 3280 judicat,
1203 3217 1347 3281 quatenus
1376 3204 1501 3280 denique
1531 3201 1639 3262 eadem

285 3294 384 3351 anima
407 3293 559 3370 complexa
580 3302 625 3354 est
646 3294 728 3353 ideas
750 3311 869 3353 suornm
898 3311 1017 3370 operum
1048 3299 1185 3369 (quorum
1215 3293 1443 3368 uniuscnjusque
1472 3307 1561 3349 eausa
1585 3288 1641 3348 illa

285 3387 330 3439 est
354 3380 445 3440 veluti
467 3381 591 3442 circulus
614 3381 734 3457 quidam
757 3380 951 3460 operativus),
974 3383 1004 3438 in
1027 3380 1078 3440 illa
1100 3383 1189 3440 etiam
1212 3395 1266 3438 sua
1289 3398 1379 3457 opera
1402 3395 1514 3455 semper
1535 3378 1640 3446 fertur,

284 3469 427 3544 insignius
451 3478 547 3528 tarutnr
572 3477 650 3542 tnnc,
673 3471 698 3528 si
721 3478 780 3528 tres
802 3470 831 3527 iri
848 3468 944 3528 circuli
969 3470 1163 3528 concurrerint
1185 3477 1214 3526 et
1230 3469 1460 3545 conspiraverint
1482 3469 1510 3523 in
1533 3481 1639 3538 unum,

284 3555 341 3614 lroo
364 3565 409 3615 cst
430 3558 456 3615 si
478 3559 584 3632 anima,
609 3573 659 3635 per
674 3563 810 3633 aspectus
833 3560 878 3615 sui
902 3558 994 3635 ipsius
1009 3556 1167 3623 admonita,
1191 3558 1269 3630 operi
1294 3572 1348 3614 suo
1372 3572 1437 3613 cnm
1458 3554 1558 3628 aliquo
1582 3569 1641 3610 ex-

287 3659 371 3702 cessu
395 3646 541 3706 institerit.
585 3643 742 3721 Nunquam
765 3644 884 3720 quidem
907 3645 958 3704 illa
981 3651 1077 3704 cessat
1099 3642 1310 3718 a‘eoqnendo,
1333 3659 1387 3702 nec
1409 3657 1538 3717 unquam
1560 3639 1641 3698 baec

287 3737 406 3790 eoctnra
428 3735 556 3792 estsine
578 3732 657 3790 lumo
681 3741 710 3791 et
726 3750 844 3809 vapore,
868 3735 990 3808 qnin'ex
1012 3733 1092 3790 sumo
1107 3730 1219 3789 lossilia
1241 3731 1313 3789 fiunt
1335 3726 1384 3811 (ut
1405 3746 1440 3788 ex
1463 3728 1550 3786 tumis
1573 3727 1641 3784 ior·

289 3835 393 3878 nauum
416 3819 627 3879 metallicarum
649 3821 782 3879 consistit
804 3814 996 3898 arsenicum),
1019 3836 1055 3877 ex
1077 3835 1186 3895 vapore
1210 3835 1279 3878 vero
1301 3815 1410 3892 tepido,
1433 3818 1513 3874 intus
1535 3816 1565 3871 in
1590 3813 1641 3872 la-

286 3904 397 3981 pidosis
420 3906 527 3968 Terrae
550 3908 650 3966 crustis
672 3907 840 3982 refrigerato
863 3910 951 3982 inque
974 3913 1073 3980 guttas
1095 3915 1214 3978 coacto,
1239 3905 1357 3964 flumina
1378 3903 1416 3961 ad
1438 3921 1507 3962 suas
1530 3900 1641 3960 destil-

287 3993 350 4052 lant
371 3985 505 4069 origines,
530 4013 566 4054 ex
588 3993 700 4067 eodem,
724 3995 802 4054 iuras
824 4012 913 4071 supra
935 3993 1043 4052 Tenue
1065 3993 1246 4069 superficiem
1270 3994 1443 4068 exspirante,
1467 3994 1518 4049 ae'r
1539 3991 1642 4065 spira·

287 4080 364 4153 bilis,
388 4085 438 4156 qui
462 4100 512 4159 per
534 4088 648 4142 noctem
670 4083 700 4139 in
721 4099 802 4142 rores
824 4083 923 4142 coiens
946 4079 1103 4153 deciderat,
1126 4079 1258 4155 quotidie
1280 4091 1446 4138 renovamr.
1476 4078 1543 4136 Hoe
1566 4093 1642 4135 vero

287 4170 401 4227 animae
424 4168 530 4230 Terrae
554 4186 627 4246 opus
650 4173 704 4229 etsi
727 4179 900 4248 perpetuum
923 4177 982 4242 est,
1005 4186 1079 4245 opus
1102 4175 1199 4226 umen
1222 4169 1276 4225 init
1299 4167 1466 4226 excessibus
1488 4165 1643 4239 aliquibus

287 4256 317 4313 in
341 4256 539 4332 evaporando,
561 4275 619 4316 non
636 4259 782 4317 continuis
805 4265 868 4316 toto
883 4256 984 4332 aliquo
1007 4264 1145 4332 tempore,
1169 4255 1220 4313 sed
1244 4248 1290 4314 ad
1305 4262 1398 4314 certos
1414 4253 1477 4311 dies
1500 4251 1643 4325 redactis,

287 4351 318 4401 nt
341 4361 377 4402 ex
400 4347 486 4421 copia
507 4337 649 4421 vaporum
670 4348 748 4404 toras
771 4347 894 4404 errrissae
922 4343 1039 4420 pluviae
1056 4345 1265 4420 tempestivae,
1288 4342 1400 4401 solibus
1424 4348 1521 4406 tamen
1544 4341 1643 4398 inter-

287 4434 483 4508 currentibus,
513 4434 782 4512 suppeditarentur,
817 4432 980 4508 superficiei
1003 4429 1109 4490 Terrae
1136 4429 1342 4489 refocillandae
1365 4426 1642 4502 humectandaeqne

287 4534 386 4593 causa
409 4520 486 4580 unde
508 4522 605 4598 fruges
629 4529 658 4579 et
679 4520 791 4597 pabula
813 4520 1011 4579 animantibus
1033 4534 1213 4576 succrescere
1235 4524 1365 4593 possent.
1597 4511 1603 4518 ’

373 4605 508 4683 Objieere
532 4611 598 4685 quis
619 4609 689 4668 mihi
713 4616 814 4686 posset
837 4608 953 4666 Africae
975 4615 1004 4664 et
1025 4604 1177 4663 Pernanae
1200 4606 1391 4680 penitissima,
1412 4602 1508 4660 lineae
1531 4602 1644 4675 aequi·

286 4694 405 4754 noetiali
427 4697 569 4771 subjecta,
594 4696 701 4772 quibus
723 4696 798 4755 locis
814 4698 968 4754 continnae
989 4692 1108 4769 pluviae
1131 4709 1183 4767 per
1202 4700 1295 4750 totam
1317 4699 1457 4750 amintam
1479 4686 1644 4762 decidunt3

286 4781 337 4840 ubl
361 4783 448 4858 igitur
469 4784 517 4842 lrie
540 4783 687 4842 distinctio
715 4789 888 4859 aspectuum
918 4778 1234 4854 aconflgnrationibus
1262 4775 1483 4837 inefficacibus?
1514 4776 1567 4834 ubi
1591 4777 1644 4833 vi-

287 4867 471 4931 cissitudines
498 4869 607 4936 aelium
629 4876 659 4930 et
681 4867 841 4930 imbrium?
871 4875 901 4929 et
931 4885 969 4928 au
997 4883 1055 4928 non
1083 4883 1185 4928 cumas
1218 4867 1313 4941 Solis,
1341 4864 1479 4943 planetae
1501 4863 1644 4940 solitarii,
